1863 3221
248 123 328 163 110

847 126 1011 158 LIBER
1041 129 1062 158 Ι.
1086 125 1150 165 25,
1175 125 1227 158 60.

246 210 469 251 Simonides
513 207 632 247 fuisse
675 206 851 255 dicatur3
893 211 1034 258 quanta
1077 204 1352 256 Theodectes,
1395 214 1536 260 quauta
1579 207 1634 256 is,
1680 209 1740 261 qui
1780 223 1800 248 a

243 283 395 338 Pyrrho
413 282 562 334 legatus
581 279 627 318 ad
644 285 821 319 senatum
841 285 901 318 est
918 278 1075 328 missus,
1112 276 1275 328 Cineas,
1309 286 1449 332 quauta
1467 293 1589 334 nuper
1613 278 1800 321 Charma-

243 358 335 406 das3
383 359 548 407 quauta,
591 351 657 405 qui
688 351 801 391 modo
829 351 917 402 fuit,
959 349 1146 406 Scepsius
1175 349 1451 404 Metrodorus3
1497 359 1637 406 quanta
1668 360 1802 393 noster

241 426 501 468 Hortensius:
535 425 581 465 de
606 424 799 464 communi
825 424 1019 464 hominum
1050 424 1234 464 momoria
1259 425 1418 477 loquor,
1459 433 1651 466 eteorum
1676 427 1801 465 maxi-

241 514 326 551 me,
367 499 429 553 qui
464 498 503 538 in
533 498 660 551 aliquo
686 497 832 537 maiore
860 498 986 537 studio
1011 505 1050 537 et
1079 504 1162 537 arte
1190 504 1419 549 versantur-3
1462 512 1624 552 quorum
1653 505 1794 552 quauta

241 587 351 614 niens
383 574 454 621 sit,
490 571 639 611 difficile
672 578 733 610 est
761 571 1011 622 existimare3

1044 570 1097 610 ita
1127 571 1246 610 multa
1278 570 1549 611 meminerunt.

351 644 493 686 XXV.
535 650 604 685 60.
639 642 818 696 Quorsus
839 646 853 669 ¹
885 643 1004 696 igitur
1030 643 1124 683 haec
1155 650 1304 697 spectat
1333 643 1487 684 oratio?
1518 642 1630 696 Quae
1662 644 1711 683 sit
1735 644 1799 683 illa

239 720 299 761 vis
327 726 367 760 et
391 719 493 759 uude
518 717 591 768 sit,
625 717 915 771 intelligendum
939 723 1043 770 puto.

1105 715 1198 756 Non
1227 723 1288 756 est
1312 723 1417 757 certe
1442 730 1513 756 neo
1536 717 1689 766 cordis,
1724 730 1796 756 uec

239 792 412 841 cerebri,
448 805 520 831 nec
544 790 767 844 sanguinis,
803 803 874 829 nec
896 796 1110 829 atomorum
1129 807 1137 839 ς
1173 789 1295 828 anima
1317 790 1366 829 sit
1386 790 1538 843 ignisve
1559 793 1568 815 ¹
1590 821 1600 839 ,
1635 790 1792 840 nesoi03

240 880 312 906 nec
338 879 396 905 me
422 865 553 919 pudet,
589 870 629 903 ut
656 863 774 913 istos,
812 862 922 902 fateri
951 862 1129 912 nescire,
1164 863 1263 915 quod
1289 863 1482 914 neseiam3
1517 863 1623 914 illud,
1658 863 1690 902 si
1721 863 1797 903 ulla

239 939 315 979 alia
340 939 385 978 de
412 951 454 978 re
486 937 650 978 obscura
676 937 867 976 affirmare
889 949 1068 990 possein,
1103 934 1186 976 sive
1212 935 1362 985 anima,
1405 934 1488 976 sive
1515 935 1616 989 ignis
1641 936 1692 976 sit
1714 935 1796 975 ani-

328 1057 439 1088 XXV.
491 1055 507 1087 1
534 1067 564 1086 v.
589 1055 675 1087 Adn.

236 1139 367 1167 naturae
391 1139 560 1176 comparat
581 1133 613 1164 in
638 1132 721 1164 Add.
746 1133 790 1174 (p.
808 1131 876 1173 31.)
904 1144 931 1163 c.
945 1129 998 1170 29,

236 1178 310 1218 70.‚
346 1185 380 1210 et
405 1178 446 1210 de
471 1177 666 1209 consociatis
691 1177 797 1208 veibis
820 1180 867 1208 vis
887 1184 920 1208 et
942 1187 999 1208 na-

235 1228 307 1256 tura
338 1223 435 1255 affert
457 1226 604 1255 Davisius
624 1234 722 1265 supra
747 1234 773 1254 c.
790 1221 853 1260 23,
880 1221 933 1252 54.
958 1221 999 1252 de

237 1271 291 1300 Or.
315 1271 346 1308 Ι,
371 1267 425 1300 38.
460 1268 531 1299 Fin.
554 1270 584 1306 Ι,
614 1264 662 1298 16.
703 1267 871 1309 Scriptura
890 1271 999 1298 natam

236 1320 308 1346 orta
334 1320 383 1345 est
407 1325 424 1344 e
449 1312 646 1355 compendio
668 1311 820 1343 vocabuli
841 1315 999 1343 naturam.

304 1358 494 1400 Simonides]
530 1365 635 1389 artem
665 1356 842 1388 memoriae
875 1356 998 1397 primns

235 1403 411 1434 tradidisse
430 1402 561 1433 dicitur.
592 1402 642 1433 Cf.
663 1400 819 1440 Quinctil.
840 1403 919 1431 lnst.
942 1402 996 1431 Or.

236 1450 298 1479 XI.
320 1447 351 1483 2,
380 1446 431 1478 11.
456 1446 566 1488 ibique
590 1448 755 1486 Spalding.
782 1445 863 1476 Plin.
890 1445 930 1476 H.
953 1445 995 1475 N.

235 1494 309 1533 VII,
335 1490 389 1524 24.
426 1491 549 1523 Aelian.
572 1492 610 1522 V.
635 1492 675 1521 H.
700 1492 754 1527 VI,
782 1490 831 1521 10.
869 1489 933 1520 Cic.
957 1489 997 1519 de

235 1537 343 1569 Divin.
368 1538 392 1575 1,
417 1534 470 1567 27.
518 1536 559 1567 de
581 1538 670 1566 Orat.
692 1536 732 1567 H.
756 1533 811 1573 74,
831 1532 915 1565 299:
944 1533 997 1564 ubi

234 1582 326 1625 plura
351 1580 577 1623 suppeditavit
601 1582 711 1612 Muller
734 1591 766 1622 p.
783 1578 860 1611 365.

303 1626 494 1668 Theodectes]
512 1625 667 1665 Quinctil.
682 1624 702 1656 l.
715 1624 746 1656 d.
762 1626 789 1666 {⁸-
803 1623 842 1654 51
857 1636 863 1652 e
887 1623 997 1662 „Quin

234 1671 335 1704 semel
365 1670 494 1702 auditos
527 1670 708 1713 quamlibet
739 1669 860 1699 multos
886 1679 996 1700 versus

233 1716 382 1759 protinus
405 1715 525 1746 dicitur
545 1714 728 1746 reddidisse
743 1713 952 1746 Theodectes
965 1717 996 1743 :“

233 1773 329 1804 quem
354 1759 530 1791 memoriae
554 1765 658 1790 artem
682 1758 844 1796 tenuisse,
881 1764 997 1789 auctor

233 1813 283 1837 est
317 1805 442 1837 Aelian.
473 1806 513 1836 V.
540 1805 580 1836 H.
605 1805 666 1841 Vl,
697 1802 746 1834 10.
807 1803 850 1834 Cf
891 1802 994 1834 Indic.

232 1851 309 1882 hist.
325 1869 366 1873 ——
395 1852 514 1882 Cineas.
536 1851 650 1880 Senec.
670 1848 829 1879 Coutrov.
846 1849 996 1879 Prooem.

233 1896 375 1934 „Cineas
400 1914 452 1933 —‚
479 1894 593 1925 missus
615 1906 632 1924 a
655 1893 781 1935 Pyrrho
805 1892 931 1934 legatus
954 1892 996 1922 ad

233 1942 418 1978 Romanos,
456 1946 591 1981 postero
625 1938 679 1969 die
710 1949 814 1968 novus
838 1937 938 1969 homo
963 1943 996 1968 et

231 1992 381 2017 senatum
406 1990 439 2015 et
464 1995 594 2015 omnem
627 1983 783 2014 urbanam
815 1982 995 2013 circumfu-

234 2041 303 2061 sam
336 2029 467 2071 plebem
499 2027 684 2059 nominibus
713 2026 777 2057 suis
809 2027 993 2068 persaluta-

232 2074 314 2105 vit.“
363 2073 414 2105 Cf.
438 2073 519 2104 Plin.
541 2073 582 2103 H.
605 2073 645 2102 N.
671 2073 750 2107 VH,
775 2070 828 2102 ⁴24.
855 2090 896 2094 —
946 2073 994 2102 De

234 2119 437 2155 Charmada,
472 2119 596 2156 Scepsio
629 2117 801 2147 Metrodoro
835 2127 865 2145 v.
893 2116 928 2146 C.
953 2116 994 2146 de

232 2164 288 2194 Or.
314 2164 352 2195 11.
374 2160 430 2201 88,
448 2158 524 2192 360.
565 2159 720 2197 Quinctil.
741 2160 803 2190 Xl.
827 2157 859 2196 2,
879 2157 934 2190 26.
961 2167 994 2191 et

231 2208 276 2238 Χ.
300 2204 332 2245 6,
355 2204 389 2237 4.
424 2205 506 2236 Plin.
530 2205 569 2236 H.
595 2204 635 2234 N.
659 2205 728 2243 Vll,
754 2201 807 2235 24.
859 2204 909 2235 Cf.
935 2206 993 2235 In—

232 2252 295 2283 dic.
321 2251 437 2283 histor.
489 2250 536 2280 De
567 2251 610 2289 is,
634 2251 687 2289 qui
717 2261 747 2280 v.
774 2247 816 2279 ad
842 2260 868 2280 0.
886 2247 927 2287 3,
953 2248 993 2279 5:

229 2306 298 2328 eum
323 2315 363 2319 —
394 2297 549 2326 catonem.

298 2338 491 2381 Hortensius]
521 2340 607 2369 Brut.
629 2336 690 2375 88,
714 2337 799 2370 301;
828 2338 991 2379 (Horten-

231 2386 308 2426 sius)
336 2383 493 2416 memoria
518 2389 630 2420 tanta,
663 2389 817 2425 quantam
842 2381 874 2412 in
900 2381 991 2412 nullo

231 2430 425 2471 cognovisse
448 2440 500 2459 me
521 2427 672 2465 arbitror,
698 2433 751 2465 ut,
777 2437 859 2469 quae
881 2437 991 2457 secum

232 2479 468 2505 commentatus
492 2479 588 2509 esset,
615 2483 652 2503 ea
676 2471 745 2502 sine
768 2471 891 2513 scripto
914 2482 991 2502 ver—

232 2518 281 2548 bis
307 2517 430 2548 eisdem
462 2517 634 2553 redderet,
670 2516 785 2558 quibus
814 2515 990 2558 cogitavis-

231 2568 291 2594 set.
340 2561 414 2591 Hoc
437 2560 625 2591 adiumento
649 2560 704 2591 ille
727 2567 822 2592 tanto
849 2561 896 2591 sic
918 2567 992 2591 ute-

231 2606 346 2642 batur,
381 2611 417 2634 ut
438 2615 495 2634 sua
516 2611 549 2634 et
571 2611 790 2636 commentata
814 2611 847 2636 et
870 2604 993 2647 scripta

232 2657 283 2688 et,
318 2649 409 2680 nullo
433 2648 617 2685 referente,
654 2649 763 2680 omnia
784 2649 993 2680 adversario-

230 2705 302 2726 rum
326 2693 415 2724 dicta
440 2691 649 2723 meminisset.
686 2693 737 2724 Cf.
761 2695 876 2725 Senec.
902 2694 993 2724 Con-

229 2746 316 2770 trov.
355 2738 505 2769 Prooem.
541 2736 678 2774 Quintil.
714 2738 758 2767 X.
787 2736 828 2775 6,
853 2736 884 2769 4.
931 2739 992 2769 XI.

228 2783 269 2823 2,
294 2780 347 2814 24.

311 2827 387 2858 (ῙΛΡ.
410 2826 522 2856 XXV.
559 2824 587 2859 G.
615 2821 669 2855 60.
720 2826 868 2867 Quorsus]
908 2825 994 2864 Quid

231 2873 348 2903 Cicero
388 2870 428 2901 de
470 2869 652 2900 animorum
692 2874 807 2898 nutura
844 2870 992 2905 senserit,

231 2913 440 2958 exposuimus
475 2914 507 2944 in
542 2913 626 2944 libro
655 2912 687 2944 d.
711 2913 748 2943 de
776 2914 837 2943 Cic.
862 2915 895 2944 in
917 2915 993 2952 phil.

229 2963 327 2993 merit.
354 2971 385 3002 p.
402 2955 607 2991 210-214,
653 2958 717 2988 Pro
742 2955 827 2997 vulg.
848 2966 994 2996 quorsum

1035 1139 1126 1164 recte
1149 1135 1201 1164 Or.
1227 1144 1253 1165 c.
1281 1134 1316 1164 R.
1341 1132 1426 1164 Gud.
1449 1132 1476 1164 1.
1498 1132 1529 1164 b.
1551 1132 1686 1176 aliisque
1707 1134 1795 1165 mul-

1034 1178 1075 1209 tis
1102 1177 1204 1209 edidit
1229 1188 1378 1218 quorsus:
1413 1189 1495 1221 quae
1527 1179 1632 1209 forma
1657 1191 1674 1210 a
1699 1179 1794 1210 Cice-

1035 1235 1116 1255 rone
1151 1224 1358 1264 prael'ertur,
1396 1235 1425 1253 v.
1462 1224 1623 1255 Gernhard
1657 1223 1699 1254 ad
1729 1223 1794 1255 Off.

1034 1270 1091 1299 Ill.
1120 1267 1170 1300 17.
1202 1280 1250 1310 pr.
1279 1274 1311 1298 et
1344 1267 1386 1298 ad
1414 1268 1483 1298 Cat.
1510 1269 1555 1299 M.
1578 1269 1656 1300 ΧΠ.
1689 1280 1720 1311 p.
1739 1266 1792 1300 76.

1033 1315 1129 1344 Beier.
1155 1313 1196 1344 ad
1221 1312 1283 1343 Off.
1310 1314 1364 1344 111.
1391 1310 1439 1345 16.
1470 1324 1502 1354 p.
1519 1310 1597 1344 306.
1630 1320 1664 1344 et
1688 1314 1794 1356 intpp.

1033 1357 1075 1388 ad
1100 1358 1201 1399 Legg.
1226 1358 1250 1389 l.
1272 1356 1325 1389 24.
1362 1369 1394 1399 p.
1421 1357 1494 1388 150.
1521 1357 1572 1389 Cr.
1629 1358 1692 1389 Sed
1728 1370 1795 1389 non

1033 1408 1081 1433 est
1107 1402 1299 1443 corrigenda
1325 1402 1432 1433 forma
1452 1411 1619 1441 quorsum,
1645 1414 1676 1434 v.
1704 1403 1795 1434 Mad-

1031 1449 1093 1487 vi9.
1129 1447 1170 1477 ad
1203 1446 1273 1478 Fin.
1297 1448 1319 1477 I.
1346 1444 1386 1484 6,
1415 1444 1465 1479 19.
1491 1458 1523 1488 p.
1545 1444 1600 1478 41.
1650 1450 1793 1478 Goerenz.

1033 1492 1073 1522 ad
1106 1493 1157 1522 lV.
1187 1489 1237 1531 17,
1262 1488 1315 1522 46.
1349 1502 1381 1533 p.
1401 1488 1468 1522 478
1484 1502 1532 1533 sq.
1588 1493 1727 1531 Seyffert.
1752 1491 1794 1522 ad

1034 1536 1124 1567 Lael.
1153 1534 1210 1574 12,
1236 1535 1289 1567 42.
1324 1547 1355 1577 p.
1379 1533 1456 1566 281.
1516 1535 1570 1566 Sic
1601 1546 1727 1567 rursum
1760 1542 1794 1567 et

1032 1591 1141 1612 rursus
1169 1591 1220 1622 up.
1248 1580 1440 1611 Ciceronem
1472 1580 1642 1622 leguntur,
1679 1593 1708 1612 v.
1733 1592 1793 1612 ex-

1034 1625 1140 1668 empla
1166 1626 1207 1656 ad
1232 1626 1256 1658 I.
1282 1623 1331 1663 17,
1353 1622 1408 1656 -10,

1099 1680 1177 1710 quae
1201 1673 1239 1701 sit
1262 1672 1317 1701 illa
1337 1671 1398 1711 vis]
1426 1680 1513 1708 „non
1535 1670 1712 1702 memoriae
1733 1682 1792 1702 so—

1030 1714 1120 1753 lum,
1162 1715 1220 1745 sed
1257 1715 1357 1745 totius
1393 1715 1512 1745 mentis
1546 1721 1645 1757 atque
1679 1715 1790 1746 animi.

1031 1761 1116 1791 Nam
1133 1760 1239 1790 oratio
1256 1771 1272 1789 a
1291 1765 1383 1800 parte
1399 1759 1439 1789 ad
1455 1766 1562 1790 totum
1583 1759 1791 1791 descendit.“

1031 1807 1148 1837 Nissen.
1167 1824 1209 1827 —
1225 1805 1454 1843 inlelliyendum
1474 1808 1550 1843 pulo
1573 1804 1643 1835 scil.
1669 1816 1708 1835 ex
1730 1805 1792 1836 huc

1031 1849 1190 1881 oratione.
1238 1847 1459 1890 Supersedere
1489 1848 1587 1889 igitur
1620 1860 1791 1890 possumus

1032 1894 1219 1925 coniectura
1235 1895 1367 1924 Klotzii:
1392 1896 1418 1923 et
1433 1895 1514 1924 unde
1529 1896 1578 1932 sit,
1602 1896 1645 1925 sic
1662 1896 1716 1925 int.
1734 1904 1789 1933 p.,·

1031 1950 1136 1982 neque
1159 1938 1287 1981 placet,
1325 1937 1414 1980 quod
1435 1939 1490 1970 W.
1512 1939 1598 1968 Mos.
1621 1939 1679 1969 Tr.
1704 1950 1732 1969 c.
1755 1939 1788 1969 b.

1031 1990 1063 2015 et
1096 1983 1147 2015 ed.
1170 1990 1236 2014 vet.
1263 1984 1303 2015 H.
1333 1981 1515 2013 dederunt:
1552 1986 1578 2013 et
1609 1984 1711 2022 uncle,
1745 1985 1789 2015 sic

1028 2031 1082 2060 int.
1102 2039 1134 2068 p.
1182 2029 1255 2059 Hoc
1277 2030 1321 2059 sic
1344 2026 1422 2058 milii
1444 2026 1621 2058 admodum
1646 2027 1789 2059 ieiunum

1030 2073 1170 2104 videtur.
1218 2073 1325 2103 Etiam
1355 2073 1489 2104 Wesenb.
1517 2073 1587 2103 Em.
1613 2073 1652 2103 11.
1679 2083 1711 2115 p.
1738 2071 1788 2104 17.

1029 2128 1133 2159 nuper
1155 2117 1268 2148 reiecit
1294 2117 1379 2148 hanc
1409 2116 1622 2159 scripturam,
1657 2116 1699 2147 de
1724 2116 1789 2147 du-

1028 2161 1105 2203 plici
1139 2165 1177 2192 sil
1211 2172 1318 2202 comp.
1343 2160 1413 2192 Fin.
1437 2162 1476 2191 ΙΙ.
1504 2159 1577 2201 §.Z
1613 2162 1666 2192 IV.
1690 2159 1788 2203 §.2st

1029 2212 1062 2236 et
1083 2203 1138 2236 69.
1172 2206 1209 2236 V.
1236 2205 1264 2246 ςῖ.
1282 2204 1335 2236 54.
1387 2204 1429 2235 N.
1457 2206 1494 2235 D.
1520 2205 1574 2235 111.
1601 2203 1696 2246 §.17.

1095 2252 1203 2281 anima
1217 2251 1255 2280 sit
1265 2248 1396 2292 iynisve]
1425 2248 1586 2279 Revocavi
1601 2249 1686 2280 hanc
1704 2249 1786 2280 scri-

1027 2300 1167 2336 pturam,
1193 2305 1288 2336 quam
1310 2305 1421 2325 omnes
1442 2293 1511 2323 fere
1533 2292 1627 2324 codd.
1646 2293 1787 2333 habent3

1028 2338 1102 2369 edd.
1137 2345 1216 2369 vett.
1252 2339 1406 2369 exhibent
1445 2340 1552 2369 anima
1588 2340 1627 2369 sit
1664 2340 1789 2370 animus

1027 2386 1163 2423 iynisve3
1196 2385 1248 2414 Or.
1283 2394 1309 2414 c.
1333 2383 1370 2413 L.
1398 2389 1430 2413 et
1454 2383 1509 2414 W.
1542 2381 1646 2413 edidit
1678 2385 1787 2414 anima

1026 2430 1064 2459 sit
1086 2430 1222 2467 ignisne,
1257 2427 1303 2458 uti
1334 2427 1431 2458 etiam
1455 2426 1487 2457 in
1514 2425 1599 2457 Gud.
1620 2425 1652 2457 2.
1679 2427 1786 2458 Marb.

1028 2472 1132 2503 Rehd.
1168 2472 1296 2514 legitur.
1354 2471 1557 2513 Scripturam
1598 2474 1707 2502 anima
1749 2473 1789 2502 sit

1026 2519 1144 2556 ignisne
1168 2528 1233 2547 non
1256 2523 1344 2547 recte
1365 2527 1436 2546 sese
1459 2515 1590 2554 habere,
1615 2515 1788 2558 apparebit

1028 2572 1066 2591 ex
1089 2561 1145 2599 eis,
1172 2572 1254 2602 quae
1276 2561 1317 2591 de
1340 2561 1402 2591 hac
1424 2559 1690 2601 interrogationis
1712 2559 1787 2591 for-

1028 2616 1079 2635 ma
1110 2605 1143 2636 in
1175 2607 1231 2636 Gr.
1257 2606 1328 2635 Lat.
1350 2601 1470 2648 §.158
1496 2604 1576 2635 Not.
1596 2603 1647 2635 15.
1680 2615 1787 2646 expo-

1027 2649 1158 2681 suimus.
1208 2651 1330 2681 Contra
1361 2647 1528 2689 aptissime
1558 2647 1677 2678 dicitur
1708 2647 1740 2678 h.
1762 2648 1784 2680 l.

1030 2696 1138 2726 anima
1165 2697 1204 2726 sit
1226 2695 1380 2734 iynisve:
1413 2702 1494 2733 quae
1518 2691 1616 2723 verba
1648 2691 1787 2722 eandem

1030 2738 1128 2780 plane
1150 2738 1215 2769 vim
1238 2737 1381 2774 habent,
1416 2747 1511 2777 quam
1533 2735 1699 2777 sequentia
1723 2737 1784 2767 sive

1029 2785 1155 2822 anima,
1178 2785 1241 2813 sive
1261 2783 1342 2821 ignis
1362 2782 1401 2811 sit
1422 2782 1555 2811 animus.

1095 2831 1128 2857 ut
1151 2827 1238 2867 istos]
1276 2824 1351 2855 Scil.
1375 2823 1498 2866 pudet,
1533 2823 1605 2866 qui,
1641 2823 1719 2865 quid
1743 2823 1787 2854 sit

1029 2871 1175 2907 animus,
1200 2867 1383 2909 intelligere
1406 2879 1440 2898 se
1464 2867 1586 2899 dicunt.
1634 2867 1684 2899 Ad
1709 2880 1785 2899 ver-

1029 2915 1106 2945 bum
1125 2916 1239 2946 nescire
1264 2912 1380 2954 supple
1402 2922 1459 2943 me.
1505 2912 1702 2943 pronomina
1726 2922 1784 2951 me,

1028 2962 1066 2997 te,
1089 2969 1131 2998 se,
1151 2968 1231 2997 eum,
1252 2967 1312 2996 eos,
1336 2967 1434 2999 quum
1458 2968 1522 2987 non
1544 2968 1660 2999 magua
1681 2967 1784 2999 quae-
