1832 3137
672 61 1066 101 Lisseuveutsez.
1564 55 1647 97 4:35

86 147 230 181 sertum
262 137 366 178 illum
393 137 638 179 Carneadem
674 147 810 180 curent
838 141 1065 180 defendere.
1126 140 1257 181 Nemo
1294 149 1352 182 est
1384 142 1509 192 enim,
1552 145 1640 196 quin

85 211 370 252 *verorum*4
395 211 584 251 bonorum
611 211 777 252 animum
800 219 906 266 putet
930 227 1017 271 csse
1038 213 1200 269 iudicem
1226 227 1390 268 eumque
1409 216 1641 272 condoccl'a—
1678 219 1684 232 ⁸

86 284 176 335 ciat,
198 290 240 324 ut
256 297 318 334 ea,
340 297 438 338 quae
460 284 557 323 bona
578 285 729 325 malave
749 285 968 331 videantur,
995 286 1117 339 possit
1135 293 1401 327 contemnere.
1448 272 1516 328 88⁷.
1538 287 1639 328 Nam
1680 293 1682 295 ’

85 359 213 410 quae·⁵
239 356 303 396 tibi
327 355 486 410 Epicuri
504 357 671 408 videtur,
707 358 842 398 eadem
861 358 936 396 erit
957 357 1185 413 Hieronymi
1206 367 1245 399 et
1262 357 1478 400 Carneadis
1501 374 1637 401 caussa

84 436 125 470 et
144 429 332 470 hercule⁶
360 430 529 469 omnium
559 430 811 484 reliquorum.
875 428 974 482 Quis
997 431 1097 470 enim
1125 446 1258 485 parum
1283 439 1342 472 est
1369 440 1503 473 contra
1537 448 1639 474 mor-

85 509 161 542 tem
182 509 245 543 aut
270 502 442 542 dolorem
465 504 650 557 paratus?
693 500 904 544 Ordiamur
925 502 972 541 ab
997 517 1067 552 ρο,
1101 504 1133 543 si
1158 504 1298 558 placet,
1332 519 1442 558 quem
1466 507 1636 558 mollem,

748 573 878 628 Quid?
906 574 939 614 is
962 575 1025 614 tibi
1053 583 1266 617 mortemne
1291 578 1466 628 videtur,
1499 593 1547 618 an
1573 580 1640 619 do—

83 647 204 688 lorem
226 648 391 687 timere?
421 647 484 701 qui
503 661 587 688 eum
610 648 733 698 diem,
767 661 842 701 quo
865 647 1043 698 moritur,
1077 648 1229 688 beatum
1252 650 1419 703 appellat
1439 652 1637 692 maximis-

84 588 194 628 quem
219 575 476 629 voluptarium
508 575 684 615 dicimus.

82 733 156 773 que
184 720 382 760 doloribus
407 720 568 760 affectus
592 734 660 760 eos
694 720 800 774 ipsos
831 719 1080 760 inventorum
1110 734 1268 761 suorum
1298 723 1485 763 memoria
1515 730 1553 763 et
1577 738 1639 764 re-

81 793 308 832 cordatione
341 794 544 834 οοιιΐιιιειι7
572 806 645 833 nec
675 793 804 832 haec⁸
832 792 888 832 sic
912 792 1014 846 agit,
1060 799 1100 832 ut
1127 805 1180 832 ex
1210 800 1383 848 tempore
1409 795 1518 847 quasi
1543 796 1638 835 effu—

82 865 154 905 tire
182 865 375 906 videatur.
437 864 498 906 De
533 873 658 906 morte
684 865 786 906 enim
812 865 896 905 ita⁹
925 866 1068 915 sentit,
1106 873 1170 916 ut,
1212 866 1400 906 dissoluto
1423 866 1635 917 animante,

80 951 237 979 sensum
279 939 514 979 exstinctum
540 946 668 993 putet,
702 938 802 992 quod
830 945 958 978 autem
986 952 1103 978 seusu
1130 945 1286 989 careat,
1322 939 1411 979 nihil
1439 940 1484 979 ad
1510 954 1580 980 nos
1603 942 1636 980 id

172 1044 193 1076 5
217 1043 271 1075 Sic
292 1046 345 1075 Or.
372 1056 398 1076 c.
422 1050 524 1087 quatt.
547 1047 626 1076 Oxx.
651 1045 742 1076 Mon.
765 1043 796 1075 2.
822 1042 961 1076 Vind.2.
983 1043 1119 1087 aliisque
1143 1044 1253 1086 paucis
1281 1051 1314 1076 et
1335 1045 1484 1076 omnibus
1505 1052 1637 1088 praeter

81 1090 116 1121 P.
134 1088 208 1120 edd.
231 1096 331 1126 vett.;
358 1089 505 1132 plerique
528 1089 624 1121 codd.
648 1096 681 1120 et
706 1088 841 1131 optimi,
867 1096 901 1119 ut
924 1090 997 1121 Vat.
1022 1089 1059 1120 R.
1081 1091 1114 1120 P.
1138 1088 1224 1120 Gud.
1244 1089 1271 1122 1.
1300 1090 1361 1128 11.‚
1384 1092 1486 1130 quod:
1519 1090 1553 1121 id
1579 1102 1634 1122 re-

81 1134 214 1166 vocavit
236 1134 300 1171 Kl„
326 1134 407 1165 mire
430 1134 652 1176 interpretans
673 1133 738 1165 sic:
768 1136 854 1165 Denn
872 1143 940 1165 was
958 1136 1046 1166 deine
1065 1135 1189 1165 Ansicht
1211 1143 1240 1165 υ.
1260 1136 1317 1173 Ep.
1340 1137 1388 1166 ist.
1436 1134 1525 1166 ldem
1551 1147 1636 1167 nunc

80 1178 112 1210 in
128 1177 214 1210 Add.
238 1191 269 1221 p.
283 1178 359 1210 202.
385 1179 571 1221 corruptela
592 1179 679 1210 hunc
699 1178 807 1210 locum
833 1178 983 1209 laborare
1004 1178 1196 1220 suspicatur.
1245 1180 1363 1210 Keilins
1383 1179 1415 1209 in
1429 1180 1480 1210 Pr.
1494 1179 1525 1211 d.
1548 1180 1634 1223 p.X.

77 1225 160 1263 quod
182 1234 243 1265 pro
265 1223 497 1254 coniunctione
522 1223 632 1254 habet.
679 1220 700 1254 6
725 1223 779 1254 Sic
802 1225 855 1254 Or.
878 1235 903 1254 c.
918 1223 954 1254 R.
980 1222 1065 1256 Gud.
1084 1222 1111 1256 1.
1131 1224 1171 1254 ΙΙ.
1199 1222 1333 1265 aliisque
1354 1223 1450 1254 codd.
1472 1235 1533 1266 pro
1548 1224 1634 1267 vulg.

78 1270 187 1300 hercle.
220 1267 240 1300 7
263 1280 294 1299 ν.
309 1267 393 1300 Adn.
428 1268 450 1299 ὅ
473 1270 535 1299 Sex
549 1270 628 1300 Oxx.
650 1268 735 1299 Gud.
749 1267 780 1300 2.
804 1269 894 1299 Mon.
912 1269 938 1299 1.
954 1266 983 1299 2.
994 1274 1026 1298 et
1040 1267 1215 1310 pleraeque
1238 1267 1313 1299 edd.
1327 1274 1404 1299 vett.
1418 1270 1483 1301 hoc.
1537 1267 1559 1300 9
1583 1269 1636 1300 Sic

79 1314 134 1344 Or.
155 1325 182 1344 c.
209 1313 294 1344 Gud.
309 1313 340 1344 2.
366 1312 462 1343 Vind.
480 1313 507 1344 1.
529 1312 560 1345 2.
585 1324 649 1344 uno
672 1312 765 1344 Leid.
790 1319 822 1343 et
845 1312 954 1343 multis
974 1312 1049 1343 edd.
1071 1319 1174 1347 vett.;
1200 1312 1318 1355 reliqui
1341 1313 1436 1344 codd.
1463 1320 1495 1344 et
1519 1313 1635 1356 optimi

78 1358 154 1389 Vat.
175 1357 214 1389 R.
240 1359 274 1389 P.
299 1357 384 1388 Gud.
401 1357 428 1388 1.
449 1358 488 1389 ΙΙ.
513 1360 591 1389 ista:
617 1356 706 1400 quod
729 1357 897 1389 revocavit
918 1357 1049 1400 quidem
1071 1356 1137 1394 Kl„
1162 1356 1221 1387 sed
1242 1368 1328 1388 nune
1349 1357 1382 1388 in
1408 1358 1492 1389 Add.
1518 1358 1634 1390 reiicit.

76 1423 164 1462 bata,
186 1423 308 1455 edidit:
334 1434 421 1455 nemo
436 1429 478 1456 est
492 1426 573 1455 enim
590 1433 741 1463 eorum,
764 1426 839 1463 quin

76 1471 224 1501 bonorum
237 1479 290 1509 α.;
315 1470 373 1501 Tr.
386 1480 416 1500 n.
433 1473 475 1500 est
488 1471 580 1507 enim,
603 1471 677 1508 quin
701 1468 836 1511 [eorum]

78 1515 107 1544 b.
132 1524 184 1553 a.‚·
209 1513 265 1545 Kl.
286 1525 318 1546 n.
340 1517 383 1545 est
402 1516 500 1553 enim,
523 1516 595 1553 quin
617 1523 723 1544 eorum
746 1516 773 1544 b.
797 1523 839 1552 a.,

76 1557 123 1589 sic
143 1558 380 1601 interpretans:
408 1560 487 1589 denn
509 1568 540 1589 es
559 1560 622 1597 yibt
637 1559 839 1595 Niemanden,

76 1604 131 1634 der
151 1613 211 1635 von
233 1605 322 1634 ihnen
344 1605 426 1634 nicht
458 1614 486 1633 ιι.
500 1615 524 1633 s.
540 1614 576 1633 w.
606 1612 682 1644 pro:
725 1613 754 1634 es
777 1605 839 1642 gibt

75 1649 174 1679 Niem.
194 1658 254 1679 von
277 1649 384 1686 ihnen,
417 1649 472 1679 der
495 1648 577 1678 nicht
599 1658 627 1677 u.
642 1658 668 1678 s.
685 1658 740 1677 uu:
777 1658 839 1688 qua

74 1692 348 1735 interpretatione.
372 1691 451 1722 nihil
477 1691 656 1734 proficitur.
708 1692 834 1722 Prono-

76 1748 151 1768 men
182 1747 286 1768 eorum
319 1743 395 1778 post
419 1749 448 1768 v.
477 1747 564 1768 nemo
589 1741 631 1768 est
659 1740 740 1768 enim
774 1747 837 1767 nou

75 1781 254 1813 admodum
275 1780 499 1818 desideratur,
525 1793 622 1823 quum
645 1794 703 1824 per
722 1792 756 1811 se
777 1792 839 1822 pa-

76 1832 155 1864 teat,
181 1838 247 1858 non
270 1826 423 1863 omniurn,
448 1826 506 1857 sed
522 1837 645 1860 eorum.
672 1825 726 1868 qui
746 1837 837 1856 com-

75 1871 250 1903 memorati
269 1878 344 1902 sunt
369 1874 590 1913 (νεῑῐῳιονιιτηῐ
622 1874 767 1910 Epicuri,
802 1873 838 1902 11.

76 1921 103 1948 et
125 1918 151 1947 si
172 1919 224 1956 qui
245 1935 284 1939 —
306 1920 409 1948 curent
433 1917 528 1955 defi),
552 1916 716 1947 nemiuem
740 1914 839 1946 fuisse

78 1960 162 1997 dici,
188 1960 264 2002 quin
290 1960 335 1991 ita
359 1960 506 1991 sentiret.

145 2005 389 2047 condocefaciat]
416 2005 612 2047 Exquisitius
633 2005 756 2036 dictum
778 2015 839 2048 pro

77 2049 219 2092 vulgari:
245 2049 387 2081 animum
412 2050 574 2082 instituat.

148 2096 244 2138 §.ffl-
269 2097 494 2135 voluptarium]
522 2095 576 2126 Sic
596 2095 693 2126 etiam
712 2094 783 2126 Fin.
801 2095 839 2126 V.

76 2140 140 2179 25,
166 2136 218 2172 74.
267 2139 444 2181 Epicureos
468 2142 660 2179 voluptarios
683 2139 840 2182 appellat.

145 2185 255 2224 Quid?
290 2187 316 2215 is
339 2187 393 2216 tibi
417 2189 583 2216 mortemne
607 2186 685 2225 etc]
721 2186 841 2223 „Quae

76 2235 265 2272 sequuntur,
291 2230 460 2271 pertinent
484 2229 526 2260 ad
551 2241 622 2261 eam
644 2229 774 2271 Epicuri
799 2228 841 2259 ad

77 2273 315 2305 Hermarchum
349 2274 543 2315 epistolam,
581 2285 678 2317 quam
711 2273 843 2316 scripsit

77 2325 225 2349 extremo
247 2318 335 2349 vitae
352 2318 415 2354 die,
439 2330 599 2360 quumque
621 2319 738 2350 Latine
759 2329 842 2349 con-

76 2373 203 2394 versam
223 2362 358 2404 legimus
379 2363 419 2393 de
433 2363 526 2394 Fiuu.
543 2364 582 2401 2,
606 2363 658 2395 30.
690 2362 843 2405 Legimus

78 2406 216 2438 eandem
237 2407 364 2438 Graece
385 2419 436 2449 ap.
462 2407 556 2449 Diog.
571 2408 610 2438 L.
634 2406 685 2444 10,
702 2410 767 2445 22„
790 2406 844 2449 qui

78 2463 150 2483 eam
172 2451 215 2482 ad
236 2451 447 2483 idomeneum
468 2452 625 2493 scriptam
649 2451 748 2483 fuisse
769 2463 841 2482 me-

78 2503 205 2529 morat:
243 2507 305 2539 qua
331 2496 371 2527 de
396 2508 431 2528 re
457 2508 486 2527 ν.
511 2496 630 2538 inttp.,
665 2496 696 2526 in
729 2495 841 2538 primis

78 2541 266 2584 Menagium
293 2552 323 2583 p.
347 2539 412 2573 4:34
428 2546 500 2583 sq.“
549 2543 705 2572 Davisius.

156 2588 307 2618 memoria
342 2590 369 2617 et
403 2584 634 2627 recordatione]
672 2586 711 2618 V.
746 2596 844 2627 supra

81 2642 108 2663 c.
119 2629 174 2670 26,
186 2628 240 2665 74.
265 2630 518 2673 significationis
533 2630 705 2660 discrimen
721 2630 842 2660 utrius-

80 2686 143 2717 que
159 2675 311 2707 vocabuli
334 2675 501 2717 eleganter
514 2677 681 2715 Seyffertus
699 2673 739 2705 ad
755 2674 843 2705 Lael.

79 2719 133 2757 27,
160 2718 233 2752 104.
256 2732 289 2762 p.
310 2722 385 2753 5525.
412 2720 600 2752 constituit:
624 2721 798 2751 recordatio
819 2722 846 2749 et

81 2766 231 2795 memoria
260 2764 303 2796 ist
327 2765 435 2796 nichts
461 2765 593 2802 weiter,
629 2763 675 2795 als
700 2775 763 2794 was
788 2762 845 2793 wir

79 2809 234 2848 lebendige
247 2811 440 2851 Erinneruny
461 2820 611 2845 nennen;
635 2811 786 2840 memoria
803 2808 846 2838 ist

81 2851 136 2883 die
167 2851 277 2885 blosse
305 2854 509 2897 Erinnerung
544 2853 631 2885 eines
664 2853 842 2890 Friiheren,

80 2895 228 2929 insofern
261 2898 469 2934 siemittelst
499 2898 559 2931 der
578 2909 670 2930 meus
693 2904 727 2929 et
750 2898 844 2940 cogi-

873 1423 956 1454 tatio
987 1423 1175 1465 geschielit3
1211 1425 1384 1455 recordatio
1409 1423 1556 1466 dagegen
1581 1425 1634 1455 die

878 1471 1203 1508 Veryeyenwarliyany
1238 1467 1305 1498 und
1336 1470 1546 1508 Beherziyunq
1579 1469 1635 1500 des

873 1515 1110 1555 Vergangenen
1127 1524 1198 1544 cum
1212 1512 1321 1543 auimo
1333 1519 1365 1543 et
1378 1512 1509 1551 affectu,
1527 1525 1633 1555 comp.

872 1561 1001 1597 Herzoy.
1026 1557 1068 1588 ad
1095 1557 1185 1589 Caes.
1213 1557 1247 1588 C.
1269 1557 1310 1594 3,
1333 1557 1385 1590 72.
1421 1569 1452 1599 p.
1472 1556 1547 1590 444.
1601 1558 1634 1589 C.

873 1615 904 1645 p.
930 1603 1039 1644 Ligar.
1066 1602 1123 1641 12,
1146 1602 1208 1635 35:
1233 1601 1496 1634 reminiscentem
1522 1615 1636 1634 recor-

873 1647 956 1679 dari.
1014 1647 1207 1689 Plerumque
1246 1649 1414 1686 memoria,
1451 1654 1485 1678 ut
1520 1659 1633 1690 genus,

874 1692 1095 1734 praemittitur
1128 1693 1354 1730 recordationi,
1391 1698 1425 1722 ut
1456 1693 1564 1733 parti,
1601 1699 1636 1723 ut

878 1739 965 1768 Brut.
987 1736 1026 1774 ζ),
1052 1736 1083 1767 9.
1132 1736 1197 1767 Ubi
1219 1742 1327 1766 autem
1351 1736 1532 1768 contrarius
1555 1736 1636 1767 ordo

875 1781 1055 1823 reperitur,
1094 1787 1128 1811 ut
1153 1779 1243 1811 Lael.
1272 1779 1292 1810 l.
1318 1779 1349 1810 d.
1384 1779 1425 1811 dc
1449 1783 1503 1811 Or.
1530 1783 1553 1813 I.
1579 1782 1632 1817 53,

874 1830 970 1863 ’,ΓΔ-κ,
1008 1825 1051 1856 ibi
1076 1827 1224 1856 memoria
1252 1824 1296 1865 (d.
1321 1824 1515 1866 Andenken)
1549 1837 1567 1856 a
1587 1835 1634 1856 re-

874 1873 1050 1902 cordatione
1080 1869 1124 1911 (d.
1147 1868 1372 1900 Zuriickrufen
1394 1869 1426 1900 in
1451 1869 1504 1899 die
1527 1869 1633 1911 Seele}

875 1915 1020 1958 pendere
1053 1914 1234 1955 cogitatur,
1272 1913 1317 1944 uti
1343 1913 1430 1945 idem
1452 1916 1547 1954 Seyff.
1574 1926 1632 1946 ve·-

873 1960 999 1992 rissime
1021 1958 1145 1991 docuit.

941 2004 1092 2046 confutat]
1121 2004 1159 2035 H.
1176 2015 1204 2034 e.
1227 2003 1387 2045 reprimit,
1411 2003 1516 2042 sedat,
1543 2015 1635 2035 com—

875 2050 990 2093 pescit.
1037 2051 1141 2089 Supra
1169 2049 1207 2079 ll.
1228 2048 1291 2085 ⁴23,
1315 2050 1374 2081 55:
1404 2048 1578 2079 Refutetnr
1599 2061 1637 2080 nc

875 2094 1040 2126 reiiciatur
1064 2092 1285 2124 Philocteteus
1306 2092 1361 2124 ille
1384 2092 1517 2125 clamor.
1553 2094 1637 2124 Pro—

875 2139 945 2182 prie
968 2138 1101 2169 verbum
1122 2139 1305 2177 confutandi
1335 2144 1385 2169 est
1405 2149 1521 2180 aquam
1542 2138 1637 2169 ebul-

874 2185 1009 2216 lientem
1042 2182 1267 2225 supprimere,
1309 2194 1349 2213 ne
1383 2182 1546 2219 exundet,
1590 2183 1635 2213 uti

875 2230 959 2261 bene
978 2229 1216 2269 interpretatur
1234 2229 1392 2258 Ernestius
1412 2227 1444 2256 in
1462 2227 1550 2257 Clav.
1587 2227 1637 2259 Cf.

876 2276 1004 2307 Forcell.
1027 2273 1126 2304 Thes.
1154 2272 1227 2302 Lat.
1277 2273 1376 2302 Moser
1408 2277 1577 2313 comparat
1603 2270 1637 2301 C.

877 2318 991 2351 Partit.
1017 2317 1081 2349 35:
1117 2315 1285 2347 audaciam
1310 2315 1491 2346 confutare.
1548 2314 1636 2345 Scri-

879 2370 975 2406 ptura
997 2364 1173 2400 compensat
1196 2360 1227 2391 in
1255 2359 1328 2391 cod.
1351 2359 1459 2391 Ursini
1482 2366 1529 2391 est
1550 2371 1639 2391 mera

879 2408 998 2451 glossa.
1047 2405 1097 2437 Cf.
1125 2405 1194 2435 Fin.
1220 2406 1270 2443 11,
1295 2404 1348 2437 30.

944 2461 982 2483 ex
1014 2449 1169 2491 tempore]
1206 2460 1270 2480 non
1306 2449 1449 2492 tempori
1483 2449 1638 2487 serviens,

878 2507 937 2539 pro
970 2495 1126 2536 temporis
1151 2493 1341 2525 conditione
1363 2494 1408 2525 ita
1428 2494 1531 2525 sensit
1555 2494 1635 2536 Epi-

879 2552 992 2577 curus,
1019 2539 1078 2570 sed
1103 2545 1192 2570 certa
1217 2539 1303 2570 nisus
1327 2539 1499 2572 sententia.

947 2587 989 2616 De
1011 2588 1106 2616 morte
1126 2587 1169 2615 ita
1191 2586 1300 2622 sentit,
1325 2588 1358 2615 ut
1376 2603 1420 2608 —
1438 2594 1561 2616 sensum
1585 2593 1637 2615 ex-

877 2628 1146 2671 stinctum'putet]
1183 2635 1233 2660 est
1263 2629 1473 2671 pleonasmus
1506 2628 1636 2671 quidam

878 2674 988 2706 Tullio
1011 2673 1195 2710 familiaris,
1222 2673 1310 2705 cuius
1333 2674 1502 2716 complura
1525 2683 1638 2703 exem—

878 2719 932 2761 pla
954 2719 1095 2750 contulit
1111 2721 1310 2758 Wopkensius
1323 2719 1430 2749 Lectt.
1443 2717 1529 2749 Tull.
1545 2718 1566 2751 1,
1582 2718 1636 2747 ⁴20.

879 2776 910 2806 p.
932 2763 1000 2796 156.
1014 2764 1055 2795 H.
1084 2763 1133 2794 Cf.
1146 2774 1206 2795 uos
1217 2763 1249 2794 iu
1265 2764 1320 2795 Gr.
1335 2764 1372 2794 L.
1387 2765 1414 2805 §-
1432 2761 1500 2793 163.
1516 2761 1596 2790 Not.
1607 2759 1637 2789 ¹2.

880 2808 971 2840 Infra
997 2820 1024 2840 c.
1041 2808 1103 2845 33,
1128 2807 1188 2841 95:
1225 2814 1400 2848 totumque
1421 2806 1483 2836 hoc
1508 2803 1548 2833 do,
1572 2814 1635 2835 vo—

879 2853 1005 2896 luptate
1025 2856 1071 2885 sic
1091 2853 1146 2884 ille
1168 2855 1339 2893 praecipit,
1376 2857 1410 2880 ut
1433 2849 1636 2889 voluptatem

879 2898 982 2941 ipsam
1007 2908 1064 2941 per
1086 2909 1119 2929 sc
1142 2917 1180 2921 —
1204 2895 1383 2939 optandum
1409 2911 1444 2917 —-
1468 2897 1562 2933 putet.
1599 2891 1639 2924 de
