1832 3137
614 86 989 126 L11³ER1.26,65.
1513 84 1588 122 115

21 181 91 208 nos
118 166 281 222 primum
309 166 355 206 ad
380 166 531 207 illorum
561 167 729 217 cultum,
764 168 902 208 deinde
930 168 976 208 ad
1002 168 1062 209 ius
1090 168 1310 219 hominum,
1343 170 1445 223 quod
1469 171 1583 210 situm

19 247 80 280 cst
102 240 140 280 in
168 239 325 291 generis
350 239 506 280 humani
529 240 742 290 societate,
777 247 856 280 tum
877 241 922 281 ad
943 241 1174 282 modestiam
1201 242 1582 297 magnitudinemque

20 313 138 354 animi
165 313 357 363 erudivit,

17 386 192 441 dispulit,
241 394 283 426 ut
316 386 473 427 onmia:

402 313 616 367 eademque
641 313 687 352 ab
713 313 865 363 animo,
911 320 1089 369 tanquam
1116 314 1163 355 ab
1190 315 1335 367 oculis,
1378 317 1581 370 caliginem

509 400 649 442 supera
671 386 822 436 infera,
866 387 989 441 prima
1024 388 1155 429 ultima
1189 389 1316 430 media
1339 389 1578 431 videremus.

16 466 86 501 65.
119 458 291 501 Prorsus
315 459 410 500 haec
435 459 565 500 divina
586 459 676 499 mihi
699 459 856 499 videtur
872 460 955 509 vis,
992 475 1090 514 quae
1113 468 1169 501 tot
1189 475 1254 502 res
1275 462 1414 502 efficiat
1435 470 1475 504 et
1497 470 1582 504 tan-

15 540 90 574 tas.
154 531 256 586 Quid
286 540 347 574 est
371 533 472 573 enim
498 532 686 574 memoria
709 546 841 572 rerum
862 538 900 572 et
922 533 1162 573 verborum?
1193 535 1280 588 quid
1304 550 1421 589 porro
1443 536 1583 577 inven-

16 607 97 647 tio?
134 607 308 661 profecto
342 606 404 656 id,
446 620 521 659 quo
551 619 600 646 ne
632 605 671 645 in
705 605 778 645 deo

15 687 158 734 potest..

220 678 311 719 Non
335 679 434 718 enim
460 678 656 719 ambrosia
680 678 790 729 deos,

813 604 965 659 quidem
983 609 999 633 1
1039 606 1243 660 quicquam
1270 609 1393 648 maius
1417 609 1581 663 intelligi

822 685 886 719 aut
911 685 1069 719 nectare
1085 710 1095 729 ,
1130 687 1195 719 aut
1217 677 1422 720 Iuventate
1440 682 1580 735 pocula

13 752 260 793 ministrante
282 752 417 792 laetari
446 751 641 802 arbitr0r3
685 765 756 791 nec
778 750 992 792 Homerum
1017 752 1154 803 audio,
1199 752 1263 807 qui
1285 751 1544 809 Ganymeden
1559 756 1574 780 ¹

79 885 128 914 ius
160 882 332 922 hominum]
370 881 552 924 opponitur
585 880 645 912 iuri
683 883 776 913 civili.

14 928 65 959 De
84 930 150 959 iure
173 929 332 958 hominum
354 926 506 969 apposite
527 929 658 959 Orellius
685 938 779 957 corn——

13 979 107 1015 parat
124 973 225 1013 Legg.
252 973 273 1002 l.
295 973 333 1010 ξ),
363 972 433 1009 lo„
454 983 604 1009 monens,
630 971 778 1003 Ciceroni

11 1017 57 1049 ibi
73 1017 219 1048 nondum
235 1015 267 1046 iu
287 1023 431 1047 mentem
444 1016 572 1047 venisse
584 1016 670 1047 hanc
685 1027 779 1047 com-

12 1062 145 1094 modam
170 1060 381 1092 locutionem.

80 1118 259 1156 eademque}
294 1116 455 1147 Particula
479 1116 579 1147 affixa
601 1127 658 1156 que
680 1127 779 1159 saepe

13 1163 79 1194 vim
102 1160 279 1202 colligendi
303 1161 422 1198 habet,
455 1167 491 1191 ut
512 1161 599 1192 idem
625 1162 694 1192 fere
718 1173 779 1192 va—

13 1207 91 1246 leat,
115 1206 220 1249 quod:
247 1212 281 1236 ut
305 1205 414 1247 paucis
437 1205 638 1247 complectar
662 1207 777 1248 (hurzl.

12 1253 52 1284 V.
77 1254 219 1283 Goerenz.
245 1250 286 1280 ad
312 1251 414 1291 Legg.
442 1252 479 1282 ll.
506 1250 536 1287 7.
567 1252 613 1282 15.
648 1262 682 1292 p.
704 1252 775 1282 125.

13 1302 47 1328 et
77 1307 135 1327 nos
166 1295 196 1326 in
224 1295 281 1326 Gr.
304 1295 342 1326 L.
368 1295 396 1328 (ἱ.
418 1295 500 1333 135,
527 1295 558 1327 2.
593 1306 624 1337 p.
642 1294 709 1327 336
727 1306 774 1337 sq.

10 1341 62 1372 etl.
85 1341 116 1372 2.
164 1339 253 1370 lnfra
276 1351 302 1370 c.
320 1337 383 1377 34,
408 1340 471 1371 δὶς
509 1340 554 1370 Ut
578 1339 709 1370 credam
730 1339 776 1370 ita

12 1397 102 1423 esse,
135 1395 231 1427 quam
257 1391 306 1415 est
329 1383 362 1414 id
388 1383 557 1426 exiguum!
594 1391 628 1415 at
657 1384 775 1415 falsum

11 1442 80 1462 esse
101 1429 262 1465 arbitror;
288 1435 320 1460 et
340 1428 375 1459 fit
394 1429 586 1471 plerumque
606 1429 677 1460 sine
695 1441 776 1460 sen-

10 1487 65 1513 su,
100 1486 334 1516 nonnunquam
359 1475 458 1505 etiam
485 1485 556 1505 cum
582 1474 774 1516 voluptate3

9 1525 162 1560 totumque
182 1519 248 1550 hoc
268 1519 339 1550 leve
363 1525 430 1556 est,
457 1518 682 1562 qualecunque
707 1526 774 1557 est;

10 1565 48 1597 fit
81 1565 166 1595 enim
199 1564 240 1595 ad
269 1570 426 1606 puuctum
451 1563 620 1606 temporis.
669 1576 696 1596 c.
719 1564 774 1602 43,

13 1607 94 1643 104:
121 1614 242 1649 totaque
260 1609 301 1639 (le
322 1609 448 1639 ratione
460 1608 660 1640 humationis
676 1620 775 1640 unum

9 1654 188 1687 tenendum
211 1661 259 1684 est
278 1660 341 1684 etc.
377 1665 403 1684 c.
419 1652 472 1689 49,
496 1653 575 1685 115:
603 1653 672 1685 Nos
694 1665 774 1685 vero

9 1711 71 1737 ——3
95 1701 231 1738 nihilque
252 1698 283 1729 in
308 1698 401 1729 malis
422 1697 578 1729 ducamus
602 1705 680 1730 cett.
718 1700 772 1730 lV.

11 1744 73 1782 15,
97 1742 163 1777 34:
202 1755 242 1774 cx
267 1755 304 1774 ea
329 1742 581 1785 proficiscuntur
614 1743 774 1774 honestae

8 1788 206 1825 voluntates,
224 1788 419 1827 sententiae,
435 1788 646 1830 actionesque
660 1790 775 1819 omnis-

8 1843 65 1874 que
87 1840 177 1864 recta
201 1833 304 1870 ratio,
331 1839 365 1863 et
388 1844 485 1875 saepe
510 1832 597 1863 alibi.

74 1898 187 1929 supera
218 1890 342 1928 infera,
374 1891 480 1927 prima
512 1890 624 1919 ultima
655 1888 773 1931 media]

8 1935 46 1966 V.
75 1933 241 1965 Adnotata
265 1933 297 1963 in
322 1933 362 1962 V.
388 1933 451 1968 59,
481 1933 554 1964 114.

76 1988 170 2030 §.fiir
195 1998 232 2019 ne
250 1990 283 2019 in
305 1989 360 2019 deo
380 1989 505 2026 quidem
518 1989 698 2029 quicquam]
721 1987 775 2019 Sic

10 2033 185 2065 ediderunt
200 2035 339 2063 Klotzius
353 2034 533 2071 etTreyder,
548 2032 729 2075 legiturque
742 2033 774 2064 in

8 2078 106 2110 Vind.
126 2079 152 2109 1.
177 2076 246 2108 Col.
267 2077 377 2108 Duisb.
404 2089 464 2119 pro
481 2077 569 2119 vulg.
593 2087 648 2109 nec
664 2081 697 2109 in
718 2080 774 2109 deo

8 2125 190 2164 quidquam.
230 2122 372 2163 Optime.
422 2121 472 2153 Ad
495 2133 605 2153 veram
627 2122 772 2165 scriptu-

9 2179 76 2200 ram
100 2167 197 2198 etiam
222 2165 345 2198 ducunt
372 2167 406 2197 R.
431 2166 515 2198 Gud.
541 2167 569 2199 1.
594 2168 629 2199 11.
654 2167 771 2205 Marb.,

8 2213 63 2255 qui
99 2204 256 2243 exhibent
290 2221 326 2243 ne
357 2214 389 2243 in
423 2213 479 2243 deo
501 2215 668 2252 quicquam
705 2217 773 2253 (aut

9 2257 205 2301 quidquaml.
232 2257 261 2286 V
264 2256 436 2287 ocabulum
451 2258 575 2296 quidem
595 2264 672 2288 ante
687 2260 772 2297 quic-

9 2311 103 2340 quam
127 2300 224 2331 facile
249 2300 411 2338 excidere,
437 2312 541 2342 eoque
566 2301 657 2332 facto
681 2312 718 2333 ne
738 2301 770 2332 in

8 2355 63 2376 nec
95 2344 214 2375 ιιιιιιιιιὶ
249 2344 368 2386 potuit.
425 2345 463 2375 V.
500 2347 695 2385 Madviqium
729 2346 772 2377 ad

12 2389 81 2421 bin.
107 2390 129 2419 l.
155 2389 212 2425 ll,
237 2389 291 2419 39.
314 2399 346 2430 p.
362 2388 405 2419 «552
419 2399 466 2430 sq.
500 2395 533 2419 et
554 2389 588 2420 in
615 2391 688 2423 Exc.
715 2392 771 2422 lll.

9 2433 51 2464 ad
76 2434 145 2464 Fin.
172 2444 202 2475 p.
218 2433 315 2469 elz-s..
347 2431 401 2474 qui
427 2431 564 2463 eandem
589 2444 685 2475 quam
708 2434 770 2466 de—

9 2478 114 2510 dimus
153 2477 346 2519 scripturam
387 2476 479 2507 unice
517 2488 627 2508 veram
662 2486 774 2510 censet

10 2523 279 2564 demonstratque
308 2533 399 2552 usum
433 2521 610 2563 particulae
634 2532 688 2554 nec
711 2535 772 2566 pro

8 2578 45 2600 ne
70 2587 110 2591 —
135 2569 259 2608 quidem
292 2566 380 2609 apud
415 2566 609 2597 Ciceronem
642 2566 773 2610 eiusque

9 2612 160 2656 aequales
195 2611 291 2643 valde
325 2611 541 2643 dubitandum
576 2611 629 2642 vel
664 2613 773 2654 potius

8 2657 194 2699 negandum
227 2668 307 2688 esse.
366 2656 454 2687 Infra
491 2668 517 2687 c.
534 2654 597 2693 29,
624 2656 676 2689 71.
712 2667 773 2698 pro

9 2703 97 2744 vulg.
125 2712 178 2734 nec
201 2704 325 2733 interire
349 2703 443 2741 i9ilur
476 2707 566 2732 recte
599 2700 774 2743 legendum

11 2752 121 2778 censet
151 2756 188 2778 ne
219 2749 342 2778 interire
369 2748 493 2785 quidem
524 2748 640 2786 igitur,
676 2757 774 2788 quum

11 2790 127 2833 optimi
149 2791 245 2822 codd.
270 2801 307 2823 ne
331 2801 390 2833 pro
413 2801 466 2823 nec
495 2790 616 2833 legant.
665 2792 774 2822 Iorda-

9 2845 67 2867 nus
99 2834 139 2866 ad
165 2846 212 2866 or.
238 2847 270 2877 p.
295 2836 426 2867 Caecin.
449 2833 512 2874 2-1,
538 2836 598 2868 60¹:
634 2845 688 2867 nec
712 2835 775 2866 hoc

10 2879 133 2910 debent
154 2878 280 2911 dicere:
306 2880 396 2923 quod
412 2891 525 2911 omnes
550 2891 654 2922 paene
676 2880 773 2911 codd.

11 2923 185 2959 exhibent,
205 2923 391 2966 improbata
416 2924 575 2965 Madvigii
597 2925 772 2960 sententia,

814 881 902 912 hunc
935 880 1116 924 particulae
1148 892 1203 914 nec
1235 894 1327 914 usum
1351 894 1390 914 ex
1414 883 1581 915 Ciceronis

814 926 946 968 scriptis
970 926 1252 959 exterminandum
1280 939 1346 959 non
1371 939 1441 959 esse.
1469 935 1583 960 censet

814 978 847 1002 et
870 971 958 1002 inter
986 982 1040 1003 nec
1070 979 1104 1002 et
1134 982 1171 1003 ne
1192 992 1235 996 -—
1258 975 1382 1012 quidem
1405 973 1437 1004 id
1461 973 1579 1005 discri-

813 1015 908 1046 minis
940 1016 1147 1047 intercedere
1173 1018 1307 1055 statuit,
1345 1024 1379 1048 ut
1407 1017 1490 1048 illud
1515 1029 1579 1049 no—

814 1067 917 1091 strum
942 1063 1023 1092 auch
1042 1063 1136 1100 nicht,
1160 1061 1225 1092 hoc
1246 1068 1393 1093 nostrum
1413 1064 1495 1094 nicht
1515 1065 1580 1095 ein-

814 1107 878 1136 mal
902 1111 1009 1136 notet.

904 1162 1061 1192 Iuventate
1100 1164 1216 1215 pocula
1259 1163 1474 1213 ministrante]
1522 1165 1579 1195 lu—

811 1209 920 1237 ventas
953 1211 1001 1236 est
1032 1203 1190 1237 Graeca
1191 1203 1304 1250 Ἠβη,
1344 1207 1428 1237 lovis
1463 1214 1497 1238 et
1522 1209 1579 1238 Iu-

812 1249 907 1281 nonis
937 1249 1022 1287 filia,
1059 1261 1142 1292 quae
1174 1257 1250 1281 ante
1285 1252 1513 1294 ('anymedem
1544 1253 1577 1284 in

812 1294 937 1325 caelum
962 1300 1092 1336 raptum
1117 1296 1236 1337 pocula
1265 1295 1326 1326 diis
1358 1297 1575 1329 ministrabat.

812 1339 905 1369 Iliad.
930 1340 967 1376 δ,
1007 1339 1110 1380 princ.
1148 1340 1191 1372 Οἱ
1225 1338 1263 1373 δὲ
1297 1340 1404 1374 2502.
1396 1340 1462 1382 ’τὰρ
1494 1342 1578 1384 Ζηνὶ

810 1395 874 1416 κα
857 1381 949 1425 “·ηυ,ε
951 1395 999 1416 ’110
1026 1381 1219 1426 ηιορόωντο
1242 1384 1359 1426 Χουσέ
1344 1397 1388 1439 τῳ
1420 1385 1451 1418 &a
1475 1386 1578 1420 δαπέ-

811 1431 884 1472 δῳ,
921 1426 1006 1470 uere).
1039 1429 1078 1462 δέ
1114 1440 1208 1471 σφ.σι
1236 1426 1481 1474 πὸτ1.αἨ3η
1508 1431 1577 1464 Νέ-

810 1485 893 1515 κταρ
919 1471 1084 1517 ἐῳνοχόει.
1133 1474 1278 1505 Veibum
1309 1477 1509 1507 ministrandi
1542 1476 1575 1507 in

811 1517 873 1549 hac
904 1529 939 1549 re
974 1519 1142 1560 proprium
1177 1520 1349 1561 (serviren).
1403 1521 1454 1551 Cf.
1488 1520 1577 1552 infra

810 1564 850 1594 V.
873 1563 925 1600 21,
952 1563 1005 1596 61.
1058 1564 1097 1595 Ν
1125 1565 1161 1595 D.
1188 1566 1208 1595 l.
1232 1567 1295 1601 4¹),
1324 1565 1404 1598 11²·
1433 1565 1574 1608 Ganym-

810 1588 929 1650 poculei
959 1611 1196 1640 ministrantem.
1245 1609 1332 1641 Hinc
1355 1610 1458 1641 subst.
1483 1613 1576 1642 mini-

811 1657 955 1685 stratores
978 1653 1066 1684 infra
1091 1655 1130 1685 V.
1154 1654 1216 1691 ²l,
1241 1655 1295 1687 6².

876 1718 931 1740 nec
953 1708 1135 1761 Homerum]
1160 1709 1254 1740 Iliad.
1276 1721 1306 1745 υ
1324 1709 1400 1742 233.
1426 1707 1577 1787 οἷντιῗεος

808 1750 1041 1815 Γανυιὲηδης,
1071 1749 1141 1790 “ςΟ
1174 1752 1216 1794 δή
1252 1751 1347 1786 κάλλ.
1338 1765 1428 1792 στος
1523 1767 1575 1788 ετῠ

809 1798 940 1839 ‘manteia
963 1794 1168 1838 α’νὲῑρώπων
1202 1797 1269 1831 Τὸν
1293 1798 1351 1831 καὶ
1372 1796 1475 1840 nimpe
1469 1767 1575 1839 {law-

808 1853 844 1874 το
869 1841 941 1874 {1504
963 1841 1252 1894 Δ.“ιόἶ1οχοεύειν,
1289 1841 1440 1881 Κάλλεος
1464 1844 1528 1876 εῖ1ε
1531 1856 1576 1877 κα

809 1884 876 1928 οἷο,
914 1882 954 1918 ι”ν
989 1883 1148 1920 οἱξῑμάτο.
1139 1898 1184 1920 vno
1218 1887 1347 1929 μετείη.
1405 1888 1457 1920 Cf.
1492 1900 1574 1931 quos

808 1933 1004 1962 Bornemann
1043 1931 1084 1962 ad
1117 1933 1204 1963 Xen.
1237 1934 1282 1974 ὃ)
1286 1944 1351 1974 mp-
1387 1934 1484 1971 Vlll,
1517 1933 1573 1965 30.

809 1987 841 2018 p.
861 1977 935 2007 205.
961 1982 994 2007 et
1020 1978 1179 2007 Herbslz'us
1202 1988 1234 2019 p.
1258 1980 1329 2010 144.
1354 1977 1503 2009 laudaut.

879 2031 1092 2075 Ganymeden]
1127 2032 1179 2063 Sic
1201 2032 1315 2075 scripsi
1341 2044 1367 2064 c.
1393 2034 1431 2064 D.
1457 2039 1490 2064 et
1516 2035 1572 2066 Tr.

809 2087 848 2107 ex
871 2076 1003 2119 optimis
1027 2076 1124 2108 codd.
1147 2077 1185 2108 R.
1207 2077 1293 2109 Gud.
1312 2078 1350 2114 1.,
1377 2078 1492 2120 quibus
1514 2090 1573 2110 ac-

809 2121 896 2152 cedit
922 2121 1052 2159 Duisb.,
1081 2133 1139 2164 pro
1164 2122 1250 2165 vulg.
1276 2125 1497 2161 Ganymedem.
1538 2125 1572 2154 ln

807 2166 856 2197 his
890 2166 988 2198 rebus
1022 2167 1184 2209 scriptura
1217 2167 1427 2198 diiudicanda
1461 2174 1510 2199 est
1534 2179 1573 2198 ex

809 2211 959 2242 codicum
983 2212 1201 2250 auctoritate,
1238 2223 1313 2242 num
1337 2211 1479 2242 dubitari
1505 2223 1572 2242 non

807 2263 937 2298 potest,
973 2256 1049 2298 quin
1076 2256 1191 2287 Cicero
1215 2256 1247 2287 in
1273 2256 1322 2286 his
1349 2256 1481 2286 Graecis
1508 2267 1573 2286 no—

805 2301 944 2332 minibus
970 2308 1107 2342 utraque
1133 2301 1261 2338 forma,
1291 2306 1325 2330 et
1349 2311 1406 2338 ea,
1432 2311 1515 2342 quae
1538 2300 1571 2331 in

806 2355 876 2385 em,
913 2352 946 2377 et
971 2357 1028 2381 ea,
1067 2356 1150 2386 quae
1178 2344 1210 2375 in
1235 2355 1272 2376 en
1304 2343 1391 2381 exit,
1428 2344 1485 2375 sed
1510 2345 1572 2375 hac

808 2390 854 2432 (iu
876 2390 925 2430 en)
948 2389 1122 2427 rarissime,
1146 2400 1219 2419 usus
1242 2389 1293 2420 sit.
1331 2388 1385 2420 Sic
1404 2389 1491 2421 iufra
1516 2390 1571 2421 lll.

806 2436 844 2472 4,
869 2438 901 2467 ὃ.
926 2436 1095 2472 δοῦναΐιη;
1136 2431 1184 2471 14,
1208 2434 1262 2465 ²9.
1286 2435 1477 2473 Euripidem
1514 2434 1569 2466 lV.

808 2479 851 2517 3,
877 2479 908 2510 ὃ.
941 2480 1096 2517 Diogenen
1135 2477 1251 2520 optimi
1289 2478 1387 2509 codd.
1424 2485 1569 2510 tuentur.

810 2524 834 2553 I.
862 2523 909 2560 10,
929 2522 983 2554 21.
1012 2523 1049 2553 D.
1075 2528 1108 2553 et
1128 2523 1270 2565 optimus
1295 2523 1379 2554 Gud.
1399 2524 1424 2555 1.
1448 2524 1572 2555 habent

808 2569 1022 2599 Pherecraten.
1068 2566 1176 2598 Etiam
1198 2568 1223 2600 1.
1249 2569 1290 2606 ὁ,
1316 2569 1365 2600 10.
1395 2567 1571 2609 legendum

809 2622 838 2642 c.
864 2612 944 2643 Dav
971 2613 1198 2650 Demosthenen,
1222 2612 1311 2655 quod
1332 2613 1431 2645 etiam
1453 2614 1491 2644 R.
1516 2624 1569 2655 ap.

808 2656 891 2688 Mos.
916 2657 1008 2698 Berg.
1030 2656 1129 2688 Krar.
1153 2659 1303 2700 (Wesenb.
1323 2659 1393 2691 Em.
1412 2660 1452 2689 11.
1475 2670 1507 2700 p.
1519 2657 1568 2697 2.)

807 2699 918 2734 habet.
966 2700 1037 2732 Alia
1061 2702 1209 2744 exempla
1233 2714 1251 2734 e
1273 2702 1432 2734 Cicerone
1465 2702 1569 2733 colle—

807 2745 856 2787 git
878 2747 998 2778 Ellendt
1022 2746 1064 2778 ad
1085 2746 1126 2778 de
1152 2749 1207 2778 Or.
1224 2749 1265 2779 II.
1284 2746 1338 2785 74,
1356 2746 1431 2780 299.
1454 2747 1528 2776 Vol.
1546 2747 1568 2776 l.

808 2802 840 2832 p.
856 2789 921 2823 392
935 2802 983 2833 sq.
1031 2791 1083 2823 Cf.
1105 2793 1321 2824 Ruddimann.
1347 2794 1426 2823 [nst.
1452 2791 1508 2821 Gr.
1531 2790 1569 2819 L.

808 2836 833 2866 I·
854 2846 888 2877 p-
904 2835 958 2869 76.
983 2836 1099 2868 Stallb.
1120 2838 1161 2868 Κ.
1174 2838 1211 2868 L.
1225 2838 1402 2869 Schneider.
1424 2836 1462 2866 L.
1484 2835 1566 2864 For-

807 2879 906 2911 menl.
931 2882 956 2912 Ι.
980 2891 1014 2922 p.
1031 2878 1086 2913 43.

1178 2971 1240 3007 8*
