1863 3221
197 125 279 169 46‘2
764 126 1083 168 Lissaav.35,
1115 126 1189 160 100.

197 212 435 270 parsimonia
463 212 725 256 delectantur,
771 214 812 247 ut
845 206 891 246 de
913 205 1244 246 Lacedaemoniis
1282 206 1409 259 paullo
1444 195 1755 248 ante‘diximus.

197 287 406 328 Persarum
429 299 450 325 a
476 281 735 334 Xenophonte
767 279 893 319 victus
912 279 1147 333 exponitur,
1192 292 1288 332 quos
1316 286 1434 333 negat
1456 281 1502 320 ad
1527 294 1665 334 panem
1691 281 1758 321 ad-

198 360 330 400 hibere
360 357 563 411 quicquam
585 360 741 407 praeter
764 352 1011 392 nasturtium.
1076 349 1329 405 Quanquam,
1363 352 1395 392 si
1422 353 1608 406 quaedam
1640 353 1757 394 etiam

198 432 379 473 suaviora
400 435 536 468 natura
558 425 776 476 desideret,
811 439 925 479 quam
944 424 1064 464 multa
1085 438 1135 463 ex
1158 431 1264 464 terra
1285 424 1568 478 arboribusque
1593 425 1759 478 gignun-

1459 497 1573 536 Adde
1604 497 1760 538 siccita-

197 583 271 615 tem
288 607 297 625 ,
333 587 430 628 quae
452 572 705 625 consequitur
726 570 824 610 hanc
845 570 1123 611 continentiam
1148 569 1187 609 in
1215 569 1343 620 victu3
1377 569 1474 609 adde
1496 569 1761 623 integritatem

197 511 258 543 tur
284 517 397 556 quum
416 505 431 528 1
458 499 569 553 copia
594 498 719 548 sacili,
762 505 842 537 tum
875 497 1067 537 suavitate
1103 497 1396 550 praestantia2!

195 646 444 688 valetudinis.
511 650 606 685 100.
642 642 792 683 Confer
812 643 1021 692 sudantes,
1055 648 1273 691 ructantoe,
1307 643 1475 682 refertos
1499 642 1639 696 epulis,
1673 650 1760 682 tan-

195 734 308 774 quam
330 718 479 773 opimos
506 718 652 767 boves;
688 723 763 756 tum
790 715 982 769 intelliges
999 747 1008 765 ‚
1053 715 1115 768 qui
1138 715 1375 769 voluptatem
1402 714 1570 754 maxime
1593 728 1761 769 sequan-

195 800 280 842 tur,
316 805 383 832 eos
408 790 564 830 minime
588 790 798 843 consequi,
843 788 1196 841 iucunditatemque
1219 787 1345 828 victus
1371 801 1460 827 esse
1487 789 1526 827 in
1549 788 1759 839 desiderio,

196 880 273 905 non
304 864 343 904 in
377 863 575 903 satietate.

306 934 492 976 XXXV.
554 933 828 982 Timotheum,
871 933 1015 973 clarum
1054 932 1246 972 hominem
1277 931 1443 972 Athenis
1475 939 1513 972 et
1546 932 1759 987 principem

195 1008 363 1049 civitatis
377 1039 387 1057 ‚
424 1009 568 1055 ferunt,
601 1020 717 1059 quum
735 1006 984 1046 coenavisset
1006 1005 1103 1058 apud
1128 1004 1330 1044 Platonem
1352 1018 1477 1057 eoque
1497 1004 1679 1045 convivio
1696 1005 1763 1045 ad-

194 1081 349 1120 modum
375 1079 588 1119 delectatus
613 1085 720 1119 esset
745 1078 984 1130 vidissetque
1006 1091 1092 1117 eum
1118 1076 1305 1130 postridie
1321 1108 1332 1127 ,
1366 1076 1538 1117 dixisse:
1583 1075 1764 1118 Vestrae

194 1152 361 1207 quidem
383 1164 544 1192 coenae
563 1164 650 1191 uon
673 1152 808 1191 solnm
836 1151 880 1190 in
905 1151 1158 1203 praesentia
1172 1181 1186 1200 ,
1231 1150 1308 1191 secl
1332 1151 1459 1191 etiam
1477 1154 1658 1202 postero
1693 1149 1764 1190 die

194 1225 407 1266 iucundae
437 1229 544 1265 sunt.

607 1223 739 1277 Quid?
770 1223 869 1277 quod
901 1236 949 1262 ne
976 1229 1105 1263 mente
1136 1223 1288 1276 quidem
1322 1230 1430 1263 recte
1465 1222 1520 1263 uti
1552 1236 1759 1277 possumus

288 1337 303 1369 1
331 1338 386 1368 Or.
411 1348 439 1369 c.
458 1337 515 1368 W.
540 1347 557 1367 e
583 1335 668 1367 coni.
695 1342 727 1367 et
750 1334 823 1367 cod.
845 1334 877 1366 b.
903 1339 991 1374 tunt:
1013 1334 1118 1372 maleJ
1145 1346 1174 1366 v.
1199 1333 1241 1365 ad
1265 1346 1292 1365 e.
1320 1332 1381 1373 25,
1408 1332 1460 1367 72.
1509 1333 1532 1365 2
1555 1346 1586 1366 v.
1612 1334 1694 1366 Adn.

197 1405 231 1435 in
261 1405 299 1435 L.
327 1404 383 1434 Gr.
412 1405 438 1445 ᾗ.
464 1401 535 1434 109.
570 1414 602 1444 p.
627 1402 745 1444 575sq
787 1401 865 1433 ed.‘
863 1402 892 1432 .).
928 1407 961 1431 et

196 1451 355 1480 Manutius
375 1458 426 1488 ap.
441 1446 539 1477 Orell.
562 1446 636 1476 V.ol
655 1447 710 1477 IV.
726 1413 769 1476 P.
788 1449 813 1477 1.
836 1457 868 1487 p.
883 1443 960 1478 374.

198 1492 319 1523 versari
351 1491 515 1521 videntur.
532 1491 682 1564 VNeque
715 1490 817 1531 magis
852 1489 961 1531 placet

197 1538 351 1576 Madviyii
377 1535 418 1566 ad
443 1534 561 1565 Fin.V
565 1558 572 1565 .
593 1534 631 1571 9,
656 1537 710 1565 24.
736 1546 766 1576 p.
770 1514 859 1567 0655.
882 1545 961 1564 sen-—

196 1581 311 1619 tentia,
334 1580 388 1622 qui
409 1581 546 1619 quisquis
568 1589 751 1620 pronomen
770 1585 886 1609 neutro
900 1589 962 1620 ge-

195 1637 274 1657 nere
308 1625 405 1655 etiam
440 1623 527 1665 'ipud
560 1623 773 1660 Ciceronem,
811 1623 961 1665 deposita

196 1669 324 1701 relativi
349 1675 482 1705 natura,
519 1679 589 1698 eim
623 1667 822 1709 singularum
855 1679 961 1698 rerum

196 1713 491 1757 significationem,
518 1724 599 1754 quae
620 1713 653 1742 in
677 1715 802 1752 quisque
824 1712 876 1749 sit,
903 1723 960 1743 ac—

196 1759 305 1801 cipere
329 1757 456 1788 statuit.
494 1756 614 1798 Negui
636 1757 766 1798 quidem
793 1768 857 1787 nou
880 1763 960 1798 pot-

196 1811 264 1841 est,
291 1801 481 1833 Lucretium
507 1809 657 1832 neutrum
679 1803 846 1840 quicquid,
871 1801 961 1832 rela-

194 1847 264 1878 tiva
297 1846 390 1877 huius
423 1846 627 1888 pronominis
656 1852 771 1876 natura
798 1846 959 1888 neglecta,

195 1904 256 1934 pro
282 1894 409 1931 quicque
433 1902 530 1932 saepe
557 1901 737 1932 usurpasse,
764 1896 799 1920 ut
821 1894 851 1928 2,
874 1890 959 1923 957:

195 1937 228 1967 in
249 1948 324 1967 suos
345 1937 491 1975 quicquid
511 1942 657 1970 meatum
682 1934 739 1965 sed
764 1934 855 1965 unius
876 1935 960 1966 scri—

196 1981 302 2023 ptoris
326 1991 417 2011 error
441 1991 506 2010 non
527 1986 575 2010 est
595 1979 774 2010 trahendus
801 1979 841 2009 ad
868 1979 959 2010 alios.

198 2026 295 2056 Certe
324 2024 411 2066 apud
439 2024 632 2055 Ciceronem
663 2024 768 2054 nullus
794 2024 961 2055 invenitur

196 2071 304 2106 locus,
340 2069 373 2098 in
399 2080 464 2110 quo
494 2068 622 2098 relativi
646 2068 693 2098 vis
719 2068 866 2109 indagari
893 2080 958 2099 non

196 2113 311 2155 possit.
362 2113 418 2142 Uti
451 2112 516 2143 hoe
547 2112 642 2148 loeo,
679 2112 725 2142 ita
758 2123 856 2153 saepe
890 2113 959 2143 aliis

195 2157 283 2199 apud
309 2156 500 2187 Ciceronem
536 2167 607 2186 cum
636 2156 884 2196 pronominibus
908 2157 960 2188 vel

196 2201 365 2243 particulis
386 2199 530 2231 relativis
553 2199 771 2241 coniungitur.
797 2201 888 2231 Verr.
906 2202 960 2232 IV.

199 2247 257 2282 13,
283 2246 342 2277 31:
380 2245 425 2275 ita
449 2244 671 2275 odorabantur
693 2244 801 2275 omnia
825 2251 859 2275 et
881 2257 960 2288 per-

196 2290 423 2332 vestigabant,
450 2296 504 2325 ut,
530 2291 581 2320 ubi
600 2291 746 2328 quicquid
767 2296 871 2326 esset,
896 2290 960 2320 ali-

196 2346 258 2377 qua
282 2335 409 2366 ratione
431 2333 635 2372 invenirent,
661 2334 693 2364 h.
709 2345 737 2364 e.
762 2334 815 2364 ubi
835 2334 959 2376 aliquid

197 2386 300 2414 esset.
335 2380 481 2418 quicquid
512 2382 594 2409 esset.
645 2378 708 2420 (lbi
731 2384 841 2409 tamen
866 2381 958 2410 Zum-

193 2427 277 2463 ptius
300 2423 404 2454 edidit
427 2425 576 2462 quicque,
609 2423 699 2465 quod
720 2429 770 2453 est
793 2423 825 2453 in
854 2424 959 2454 Havn.

198 2468 273 2499 coll.
295 2475 328 2499 et
348 2467 458 2498 Guelf.
480 2469 518 2508 l)
558 2467 629 2498 Fin.
649 2468 689 2498 V.
711 2467 743 2505 9,
765 2465 825 2499 24:
851 2470 959 2506 Quum

197 2519 305 2543 autem
342 2511 503 2561 processit
536 2512 680 2553 paullum
714 2518 769 2549 et,
810 2517 960 2551 quatenus

198 2558 342 2596 quicquid
366 2568 400 2586 se
423 2557 564 2597 attingat
596 2556 637 2586 ad
660 2568 760 2598 seque
786 2557 958 2598 pertineat,

198 2612 296 2643 pelsp
290 2600 384 2630 ›ic·eie
406 2580 526 2641 coepit0
537 2601 580 2641 rh.
597 2612 624 2630 (².
647 2608 805 2642 quatenus
825 2601 959 2644 aliquid,

198 2646 344 2684 quicquid
367 2648 428 2682 est,
462 2645 551 2677 etc.N.
587 2645 626 2674 ad
655 2646 740 2676 Fam.
764 2646 828 2681 Vl
858 2647 894 2683 1
925 2647 959 2678 l:

197 2698 377 2728 quocunque
398 2688 430 2718 in
453 2687 527 2718 loco
550 2692 686 2728 quisquis
710 2697 775 2726 est,
804 2690 893 2722 idem
912 2698 963 2721 est

199 2733 227 2763 ei
248 2744 359 2763 sensus
381 2744 419 2763 ex
439 2731 573 2762 interitu
597 2744 701 2764 reium
721 2746 847 2765 sunum
874 2736 918 2777 th.
935 2747 962 2767 e.

199 2788 394 2820 quocunque
419 2776 449 2807 iu
476 2776 550 2807 loco
575 2776 689 2818 ¹{liquis
718 2786 786 2815 est,
823 2782 962 2820 quisquis

199 2822 266 2863 est).
306 2834 337 2863 p.
364 2821 490 2851 Cluent.
518 2821 566 2856 19,
592 2821 652 2852 »Sl
679 2825 876 2862 utquiequid
899 2835 960 2866 ego

198 2865 492 2908 apprehenderam
517 2864 628 2896 statim
652 2874 822 2897 accusatm
846 2876 959 2899 extor-

200 2911 321 2953 quebat
341 2922 357 2941 e
378 2910 526 2941 manibus
550 2910 636 2951 (11.6.
659 2909 791 2952 aliquid
810 2914 960 2961 ’quicquid

200 2956 290 2995 eratN.
327 2957 431 2997 Supra
453 2956 507 2986 IV.
535 2954 583 2990 19,
604 2952 665 2986 44τ
691 2957 742 2986 ubi
767 2955 851 2985 euim
876 2959 960 2994 quic-

995 1403 1070 1441 quid
1096 1407 1199 1439 esset,
1239 1400 1327 1442 quod
1353 1400 1434 1432 disci
1464 1407 1598 1443 posset,
1633 1413 1673 1433 eo
1699 1413 1757 1433 ve-

996 1445 1150 1476 niendum
1184 1444 1420 1476 iudicaverunt.
1480 1446 1584 1476 Etiam
1618 1457 1679 1487 pro
1712 1447 1759 1477 M.

996 1490 1137 1520 Fonteio
1162 1489 1192 1526 7,
1225 1491 1271 1520 15.
1320 1491 1459 1521 Klotzius
1484 1501 1569 1521 nunc
1603 1491 1649 1532 (in
1674 1489 1758 1522 Add.

997 1546 1029 1576 p.
1056 1533 1138 1570 16³&
1179 1545 1205 1564 C.
1236 1534 1386 1565 Manutio
1420 1534 1597 1575 legendum
1630 1541 1759 1566 censet:

996 1582 1028 1609 ut
1049 1580 1194 1617 quicquid
1218 1590 1255 1609 ex
1271 1579 1328 1609 illo
1345 1579 1419 1609 loco
1436 1579 1574 1616 dicetur,
1600 1579 1648 1609 uti
1663 1579 1761 1611 etiam

998 1622 1069 1653 cod.
1107 1625 1164 1654 Ox,
1200 1624 1232 1653 S.
1267 1622 1357 1664 legit.
1395 1623 1435 1652 de
1464 1625 1518 1654 Or.
1547 1625 1570 1655 1.
1596 1623 1649 1661 27,
1679 1624 1759 1656 1232

996 1678 1118 1708 ,quum
1141 1678 1285 1697 caussam
1304 1678 1505 1709 quaererem,
1531 1667 1685 1710 quidnam
1706 1679 1762 1699 es-

996 1719 1065 1747 set.
1105 1723 1180 1749 cur.
1216 1711 1248 1742 in
1280 1722 1399 1751 quoquo
1431 1719 1562 1743 oratore
1586 1712 1761 1755 plurimum

997 1762 1092 1793 esset,
1119 1756 1164 1786 ita
1183 1757 1323 1787 maxime
1343 1756 1368 1786 is
1389 1757 1659 1798 pertimesceret“
1681 1769 1761 1789 ver-

997 1801 1036 1832 ba
1059 1800 1105 1831 ita
1131 1801 1349 1831 construenda
1374 1808 1467 1832 sunt:
1505 1813 1561 1832 cur
1584 1802 1610 1832 is
1634 1809 1757 1842 orator,

995 1846 1028 1876 in
1043 1856 1175 1887 quoquo
1190 1845 1364 1886 plurimum
1379 1852 1475 1883 esset,
1498 1846 1638 1877 maxime
1650 1853 1735 1888 pert.
1750 1858 1758 1884 ;

996 1889 1142 1932 sequitur
1174 1893 1238 1929 ita,
1276 1890 1365 1932 quasi
1396 1891 1624 1921 antecesserit:
1663 1895 1696 1921 ut
1725 1893 1758 1922 in

995 1944 1112 1975 quoque
1145 1945 1192 1965 or.
1218 1935 1262 1976 pl.
1289 1941 1393 1973 esset,
1432 1935 1478 1965 uti
1504 1935 1601 1977 vulgo
1628 1934 1758 1977 legitur.

997 1981 1087 2010 Duae
1124 1979 1387 2010 constructiones
1424 1980 1579 2011 confusae
1614 1986 1689 2010 sunt
1724 1979 1759 2010 in

995 2035 1102 2054 unam.
1170 2025 1204 2054 ln
1249 2024 1427 2066 exemplis,
1471 2025 1566 2066 quale
1603 2031 1651 2055 est
1685 2023 1757 2056 Liv.

995 2066 1032 2099 41
1050 2093 1057 2105 ,
1081 2069 1122 2099 81
1151 2068 1272 2100 liberos
1294 2081 1369 2100 suos
1393 2072 1613 2108 quibusquibus
1634 2069 1759 2100 Roma-

995 2112 1043 2142 nis
1068 2113 1232 2154 mancipio
1256 2113 1394 2151 dabant,
1431 2113 1587 2145 attractio
1614 2119 1664 2144 est
1686 2119 1759 2144 sta-

995 2156 1134 2187 tuenda:
1171 2157 1346 2194 Romanis,
1372 2160 1478 2197 quiqui
1497 2162 1606 2197 erant,
1631 2158 1678 2188 uti
1703 2157 1758 2188 di—

997 2201 1080 2231 citur
1110 2213 1140 2231 v.
1168 2212 1194 2231 c.
1223 2212 1404 2240 quacunque
1435 2202 1560 2233 ratione
1587 2213 1664 2243 pro:
1702 2213 1758 2232 ra-

995 2245 1105 2283 tione,
1143 2256 1354 2287 quaecunque
1388 2252 1448 2278 est.
1494 2247 1533 2276 Y.
1560 2257 1618 2276 nos
1641 2246 1672 2276 in
1700 2247 1757 2277 Gr.

998 2291 1034 2321 L.
1061 2291 1088 2331 ᾗ.
1109 2288 1180 2321 146.
1207 2290 1286 2320 Not.
1310 2293 1335 2321 l.

1064 2336 1091 2376 ᾗ.
1107 2332 1160 2365 99.
1197 2344 1217 2364 α
1239 2336 1449 2376 Xenophonte]
1478 2335 1599 2377 Cyrop.
1624 2336 1646 2366 1.
1669 2334 1701 2373 ¹2,
1725 2334 1757 2367 8.

997 2378 1047 2409 Cf.
1074 2378 1143 2408 Fin.
1168 2380 1208 2409 H.
1232 2381 1294 2417 25,
1319 2378 1375 2410 92.

1060 2424 1263 2464 nasturtium]
1289 2421 1470 2465 κάρδαμον.
1494 2424 1534 2455 V.
1551 2423 1696 2455 Fischer.
1715 2423 1758 2455 ad

993 2467 1151 2510 Xenoph.
1168 2467 1241 2510 Cyr.
1263 2467 1284 2498 1.
1298 2467 1330 2498 d.
1354 2480 1386 2510 p.
1404 2466 1453 2500 14.
1489 2468 1540 2499 Cf.
1560 2468 1592 2499 C.
1610 2468 1651 2499 de
1664 2467 1758 2499 Finn.

995 2513 1035 2543 11.
1059 2511 1120 2549 26,
1145 2511 1200 2543 92.

1061 2567 1155 2596 quum
1177 2567 1202 2588 c.
1224 2558 1331 2596 facili,
1356 2561 1420 2588 tum
1441 2567 1529 2588 suav.
1548 2555 1756 2598 praestantia]

998 2602 1034 2632 D.
1059 2612 1076 2632 e
1098 2601 1201 2631 Bentl.
1223 2601 1308 2632 coni.
1330 2612 1425 2641 quum
1445 2612 1470 2633 e.
1490 2604 1668 2641 facilia,
1692 2604 1757 2631 tum

995 2656 1084 2677 suav.
1117 2656 1187 2685 pr.;
1224 2645 1337 2676 melius
1363 2647 1397 2677 L.
1421 2657 1517 2685 quum
1541 2656 1566 2676 c.
1591 2647 1696 2684 sacili,
1732 2648 1753 2675 t.

996 2700 1085 2721 suav.
1116 2692 1376 2729 praestanti.
1437 2690 1558 2720 Ultima
1589 2689 1698 2719 littera
1738 2700 1755 2720 e

996 2746 1064 2777 seq.
1090 2736 1172 2765 adde
1195 2734 1292 2765 facile
1317 2734 1404 2765 nasei
1435 2734 1553 2776 potuit.
1600 2733 1755 2764 Probavit

997 2779 1096 2810 etiam
1123 2781 1198 2811 Wes
1223 2781 1365 2810 Em.111.
1390 2790 1420 2821 p.
1439 2778 1513 2818 ¹28„
1547 2777 1601 2819 qui
1633 2777 1674 2808 de
1698 2789 1755 2808 ra-

996 2824 1083 2855 riore
1106 2823 1256 2854 vocabuli
1288 2827 1448 2863 praestans
1473 2833 1528 2853 usu
1565 2833 1673 2864 comp.
1700 2823 1754 2853 1V.

996 2869 1024 2910 §-
1052 2868 1093 2899 2:
1126 2871 1300 2907 praestanti
1325 2866 1485 2909 sapientia
1517 2873 1550 2898 et
1578 2866 1754 2898 nobilitate

997 2912 1213 2955 Pjthagoras.
1248 2925 1279 2955 p.
1295 2914 1378 2943 Sest.
1402 2912 1430 2953 ξ.
1446 2911 1506 2943 91:
1538 2909 1754 2954 qui—primi

996 2957 1116 2988 virtute
1139 2964 1172 2987 et
1196 2956 1332 2988 consilio
1354 2958 1526 2994 praestanti
1550 2955 1754 2987 exstiterunt.
