1832 3137
1556 95 1610 136 55

43 190 152 225 esset
182 190 309 223 tamen
333 182 515 223 miseriae
553 181 640 222 finis
672 181 710 222 in
740 188 890 232 morte,
934 182 1114 236 quoniam
1148 189 1278 222 autem
1315 180 1429 222 etiam
1465 184 1605 224 mortui

649 102 812 135 LIBER
840 103 927 142 1.5,
957 103 1003 135 10.

44 257 178 298 miseri
200 263 290 297 sunt
305 287 315 307 ,
348 256 388 296 in
412 255 609 296 miseriam
635 254 832 295 nascimur
852 255 1156 310 sempiternam.»
1205 254 1384 296 Necesse
1403 263 1465 296 est
1485 256 1603 306 enim,

44 331 211 371 miseros
242 343 331 370 esse
371 343 465 380 eos,
506 329 568 383 qui
609 335 764 369 centum
794 327 947 368 milibus
967 332 980 356 ¹
1016 342 1206 369 annorum
1238 335 1328 369 ante
1358 328 1601 377 occiderunt,

0 393 6 471 i
39 403 264 458 vel.potius
300 416 463 454 omues,
509 403 726 457 quicunque
762 401 841 441 nati
869 408 973 441 sunt.

1037 402 1091 443 A.
1124 401 1180 442 Ita
1215 416 1374 457 prorsus
1401 402 1600 443 existimo.

0 482 5 524 Ι
45 483 111 517 10.
147 476 210 518 M.
242 475 338 526 Dic,
374 489 546 530 quaeso:
578 473 684 515 Num
708 481 746 514 tc
765 473 830 513 illa
849 480 1021 524 terrent,
1054 475 1198 530 triceps
1217 476 1314 531 apud
1335 476 1484 518 inferos
1505 474 1603 518 Cer-

0 551 5 628 Ι
43 550 188 600 herus,
223 547 366 605 Cocyti
400 549 598 598 fremitus,
633 546 824 588 travectio
857 546 1118 598 Acherontis,

0 634 4 703 Ι
160 626 290 663 Μάνεω
319 637 495 662 summam
525 622 657 674 aqmim
687 623 880 671 attingens
909 623 977 659 siti
1008 628 1182 660 enecatus
1218 622 1395 661 Trimulus
1411 625 1432 649 2
1449 627 1466 659 ?
1525 653 1527 655 .

0 713 3 726 ν
45 704 122 737 tum
144 699 161 724 3
197 696 313 746 illud,
347 695 447 749 quod

0 728 3 794 l
779 767 964 818 Sisyphus
996 770 1120 805 versat

0 826 2 903 l
313 841 455 880 Scioeelm
485 840 626 879 midan-s
657 840 807 879 m'lemhi
837 855 954 892 neque
979 842 1139 892 lff‘lfiffl'c
1166 840 1281 879 lez'lelm
1294 846 1312 878 1²

0 931 2 958 ι
40 914 208 954 fortasse
238 913 354 954 ctiam
385 913 652 954 inexorabiles
677 913 852 964 iudices,
895 911 1029 954 Minos
1062 920 1101 953 et
1121 912 1471 954 Rhadamanthus?
1507 915 1604 968 apud

0 1001 1 1029 l
38 1000 136 1041 quos
159 1000 231 1027 nec
251 993 289 1027 te
311 985 362 1027 L.
383 984 555 1027 Crassus
577 987 775 1038 desendet,
810 1000 883 1027 nec
903 985 964 1027 M.
986 985 1206 1036 Antonius,
1247 1001 1343 1038 nec,
1387 987 1600 1041 quoniam4

38 1060 137 1114 apud
177 1058 357 1101 Graecos
393 1059 542 1100 iudices
572 1074 636 1100 res
670 1066 830 1114 agetur,
875 1059 1022 1114 poteris
1059 1060 1243 1100 adhibere
1272 1059 1602 1108 Deinosthenem3

40 1132 107 1173 tibi
134 1132 203 1187 ipsi
234 1146 303 1186 pro
332 1139 368 1172 tc
399 1132 474 1172 erit
505 1132 677 1172 maxima
708 1146 852 1172 corona
889 1146 1029 1172 caussa
1058 1132 1236 1173 dicenda.
1297 1132 1407 1173 Haec
1440 1134 1608 1174 fortasse

40 1205 181 1246 metuis
212 1212 253 1245 et
283 1205 427 1245 idcirco
459 1212 622 1246 mortem
655 1218 795 1245 censes
827 1218 917 1245 esse
948 1205 1225 1260 sempiternum
1258 1206 1416 1246 malum.

156 1276 231 1319 VI.
293 1279 347 1318 A.

40 1351 104 1393 M.
125 1350 189 1391 An
209 1357 249 1390 tu
269 1350 365 1391 haec
383 1365 459 1390 non
482 1351 635 1391 credis?
671 1351 723 1391 A.
748 1349 912 1391 Minime
938 1364 1050 1391 vero.
1084 1351 1148 1392 M.
1173 1350 1297 1402 Male,
1320 1351 1493 1403 hercule,
1517 1367 1606 1393 nar·-

409 1277 574 1318 Adeone
613 1292 674 1318 me
712 1278 877 1317 delirare
911 1291 1074 1328 censes,
1119 1285 1157 1318 ut
1196 1279 1269 1318 ista
1300 1292 1388 1318 csse
1424 1279 1606 1320 credam?

133 1450 149 1483 1
178 1451 272 1483 Hanc
291 1451 466 1484 rectiorem
491 1451 687 1495 scripturam
712 1451 872 1495 praebent
899 1451 997 1483 codd.
1020 1451 1126 1483 Marb.
1154 1452 1241 1484 Gud.
1261 1450 1292 1484 2.
1321 1458 1371 1492 et,
1404 1459 1441 1484 ut
1463 1453 1605 1492 videtur,

44 1496 94 1535 R„
121 1508 220 1539 quum
241 1498 300 1528 Tr.
325 1496 371 1528 sic
394 1497 493 1539 legat.
521 1499 574 1528 Or.
598 1509 625 1529 c.
651 1497 738 1539 vulg.
762 1499 909 1528 millibus.
965 1495 987 1528 2
1011 1497 1065 1529 Sic
1089 1499 1145 1528 Or.
1161 1509 1187 1529 c.
1204 1498 1274 1536 W„
1300 1503 1336 1528 ut
1357 1498 1401 1529 sit
1422 1498 1530 1530 troch.
1551 1505 1605 1530 te-

41 1548 135 1573 tram.
158 1541 275 1578 catal.;
302 1541 442 1573 eundem
466 1542 641 1573 verborum
673 1542 823 1574 ordinem
854 1541 980 1573 habent
1003 1542 1087 1574 R.3.
1113 1542 1211 1574 Vind.
1235 1541 1267 1575 2.
1294 1549 1327 1574 et
1348 1543 1508 1585 plurimae
1530 1543 1605 1575 cdd.

40 1593 134 1624 vett„
160 1586 217 1617 sed
241 1591 361 1618 enectus
386 1598 446 1629 pro
472 1591 637 1627 enecatus,·
670 1586 808 1618 R.Gud.
826 1586 854 1618 1.
882 1594 915 1617 et
940 1586 1055 1630 reliqui
1082 1587 1178 1618 codd.
1216 1587 1286 1619 fere
1319 1599 1432 1619 omnes
1461 1588 1607 1631 itemque

40 1631 129 1662 Nou.
153 1642 184 1673 p.
206 1630 282 1662 401.
307 1632 410 1663 Mero.
436 1636 556 1664 enectus
576 1634 627 1664 siti
651 1634 683 1664 T.
742 1631 764 1664 3
788 1631 844 1663 Sic
865 1632 903 1663 R.
925 1631 1011 1663 Gud.
1027 1631 1054 1663 1.
1083 1640 1115 1664 et
1137 1632 1254 1675 reliqui
1279 1632 1348 1664 fere
1370 1645 1483 1665 omnes
1508 1633 1605 1666 codd.

39 1674 184 1718 itemque
198 1676 283 1706 Non.
309 1687 339 1717 p.
361 1674 433 1708 121.
458 1683 492 1707 et
512 1675 588 1709 353.
613 1676 665 1709 ed.
680 1677 803 1715 Mcrc.;
829 1676 883 1708 alii
904 1687 1000 1708 num:
1025 1677 1114 1719 quod
1136 1677 1235 1708 etiam
1248 1680 1302 1709 Or.
1322 1678 1448 1721 recepit
1472 1679 1513 1710 ob
1534 1685 1606 1711 ter--

41 1720 121 1751 tium
146 1720 244 1751 illud:
280 1722 410 1761 sortasse
432 1724 525 1753 eliam
543 1728 606 1754 etc.
663 1720 685 1755 4
710 1721 794 1754 Lall.
818 1734 835 1753 e
853 1721 952 1753 duob.
975 1721 1073 1755 codd.
1095 1733 1298 1763 quanquam:
1331 1723 1488 1755 insulsum
1511 1723 1605 1766 glos-

42 1776 141 1796 semu.

37 1834 152 1864 misera
174 1831 346 1872 debilita53
371 1835 483 1865 bonum
506 1833 679 1865 incolumis
703 1833 802 1873 acies,

38 1879 151 1910 misera
171 1878 322 1909 caecitas.
356 1879 525 1921 Nusquam
547 1878 683 1910 dicitur:
710 1890 800 1909 sum—

38 1933 126 1953 mum
150 1923 321 1959 miserum,
347 1923 465 1954 misera
485 1923 602 1959 animi,
638 1923 685 1954 uti
710 1935 801 1953 sum-

38 1978 125 1998 mum
146 1968 287 2006 bonum,
320 1968 407 1999 bona
429 1968 539 1999 animi.
587 1969 626 1999 V.
649 1970 803 1999 Moserum

39 2011 72 2043 in
95 2011 190 2044 huius
214 2012 267 2043 ed.
288 2013 342 2043 [It.
370 2024 505 2043 censura
530 2024 562 2054 p.
579 2010 656 2045 546.

105 2067 193 2088 nemo
215 2066 286 2097 ergo
306 2068 367 2089 non
387 2060 495 2099 miser]
522 2057 601 2088 Scil.
622 2061 683 2089 est:
713 2056 802 2100 quod

40 2101 175 2133 verbum
199 2101 285 2144 apud
310 2101 454 2134 Tullium
483 2113 582 2145 saepe
606 2101 638 2133 in
664 2102 801 2134 conclu-

38 2145 131 2178 sione
154 2146 327 2178 omittitur.
376 2147 427 2178 Cf.
453 2147 564 2190 paullo
587 2154 682 2178 ante:
720 2149 803 2188 Eryo

38 2210 83 2216 —
104 2194 218 2223 miseri.
266 2191 336 2222 Fin.
363 2194 386 2224 l.
416 2192 474 2231 15,
499 2192 560 2225 59:
585 2203 682 2224 nemo
704 2191 804 2235 igitur

38 2247 150 2269 eorum
172 2247 238 2268 non
259 2236 373 2268 miser:
399 2236 454 2268 ubi
475 2249 506 2269 v.
530 2240 674 2269 Goerenz.
696 2249 729 2280 p.
747 2237 801 2270 ὃὸ.

104 2283 258 2323 constare]
285 2283 324 2314 V.
351 2281 518 2313 Adnotuta
543 2282 585 2314 ad
610 2283 650 2313 Il.
674 2282 714 2321 2,
739 2284 769 2314 ὁ.

106 2328 217 2365 quibus
239 2328 433 2358 moriendum
462 2329 552 2369 esset]
591 2328 638 2358 Ex
670 2334 802 2359 nostrae

43 2368 170 2411 linguae
203 2370 330 2401 ratione
363 2379 532 2413 exspectes
560 2376 625 2412 est,
659 2379 697 2404 ut
726 2384 802 2404 mox

41 2416 148 2445 vivunt
166 2425 225 2456 pro
249 2417 404 2454 viverent,·
428 2416 486 2446 sed
508 2417 541 2447 in
563 2417 673 2459 lingua
685 2417 803 2449 Latina

42 2457 141 2489 etiam
162 2458 318 2489 relativae
338 2459 589 2497 enuntiatione&
611 2473 693 2503 quae
712 2468 802 2493 arcte

42 2503 221 2534 cohaerent
241 2515 312 2534 cum
334 2504 559 2535 enuntiatione
575 2506 801 2543 conditionali,

40 2547 179 2579 eandem
201 2559 297 2591 quam
318 2548 401 2580 haec
422 2549 521 2580 habet
541 2549 674 2581 iuduere
694 2552 803 2581 solent

41 2593 193 2625 formam.
238 2593 392 2636 Exempla
413 2594 672 2637 suppeditabunt
692 2597 803 2626 nams-

41 2639 127 2670 horn.
157 2639 230 2669 Lat.
259 2639 315 2669 Gr.
342 2638 462 2682 §.19:5.
488 2640 568 2670 Not.
593 2639 618 2670 1.
669 2641 804 2673 Kithner.

42 2682 82 2714 L.
111 2682 169 2715 Gr.
205 2685 232 2727 ὃ.
264 2682 362 2715 l-ll).a
395 2684 475 2715 Not.
509 2685 557 2715 10.
617 2683 668 2714 Cf.
706 2684 804 2715 etiam

43 2728 181 2767 Seyffert.
203 2727 244 2759 ad
267 2729 358 2760 Lael.
376 2728 408 2768 6,
433 2731 486 2761 22.
513 2741 543 2771 p.
563 2727 633 2761 136.
683 2728 806 2760 Eadem

45 2771 128 2804 ratio
148 2771 184 2813 ¹iu
213 2772 322 2815 lingua
347 2774 493 2810 Graeca,
529 2781 563 2804 ut
588 2774 675 2804 Xon.
703 2774 806 2805 Corn-

45 2822 146 2847 ment.
168 2818 193 2848 1.
214 2815 256 2855 4,
288 2816 344 2850 14:
370 2815 448 2852 οὔτε
470 2817 533 2861 γὰρ
561 2816 638 2862 ,ἶῡὲς
660 2813 697 2851 ἂν
721 2817 804 2862 ἔχων

49 2859 172 2913 guium,
201 2858 376 2905 ἀνθρώπου
413 2863 450 2897 δὲ
481 2863 639 2905 γνώμην,
676 2859 804 2896 ἐδύνατ’

47 2915 86 2936 αν
109 2914 282 2949 πραττειν,
315 2903 337 2941 ἃ
371 2906 587 2952 ἐβούλετο
623 2912 719 2951 (quae
742 2910 804 2940 vel-

46 2947 122 2990 leo.-
146 2948 199 2981 ubi
222 2962 252 2983 v.
275 2952 444 2986 Adnotatu
468 2960 580 2985 nostra
601 2965 631 2996 p.
657 2952 727 2986 156.

907 1834 1071 1877 Tantalus]
1097 1835 1136 1864 V.
1162 1835 1216 1866 IV.
1244 1834 1303 1874 16,
1328 1834 1382 1868 35.
1417 1842 1451 1866 et
1486 1836 1604 1878 Odyss.

839 1879 887 1910 IX
903 1904 910 1918 ,
936 1880 1001 1910 5152
1018 1897 1052 1902 —-
1067 1878 1142 1910 592.

906 1925 1058 1962 Sisyphus
1080 1941 1123 1946 ν-
1147 1925 1260 1965 hilum]
1300 1925 1384 1954 Sunt
1418 1936 1529 1956 versus
1566 1937 1602 1957 ex

837 1968 974 2010 antiquo
997 1974 1096 2009 poeta
1118 1968 1225 2009 petiti,
1250 1980 1331 2011 quos
1351 1969 1518 2001 Ciceronis
1540 1982 1603 2002 no-

837 2013 925 2044 mine
959 2019 1197 2044 commemorat
1219 2013 1345 2044 Nonius
1378 2013 1409 2045 in
1442 2017 1539 2047 hilum
1572 2023 1604 2046 et

836 2061 902 2090 nili.
936 2058 985 2088 De
998 2057 1141 2100 Sisypho
1164 2069 1370 2100 comparasse
1388 2059 1514 2091 iuvabit
1533 2060 1604 2092 ele-

836 2101 1060 2145 gantissimam
1098 2103 1234 2134 Homeri
1273 2103 1529 2146 descriptionem
1570 2105 1604 2136 in

839 2147 955 2190 Odyss.
982 2148 1050 2185 Χῖ,
1077 2147 1283 2181 593—600.
1334 2149 1462 2180 Verba:
1488 2160 1604 2182 saxum

837 2195 957 2225 sudans
978 2194 1102 2224 nitendo
1127 2193 1257 2235 egregie
1280 2194 1485 2237 respondent
1505 2207 1603 2238 grae-

839 2237 903 2270 cis:
941 2237 1021 2270 λᾶαν
1047 2233 1116 2271 ἅνω
1141 2235 1277 2271 ὤῧεσκε
1300 2237 1376 2271 ποτὶ
1400 2238 1500 2281 λόφον
1526 2240 1603 2282 pul-

840 2282 1064 2325 cherrimeque
1096 2283 1264 2325 ingentem
1291 2283 1424 2325 Sisyphi
1455 2284 1603 2315 laborem

837 2327 1031 2370 depingunt.
1079 2327 1218 2358 Orellius
1246 2327 1400 2369 apposite
1434 2335 1603 2370 comparat

836 2374 970 2404 Lucret.
988 2373 1045 2410 Ill,
1071 2372 1172 2403 1013:
1198 2373 1253 2402 hoc
1267 2376 1320 2410 est,
1341 2373 1475 2404 advorso
1488 2376 1602 2405 nixan-

836 2422 895 2449 tem
918 2419 1039 2448 [endere
1068 2420 1168 2447 monle
1190 2418 1322 2447 Saxum.
1370 2417 1419 2447 De
1441 2419 1605 2457 Sisyphus,

837 2461 924 2505 quod
947 2460 1127 2502 antiquitus
1149 2461 1296 2499 Sisyplm'
1318 2462 1602 2503 pronuntiabatur,

838 2519 867 2537 v.
895 2506 935 2537 ad
962 2517 989 2535 c.
1010 2506 1050 2543 9,
1080 2506 1135 2536 lb:
1162 2508 1276 2537 Aelius.

905 2551 1032 2590 corona]
1061 2548 1182 2581 circulo
1205 2550 1385 2591 hominum,
1409 2552 1465 2594 qui
1485 2559 1602 2584 orato-

839 2606 907 2627 rem
929 2594 1150 2626 circumstant.
1187 2596 1227 2626 V.
1240 2598 1373 2628 Ernestii
1386 2597 1475 2629 Clav.
1495 2598 1598 2630 Cicer.

839 2641 871 2672 ll.
894 2651 924 2670 v.
953 2646 987 2670 et
1013 2641 1118 2671 navis.
1141 2640 1183 2671 ad
1206 2640 1248 2673 N.
1275 2642 1314 2672 D.
1338 2643 1379 2673 Il.
1407 2643 1444 2681 1,
1472 2643 1500 2674 1.

910 2684 1064 2715 G..1›.V1.
1112 2686 1345 2729 malenarras]
1382 2689 1484 2727 Male,
1517 2690 1600 2725 bene,

837 2731 930 2769 probe
951 2739 1081 2761 narrare
1101 2729 1225 2762 locutio
1248 2738 1296 2762 est
1320 2732 1459 2763 maxime
1480 2739 1600 2775 poeta—

839 2785 909 2805 rum
931 2774 1129 2807 comicorum
1155 2775 1288 2818 propria
1311 2776 1352 2807 de
1374 2788 1434 2815 eo,
1471 2777 1524 2819 qui
1550 2777 1597 2807 ul-

839 2819 938 2850 terius
971 2830 1143 2862 sermone,
1179 2821 1388 2860 narratione,
1425 2821 1516 2852 dicto
1549 2821 1597 2850 vvl

840 2864 932 2896 dolet
955 2865 1007 2896 vel
1040 2866 1173 2907 gaudet.
1222 2866 1274 2897 Cf.
1298 2867 1434 2898 Terent.
1457 2867 1536 2896 Eun.
1563 2866 1598 2895 V.

839 2910 870 2948 3,
891 2909 924 2943 7.
967 2909 1034 2943 cic.
1058 2910 1099 2942 ad
1123 2914 1190 2942 Att.
1217 2912 1308 2942 XVI.
1338 2908 1394 2942 14:
1420 2910 1504 2941 male
1523 2921 1602 2942 nur—

840 2966 891 2986 ras
915 2954 956 2986 de
979 2955 1119 2997 Nepotis
1142 2955 1220 2989 lilio.
1266 2955 1378 2986 parad.
1407 2956 1459 2985 ΠΙ.
1486 2955 1518 2988 2.
1539 2955 1599 2988 23;
