1863 3221
213 111 267 153 60

214 207 362 250 esseut,
397 212 465 239 eos
484 211 532 237 nc
555 196 720 236 miseros
740 194 893 248 quidem
910 206 999 234 esse
1020 207 1150 247 posse.
1198 191 1325 245 Quid?
1356 193 1420 247 qui
1440 193 1624 244 vivimus,
1658 207 1774 247 quum

821 114 1175 150 L15E1t1.b,1.3.

216 272 453 313 moriendum
481 270 554 319 sit,
589 281 718 308 nonne
743 266 874 307 miseri
898 267 1057 307 sumus?
1117 263 1229 318 Quae
1251 266 1351 305 cuim
1374 273 1501 320 potest
1521 266 1560 306 in
1585 265 1662 306 vita
1686 279 1773 306 esse

191 346 455 393 ‘iucunditas‚
500 331 612 396 {fuum
644 340 726 380 dies
757 346 795 380 et
821 345 957 380 noctes
996 338 1243 392 cogitandum
1279 337 1352 388 sit,
1394 338 1469 378 iam
1501 338 1653 392 iamque
1686 352 1773 378 esse
1827 350 1829 352 ·

216 418 457 459 moriundum
474 417 523 454 9?

324 487 442 531 Vlll.
480 494 545 528 15.
582 486 644 526 M.
679 484 801 539 Ecqui
824 488 838 512 1
863 499 958 539 ergo
980 484 1186 538 intelligis,
1222 490 1403 538 quantum
1430 484 1518 524 mali
1539 484 1585 524 de
1609 484 1775 524 humana

1234 555 1297 597 M.
1333 555 1435 609 Quia
1453 588 1464 608 ⁷
1497 557 1529 596 si
1556 558 1577 581 *
1594 556 1733 596 mors*
1758 559 1767 581 ¹

215 635 330 676 eliani
368 633 532 674 mortuis
571 633 752 672 miserum
792 638 924 681 esset,
970 630 1159 670 infinitum
1195 629 1385 683 quoddam
1423 636 1461 669 et
1496 629 1774 683 sempiternum

216 562 438 602 conditione
468 559 690 601 deieceris?
747 558 800 598 Α.
833 557 1010 612 Quonam
1035 558 1175 597 modo?

216 708 354 749 malum
380 707 610 748 haberemus
629 708 644 732 1
673 705 712 745 in
736 705 840 755 vita,
876 718 976 743 nunc
1001 703 1113 743 video
1137 703 1296 754 calcem,
1329 703 1375 743 ad
1401 716 1513 757 quani
1533 705 1552 728 2
1578 716 1693 756 quum
1726 702 1773 742 sit

303 823 324 857 9
349 825 402 856 Sic
422 825 478 861 R.;
513 825 568 855 Or.
592 834 619 855 e.
644 822 728 865 vulg.
751 823 955 854 moriendum.
1016 820 1030 852 1
1058 832 1088 852 v.
1113 820 1200 852 Adn.
1257 818 1278 851 2
1302 819 1356 851 Sic
1377 822 1431 851 Or.
1453 831 1479 851 c.
1502 819 1648 864 plurimis
1677 819 1772 850 codd.

215 878 249 902 et
271 870 420 913 optimis,
446 875 481 900 ut
504 869 541 900 R.
564 869 639 900 Vat.
666 868 719 906 b.;
743 867 798 899 alii
822 877 934 907 quem;
958 865 1061 905 male,
1089 877 1119 898 v.
1146 867 1185 897 K.
1203 867 1237 897 L.
1261 866 1437 898 Schneider.
1463 865 1520 896 Gr.
1545 864 1576 895 d.
1599 865 1677 899 Lat.
1700 866 1773 906 Spr.

216 917 272 948 111.
297 927 329 958 p.
352 912 414 946 119
433 925 504 956 sqq.

213 992 446 1036 terrogationis
481 992 587 1023 forma
622 1003 652 1023 v.
687 1002 746 1022 nos
780 990 812 1021 in
845 991 883 1021 L.
917 989 974 1020 Gr.

215 1039 335 1081 §.1:16.
360 1038 441 1068 Not.
462 1038 511 1069 15.

282 1083 460 1113 olavus.
483 1083 510 1124 ᾗ.
529 1080 577 1112 15.
602 1081 714 1120 Ecqui]
735 1079 788 1110 Sic
803 1079 839 1110 R.
856 1078 975 1120 aliique

215 1127 312 1160 codd.
334 1126 482 1168 plerique
508 1124 671 1166 (nonnulli
693 1127 720 1155 et
742 1126 794 1163 qui
816 1123 868 1154 vel
891 1125 978 1162 alqui

214 1173 246 1204 h.
268 1183 295 1204 e.
322 1171 443 1211 ecqzzi);
477 1171 531 1200 Or.
558 1181 583 1201 c.
610 1168 696 1210 vulg.
723 1169 851 1207 ecquid.-
888 1167 976 1210 quod

214 1219 314 1250 Moser
336 1215 488 1246 defendit
511 1214 584 1245 coll.
609 1213 651 1244 ad
676 1217 744 1244 Att.
767 1213 817 1251 ll,
841 1212 880 1244 2:
918 1214 977 1243 Ec-

213 1263 290 1302 quid
322 1260 413 1292 vides
438 1258 606 1290 Kalendas
638 1256 774 1289 venire?
823 1256 976 1288 Liv.1V.

214 1308 254 1345 3,
280 1307 320 1338 δε
356 1306 476 1344 Ecquid
503 1303 651 1341 sentitis,
688 1302 718 1332 iu
746 1309 868 1344 quanto
895 1312 976 1332 con-

214 1356 342 1393 temptu
377 1347 522 1380 vivatis?
564 1347 631 1389 <ubi
660 1346 748 1378 idem
782 1345 879 1378 codd.
912 1345 977 1376 ssu-

216 1394 393 1434 ctuantur.)
444 1392 537 1424 Adde
569 1392 655 1423 infra
683 1393 723 1422 ΙΙ.
749 1388 805 1429 1-1,
831 1390 885 1423 3⁴3.
934 1393 977 1421 At

216 1440 259 1472 ob
283 1439 432 1471 codicum
454 1437 683 1469 auctoritatem
707 1435 796 1467 nolui
828 1435 978 1466 deserere

216 1484 411 1526 scripturam
447 1485 533 1522 ecqui
573 1482 615 1524 (i.
642 1493 670 1512 e.
705 1491 808 1522 ecquo
839 1479 976 1521 modo),

215 1528 418 1573 praesertim,
443 1539 540 1570 quum
563 1525 756 1557 vocabulum
781 1524 978 1556 rarissimum

218 1578 262 1618 (v.
295 1573 409 1614 Lexx.)
447 1584 463 1603 a
500 1571 639 1602 librariis
678 1570 774 1601 facile
815 1568 979 1611 corrumpi

216 1618 374 1662 potuerit.
425 1617 508 1648 Huic
531 1615 692 1647 vocabulo
720 1614 752 1645 in
777 1625 868 1656 seqq.
894 1614 978 1644 bene

216 1663 396 1706 respondet
420 1664 560 1700 Quonam
583 1662 700 1692 modo?
726 1659 834 1690 Etiam
856 1658 978 1701 Tregd.

215 1709 251 1740 id
274 1707 407 1749 recepit.

283 1755 320 1784 de
341 1754 479 1784 humana
501 1753 670 1782 condilione
690 1749 847 1789 deieceris]
883 1748 925 1779 H.
950 1759 978 1778 e.

217 1804 374 1841 quantum
397 1796 472 1827 mali
495 1795 583 1827 vitae
603 1795 764 1826 humanae
786 1791 977 1824 detraxeris.

217 1843 309 1874 Infra
344 1843 382 1872 11.
413 1842 453 1879 ὁ,
483 1838 539 1872 14:
587 1847 744 1882 quantum
780 1838 820 1869 de
856 1837 980 1869 doloris

216 1894 344 1919 terrore
367 1885 535 1917 deieceris.
575 1885 630 1915 lV.
655 1884 708 1923 37,
734 1884 795 1916 ὅΟΖ
822 1882 901 1914 vitia
926 1894 980 1913 ra—

217 1932 309 1964 tione
332 1943 350 1963 a
373 1943 408 1962 se
433 1941 502 1961 esse
527 1929 655 1960 deiecta

284 1987 365 2008 mors
388 1978 480 2007 etiam
499 1976 627 2006 mortuis
646 1976 793 2005 miserum
813 1973 901 2013 esset]
930 1971 996 2006 Sic.

217 2023 370 2053 Bentleius
401 2031 459 2061 pro
484 2022 562 2050 mori
594 2018 769 2060 legendum
801 2017 982 2059 suspicatus

218 2072 278 2096 est.
336 2065 532 2096 Coniectura
571 2063 700 2105 egregia
741 2073 779 2093 ac
816 2061 981 2104 palmaris,

218 2121 314 2152 quam
340 2120 406 2139 non
440 2107 585 2138 dubitavi
618 2108 651 2138 in
686 2106 834 2137 ordinem
859 2106 981 2136 verbo-

219 2165 289 2186 rum
313 2153 471 2195 recipere.
521 2151 626 2190 Quid,
653 2162 785 2193 quaeso,
811 2150 980 2181 absurdius

220 2198 357 2241 cogitari
382 2204 513 2240 potest,
548 2208 644 2238 quam
668 2195 854 2233 sententia,
884 2206 980 2237 quam

220 2243 357 2286 praebet
391 2243 552 2284 scriptura
584 2242 692 2272 mori?
750 2241 813 2278 Qui
846 2239 981 2270 tandem

218 2289 252 2321 h.
273 2288 315 2326 l.,
351 2287 403 2318 ubi
429 2287 469 2318 de
491 2290 555 2318 iam
573 2287 703 2316 mortuis
726 2284 851 2326 agitur,
887 2295 981 2315 com-

219 2332 393 2365 memorari
427 2338 537 2374 potest
568 2332 719 2361 moriendi
750 2329 858 2367 actio,
893 2329 925 2360 h.
952 2340 979 2359 e.

220 2378 375 2410 transitus
397 2388 436 2408 ex
453 2376 600 2407 vivorum
623 2374 814 2405 conditione
834 2374 867 2405 in
888 2385 978 2404 mor—

220 2422 376 2454 tuorum?
416 2425 457 2452 At
478 2423 584 2452 morlis
607 2430 726 2450 nomen
751 2419 876 2461 optime
898 2430 981 2449 con-

221 2468 312 2498 venit
341 2467 373 2497 in
408 2466 494 2497 hunc
524 2465 650 2499 locum3
685 2474 769 2495 mors
791 2464 876 2495 enim
900 2474 982 2494 ‘mor-

220 2516 342 2542 tuorum
372 2510 584 2551 intelligenda
617 2515 665 2540 est
694 2514 816 2547 status,
851 2509 884 2540 in
917 2519 981 2551 quo

221 2555 342 2586 mortui
364 2561 544 2585 versantur.
580 2553 681 2585 Tullii
701 2553 800 2595 igitur
819 2552 982 2585 sententia

221 2600 303 2631 haec
327 2606 395 2630 est:
422 2598 584 2629 infinitum
610 2598 775 2639 quoddam
800 2605 833 2629 et
856 2597 978 2640 sempi—

222 2651 350 2676 ternum
378 2643 499 2674 malum
532 2642 743 2680 haberemus,
781 2643 808 2673 si
832 2654 898 2674 non
922 2654 980 2673 so—

223 2689 288 2720 lum
303 2689 370 2719 vita
390 2688 471 2730 ipsa,
496 2686 553 2716 sed
576 2686 674 2716 etiam
695 2693 807 2725 status,
829 2688 861 2718 in
887 2699 981 2730 quem

222 2740 299 2776 post
321 2733 405 2764 lianc
430 2732 528 2763 vitam
554 2731 750 2767 deferimur,
789 2740 821 2762 et
852 2733 884 2763 in
918 2744 982 2774 quo

222 2778 342 2810 mortni
369 2782 557 2812 versantur,
592 2774 690 2805 miser
713 2783 808 2805 esset.
858 2777 982 2808 Corru—

221 2823 332 2866 ptelae
365 2834 475 2854 caussa
509 2819 617 2862 posita
642 2818 770 2850 videtur
803 2820 836 2850 in
866 2828 982 2853 neutro

222 2871 379 2907 miserum,
403 2866 491 2910 quod
512 2876 570 2907 pro
590 2863 796 2895 substantivo
817 2864 983 2906 accipien—

223 2913 300 2944 ‹lum
326 2919 384 2943 est.
432 2913 473 2943 V.
496 2909 537 2941 ad
560 2920 585 2940 c.
608 2909 647 2946 5,
673 2907 705 2940 9.
751 2908 805 2939 Sic
829 2909 870 2939 ad
894 2910 984 2941 Fam.

225 2959 266 2989 Vl
281 2982 288 2991 .
314 2959 373 2989 2³1:
412 2955 553 2988 oninium
579 2964 683 2985 rerum
711 2963 791 2985 mors
815 2960 863 2984 est
887 2957 983 2985 extre—

1010 999 1106 1020 mum.
1153 989 1193 1020 V.
1217 999 1276 1019 nos
1300 987 1333 1019 in
1359 988 1416 1021 Gr.
1440 987 1478 1019 L.
1506 986 1623 1030 §.103
1648 987 1728 1018 Not.
1744 986 1776 1019 ⁴2.

1013 1034 1064 1064 Cf.
1089 1033 1350 1064 enucleatissime
1384 1032 1425 1063 de
1449 1032 1481 1063 h.
1506 1032 1528 1063 l.
1555 1038 1775 1074 exponentem

1011 1080 1166 1109 Krilzium
1188 1078 1221 1108 in
1253 1077 1471 1108 eruditissima
1496 1083 1626 1108 nostrae
1653 1077 1776 1118 primae

1011 1122 1129 1153 horum
1160 1122 1320 1153 librorum
1346 1121 1497 1153 editionis
1521 1132 1656 1152 censura
1689 1121 1775 1162 (Ali-

1010 1177 1094 1208 gem.
1120 1166 1352 1208 Schulzeitung
1377 1166 1471 1199 1830.
1497 1178 1528 1208 p.
1544 1164 1633 1205 900.)
1684 1168 1775 1197 Nau—

1011 1213 1097 1243 chius
1122 1212 1249 1253 (Progr.
1278 1211 1413 1242 Gothus.
1436 1212 1531 1243 1845.
1557 1221 1589 1252 p.
1608 1210 1672 1249 11.)
1698 1213 1776 1242 mort¹

1012 1256 1057 1287 ita
1081 1255 1308 1297 accipiendum
1331 1261 1460 1294 censet,
1486 1261 1522 1286 ut
1543 1255 1584 1285 sit
1606 1257 1688 1294 quod
1710 1265 1776 1286 mo-

1011 1303 1111 1332 rimur
1143 1300 1196 1331 vel
1230 1312 1268 1331 ea
1300 1300 1472 1331 hominum
1504 1299 1673 1339 conditio,
1715 1311 1776 1342 qua

1012 1344 1219 1376 moriendum
1254 1351 1304 1376 est
1342 1344 1491 1376 omnibus
1527 1344 1579 1375 vel
1615 1344 1777 1375 moriendi

1013 1389 1207 1421 necessitas:
1245 1400 1326 1433 quae
1355 1388 1519 1420 sententia
1548 1389 1704 1420 abhorret
1735 1389 1775 1419 ab

1012 1434 1045 1466 h.
1072 1434 1094 1465 l.

1080 1482 1200 1510 malum
1224 1479 1418 1519 haberemus]
1450 1479 1590 1509 Temere
1617 1479 1776 1517 Wopkens.

1016 1523 1123 1554 Lectt.
1148 1523 1236 1555 Tull.
1262 1524 1285 1553 1.
1312 1523 1352 1559 9,
1379 1523 1431 1554 50.
1464 1522 1548 1553 coni.
1573 1524 1773 1554 horreremus.

1014 1567 1154 1599 Locutio
1169 1570 1288 1599 malum
1301 1569 1410 1599 habere
1425 1567 1522 1598 etiam
1539 1566 1609 1598 aliis
1625 1566 1705 1597 locis
1722 1578 1774 1608 ap.

1015 1612 1207 1644 Ciceronem
1238 1612 1369 1655 legitur.
1415 1613 1559 1643 Handt‘us
1593 1611 1635 1642 ad
1669 1613 1774 1650 Woph.

1013 1657 1108 1688 affert
1128 1657 1170 1688 ad
1194 1661 1260 1689 Att.
1284 1658 1356 1689 VII.
1376 1656 1416 1695 2,
1451 1655 1537 1687 med.
1564 1658 1663 1688 Moser
1683 1655 1775 1687 addit

1014 1703 1115 1744 Legg.
1145 1703 1166 1733 1.
1194 1702 1252 1740 14,
1277 1701 1330 1734 41.

1079 1750 1110 1778 in
1134 1749 1218 1778 vica:
1251 1757 1332 1778 nnnc
1354 1746 1457 1788 video]
1494 1748 1644 1777 Bentleius
1668 1745 1777 1776 locum

1015 1791 1062 1823 sic
1083 1790 1347 1833 distinguendum
1375 1798 1504 1821 censet:
1530 1793 1605 1830 quia
1624 1809 1666 1813 —
1685 1792 1779 1821 habe-

1013 1847 1126 1869 remus.
1177 1838 1209 1867 Ιη
1231 1838 1297 1867 vica
1320 1845 1401 1867 nunc
1425 1837 1512 1866 video
1537 1837 1671 1866 calcem.-
1696 1845 1778 1876 quae

1016 1880 1100 1912 ratio
1136 1881 1222 1912 haud
1255 1880 1324 1911 scio
1358 1892 1397 1911 an
1431 1879 1570 1910 maxime
1600 1879 1778 1922 probabilis

1018 1926 1070 1957 sit.
1117 1926 1258 1957 Primum
1282 1925 1411 1968 quidem
1440 1924 1633 1956 offendebas
1656 1924 1777 1956 verbo—

1017 1983 1088 2003 rum
1121 1970 1356 2002 collocatione:
1393 1972 1425 2001 in
1449 1972 1514 2000 vila
1543 1980 1645 2008 nunc,
1680 1980 1778 2011 quum

1018 2023 1263 2058 exspectarem:
1299 2025 1380 2046 nunc
1412 2017 1444 2046 in
1474 2016 1561 2053 vila;
1596 2013 1654 2044 sed
1687 2024 1775 2051 mox,

1018 2061 1206 2101 diligentius
1229 2060 1380 2102 inspecto
1411 2058 1505 2097 loco,
1539 2058 1624 2096 vidi,
1661 2070 1777 2099 magna

1017 2105 1113 2136 etiam
1148 2116 1219 2135 cum
1253 2105 1283 2134 vi
1317 2104 1416 2134 verba
1446 2106 1479 2135 in
1508 2106 1572 2135 vila
1605 2103 1639 2134 in
1674 2104 1777 2145 prima

1017 2149 1179 2180 enuntiati
1199 2148 1276 2179 sede
1299 2148 1461 2179 collocata
1479 2159 1559 2179 esse.
1583 2149 1670 2179 Tota
1691 2148 1776 2178 enim

1017 2193 1235 2236 oppositionis
1259 2192 1307 2223 vis
1332 2203 1397 2223 non
1422 2192 1456 2222 in
1478 2202 1559 2223 nunc
1582 2192 1691 2233 posita
1715 2199 1776 2230 cst,

1016 2238 1073 2269 sed
1098 2238 1130 2268 in
1154 2237 1278 2268 verbis:
1305 2239 1337 2268 in
1359 2239 1442 2275 vila,
1468 2236 1588 2278 quippe
1611 2247 1692 2278 quae
1715 2248 1777 2267 au-

1015 2282 1181 2314 tecedenti
1197 2281 1299 2313 verbo
1320 2284 1536 2320 sempiternum
1557 2287 1776 2323 opponantur.

1018 2329 1102 2359 Nam
1134 2338 1230 2369 quum
1253 2325 1455 2357 adversarius
1480 2327 1508 2367 §.
1532 2323 1581 2358 14.
1604 2325 1669 2356 iam
1694 2336 1777 2356 con-

1018 2372 1184 2409 cessisset,
1218 2382 1278 2403 non
1305 2381 1368 2403 esse
1399 2373 1545 2410 miseros,
1580 2372 1632 2410 qui
1664 2372 1778 2401 mortui

1015 2421 1104 2457 sunl,
1131 2416 1225 2459 quia,
1250 2419 1303 2456 qui
1328 2418 1449 2447 omnino
1471 2425 1531 2446 non
1555 2418 1670 2454 essent,
1694 2417 1718 2446 ii
1741 2412 1788 2446 τιό

1016 2465 1119 2493 miseri
1154 2463 1278 2502 quidem
1312 2470 1374 2492 esse
1408 2464 1551 2499 possent:
1597 2459 1779 2502 respondet

1017 2507 1163 2543 Tullius,
1191 2516 1391 2548 consequens
1414 2516 1452 2535 ex
1476 2515 1515 2535 eo
1540 2515 1629 2542 esse,
1655 2510 1689 2535 ut
1714 2504 1777 2534 mi-

1017 2551 1100 2583 seria
1123 2551 1321 2593 sempiterna
1344 2560 1411 2581 non
1433 2549 1493 2587 sit,
1527 2560 1623 2590 quum
1648 2548 1777 2580 miseria

1018 2599 1049 2628 iu
1071 2599 1135 2628 vica
1160 2596 1201 2627 ad
1224 2595 1340 2632 finem,
1377 2604 1473 2635 quem
1502 2605 1590 2624 mors
1623 2593 1775 2632 adducat,

1016 2641 1197 2684 perveniat.
1257 2638 1394 2681 Egregia
1427 2640 1555 2669 Bentleii
1589 2637 1775 2669 emendatio

1016 2686 1180 2717 stabilitur
1212 2691 1245 2716 et
1278 2682 1495 2715 communitur
1524 2683 1598 2714 loco
1633 2682 1774 2724 gemin0‚

1018 2731 1070 2774 qui
1095 2730 1181 2762 infra
1207 2741 1233 2761 c.
1250 2727 1313 2766 42,
1341 2728 1412 2759 100.
1437 2726 1573 2768 legitur:
1609 2727 1775 2769 intelliga—

1018 2787 1170 2818 musque,
1196 2774 1222 2805 si
1244 2784 1331 2804 mors
1356 2771 1476 2802 malum
1499 2772 1560 2810 sit,
1595 2784 1665 2803 esse
1685 2783 1774 2803 sem—

1017 2821 1181 2863 piternum
1217 2817 1356 2853 ma1um3
1404 2827 1479 2847 nam
1516 2817 1603 2848 vitae
1638 2816 1775 2848 miserae

1018 2877 1105 2896 mors
1126 2863 1197 2896 finis
1219 2873 1288 2893 esse
1310 2860 1458 2892 videtur:
1483 2872 1570 2892 mors
1591 2860 1617 2891 si
1640 2867 1689 2892 est
1711 2861 1775 2892 mi·-

1019 2921 1110 2949 sera,
1144 2906 1292 2940 miseriae
1323 2905 1394 2937 finis
1420 2917 1489 2936 esse
1520 2906 1625 2936 nullus
1650 2912 1772 2947 potest.

1021 2953 1082 2993 Qui
1096 2953 1258 2995 vulgatam
1270 2949 1514 2982 distinctionem
1533 2952 1576 2993 (in
1590 2953 1675 2982 vila:
1696 2960 1775 2982 nunc
