1863 3221
204 121 287 164 464

203 209 319 260 bulis,
352 211 382 263 †
400 209 497 249 ludis
518 209 547 260 †
564 209 599 246 ³.

205 296 301 323 nues
327 282 502 322 homines
525 281 717 326 fruuntur,
752 290 864 329 quam
886 276 955 327 illi,
990 277 1051 330 qui
1073 277 1131 316 his
1150 276 1371 317 abundant?
1413 277 1487 319 Est
1508 279 1611 319 enim
1631 293 1764 319 earum

1564 349 1677 403 Quae
1701 350 1766 405 qui

206 427 375 481 privati⁵
409 424 572 472 habent,
618 436 689 462 nee
724 428 798 461 tam
832 422 951 462 multa
981 429 1020 462 et
1054 436 1143 461 raro
1174 422 1327 473 vident,
1372 438 1485 477 quum
1512 424 1550 463 in
1577 437 1646 463 sua
1676 438 1769 464 rura

773 126 944 159 LIBER
966 127 1005 158 V.
1030 123 1195 166 36‚103.

664 203 706 245 Si
735 204 820 258 quis
845 211 928 253 est,
963 204 1026 258 qui
1057 204 1114 244 his
1136 204 1366 255 delectetur,
1401 220 1529 247 nonne
1552 206 1689 247 melius
1710 213 1766 246 te-

205 369 334 396 rerum
360 353 562 393 omnium4
588 350 626 389 in
649 356 783 389 nostra
807 349 901 389 urbe
919 351 936 375 ⁵
961 363 1110 389 summa
1132 349 1170 388 in
1194 349 1346 402 publico
1373 350 1499 405 copia.

206 500 459 547 venerunt⁶3
495 509 591 549 qnos
617 502 743 534 tamen
767 495 902 548 pungit
921 495 1085 548 aliquid,
1121 509 1252 548 quum,
1285 495 1348 535 illa
1371 496 1469 535 unde
1491 496 1672 546 habeant,
1706 509 1768 536 re-

207 572 432 611 cordantur.
495 566 592 608 Dies
622 567 824 618 deficiam,
867 567 899 607 si
926 568 1039 608 velim
1062 567 1299 621 paupertatis
1329 581 1506 607 caussam
1541 568 1763 609 defendere.

205 643 355 697 Aperta
383 641 486 682 enim
518 654 582 680 res
614 647 697 690 est,
745 647 783 679 et
813 639 981 693 quotidie
1013 654 1084 680 nos
1122 640 1204 694 ipsa
1240 647 1376 680 natura
1404 640 1609 691 admonet,
1655 654 1767 695 quam

206 715 360 770 paucis,
395 728 506 768 quam
539 712 670 768 parvis
701 713 818 752 rebus
851 719 988 766 egeat,
1023 727 1136 766 quam
1166 712 1322 753 vilibus.

319 784 526 828 XXXVI.
587 791 682 826 105.
712 784 819 825 Num
853 785 970 839 igitur
1001 784 1221 838 ignobilitas
1243 792 1310 825 aut
1332 785 1527 825 humilitas
1561 793 1628 826 aut
1649 785 1766 826 etiam

207 859 401 915 popularis
425 858 590 899 offensio
622 858 838 912 sapientem
867 858 1020 898 beatum
1041 871 1128 898 esse
1159 857 1403 912 prohibebit?
1442 857 1567 908 Vide,
1609 872 1658 898 ne
1681 858 1767 913 plus

207 931 489 973 commendatio
508 931 547 970 in
566 931 706 984 vulgus
725 937 763 970 et
785 930 879 969 haec
901 943 999 983 quae
1023 931 1220 983 expetitur
1237 931 1362 983 gloria
1382 931 1582 971 molestiae
1607 930 1763 981 habeat,

207 1018 321 1058 quam
348 1002 574 1057 voluptatis.

295 1142 317 1175 3
341 1154 371 1174 v.
395 1141 481 1174 Adu.

206 1198 287 1220 rum.
335 1188 355 1219 5
379 1198 410 1219 v.
431 1186 516 1218 Adn.

636 1001 850 1042 Leviculus
879 1015 974 1042 sane
1005 1008 1139 1041 noster
1167 1002 1481 1053 Demosthenes,
1524 1003 1587 1056 qui
1615 1002 1680 1043 illo
1702 1016 1766 1043 su-

537 1140 560 1173 4
584 1130 639 1174 Sic
664 1143 719 1173 Or.
743 1153 769 1173 c.
796 1142 832 1173 R.
853 1142 889 1173 P.
914 1141 1000 1173 Gud.
1027 1141 1055 1173 1.
1080 1143 1118 1173 ΙΙ.
1146 1141 1177 1173 b.
1202 1141 1338 1184 aliisque
1363 1152 1421 1184 pro
1444 1142 1531 1184 vulg.
1552 1144 1690 1174 omnium
1712 1151 1765 1174 re—

575 1183 596 1217 6
621 1185 676 1218 Sic
701 1186 817 1224 codd.;
842 1186 901 1217 sed
926 1186 1000 1218 edd.
1028 1193 1109 1219 vett.
1132 1193 1264 1229 praeter
1287 1188 1321 1220 P.
1348 1198 1461 1218 omnes
1484 1193 1561 1218 ante
1582 1186 1688 1218 Gebh.
1708 1196 1766 1219 ve-

207 1235 315 1265 nerint.
362 1231 470 1269 Male3
496 1243 526 1264 v.
548 1230 590 1262 ad
612 1232 652 1263 ll.
676 1229 739 1270 2-1,
766 1229 819 1263 58.
867 1229 888 1263 7
912 1243 943 1262 v.
970 1230 1054 1263 Adn.

207 1309 327 1348 credo,
353 1309 502 1348 tabulas,
526 1308 623 1340 ludos
645 1309 810 1351 parandos
834 1309 968 1340 deside—

206 1361 319 1386 rantur
353 1354 498 1384 divitiae.
550 1355 676 1393 Wolfius
708 1354 770 1385 hos
806 1353 967 1385 ablativos

206 1406 302 1441 aptos
329 1410 399 1429 esse
422 1404 515 1440 putat
538 1409 555 1428 e
578 1409 646 1439 seq.
661 1400 833 1430 delectetur.
868 1401 968 1437 Si9na

206 1450 283 1474 sunt
305 1449 443 1473 statuae.
485 1443 531 1472 De
555 1442 683 1473 ironico
704 1445 794 1474 credo
811 1453 908 1483 supra
926 1442 968 1472 ad

208 1489 232 1519 Ι.
256 1487 318 1524 22,
344 1488 396 1518 5⁴2.
431 1485 578 1516 diximus.
629 1487 711 1517 Ludi
741 1498 758 1517 a
794 1486 967 1517 Bouhierio

206 1530 433 1572 intelliguntur
466 1532 532 1561 ludi
560 1532 763 1569 yladz'atorii,
796 1531 916 1562 rectius
949 1542 967 1561 a

209 1575 336 1607 Wolfio
358 1576 424 1605 ludi
445 1577 571 1614 publici.
608 1578 650 1605 At
671 1575 864 1606 vocabulum
886 1577 969 1606 ludis

208 1619 297 1651 varie
330 1631 348 1650 a
384 1620 453 1649 VV.
480 1620 548 1649 DD.
582 1619 794 1650 sollicitatum
827 1626 876 1650 est
909 1631 970 1650 uec

207 1675 286 1695 sane
323 1663 479 1694 convenit
514 1675 585 1694 cum
616 1665 849 1705 sequentibus;
894 1675 968 1694 nam

209 1720 315 1751 neque
340 1707 403 1738 dici
442 1714 553 1749 potest
585 1710 694 1739 habere
719 1711 826 1748 ludos,
864 1720 969 1750 neque

207 1752 327 1795 privati
351 1752 440 1783 domi
464 1751 559 1783 ludos
588 1752 813 1784 instituebant.
862 1754 966 1784 Porro

208 1809 290 1839 quae
314 1802 513 1838 sequuntur:
559 1801 585 1827 el
608 1807 702 1835 raro,
736 1808 830 1837 quum
854 1801 886 1829 in
910 1807 967 1828 sua

206 1852 283 1873 rura
307 1845 471 1880 venerunt,
497 1840 636 1883 denique
658 1842 757 1873 verba
774 1845 886 1882 punyil
908 1844 967 1873 ali-

207 1888 294 1926 quid,
320 1897 402 1928 quae
418 1885 459 1915 (le.
483 1885 634 1928 peculatu
658 1893 690 1917 et
714 1887 891 1928 sacrilegiis
908 1898 967 1918 ac-

207 1930 356 1972 cipienda
380 1936 474 1969 sunt,
512 1929 554 1961 ad
578 1930 670 1972 signa
701 1938 733 1962 et
759 1931 886 1962 tabulas
912 1943 967 1962 re—

208 1975 285 2005 ferri
311 1982 458 2016 possunt,
485 1986 551 2005 non
573 1975 653 2005 item
676 1977 718 2008 ad
740 1975 845 2007 ludos.
882 1976 968 2007 Hinc

207 2022 359 2051 Bentleius
374 2019 560 2050 acutissime
575 2019 751 2061 legendum
764 2021 965 2063 suspicatur:

208 2066 325 2102 siquis,
360 2066 470 2102 credo,
508 2068 533 2094 el
561 2067 673 2095 tabulis
693 2067 802 2103 pictis,
840 2065 966 2096 collatis

209 2118 306 2148 quum
330 2106 399 2137 aliis
420 2107 513 2145 locis,
537 2114 606 2137 tum
629 2108 697 2138 his:
724 2109 765 2138 N.
786 2110 821 2139 D.
849 2110 879 2146 2,
903 2108 965 2141 34ε

210 2151 274 2189 Qui
294 2150 392 2191 igitur
414 2151 579 2189 convenit,
606 2154 728 2191 signum
753 2159 808 2183 aut
828 2155 968 2184 tabulam

205 2198 323 2235 pictam
343 2205 439 2237 quum
459 2195 658 2237 adspexeris,
683 2196 766 2227 scire
786 2197 967 2228 adhibitam

208 2251 278 2270 esse
299 2239 429 2270 artem?
457 2252 517 2282 pro
534 2241 629 2271 Rosc.
644 2244 751 2272 Amer.
766 2239 862 2273 calo:
888 2241 966 2284 quid

204 2286 363 2324 pictarum
407 2286 611 2315 tabularum?
660 2285 735 2327 quid
778 2288 965 2326 simiorum?

208 2328 287 2370 quid
312 2329 481 2359 marmoris
503 2329 589 2371 apud
611 2329 701 2360 illum
724 2331 844 2371 putatis
867 2330 963 2361 esse?

206 2372 315 2403 Verba
339 2374 478 2405 PICTIS
504 2380 536 2404 et
560 2375 687 2405 LVDlS
712 2374 807 2406 facile
828 2375 913 2406 inter
930 2386 964 2405 se

209 2417 368 2448 confundi
393 2424 567 2460 poterant,
592 2418 737 2461 itemque
758 2421 814 2451 ET
834 2426 910 2450 aute
935 2420 964 2451 T

209 2461 370 2498 excidere,
397 2474 581 2505 quanquam
596 2474 636 2494 ne
658 2464 873 2495 necessarium
890 2463 965 2506 qni—

208 2505 281 2535 dem
304 2506 381 2536 mihi
414 2507 541 2538 videtur
570 2512 613 2547 el,
648 2508 749 2540 immo
780 2509 965 2551 asyndeton

208 2549 283 2579 huic
306 2549 391 2585 loco,
417 2551 447 2580 in
473 2563 536 2593 quo
559 2553 756 2584 commotior
776 2560 825 2583 est
849 2553 964 2591 oratio,

208 2593 307 2634 longe
337 2594 547 2635 aptissimum.
598 2600 743 2629 Davisius
775 2598 966 2629 Ciceronem

208 2637 337 2668 dedisse
361 2645 471 2679 putat:
506 2643 617 2679 sigynis,
643 2644 743 2680 credo,
768 2645 892 2682 tabulis,
916 2653 965 2674 co-

207 2684 346 2714 lumnis?
386 2684 610 2722 Wesenberyius
634 2686 704 2717 Em.
728 2688 749 2716 l.
773 2687 870 2728 p.3l.
897 2699 963 2717 non

209 2726 346 2763 dubitat,
372 2726 449 2768 quin
473 2727 506 2756 C.
520 2728 704 2769 scripserit:
732 2732 847 2769 Siquis,
863 2734 963 2771 credo,

208 2775 242 2802 et
266 2773 390 2809 tabulis,
407 2779 597 2812 comparato
621 2773 695 2804 loco
716 2774 893 2811 simillimo,
909 2775 964 2818 qui

208 2821 259 2846 est
290 2814 403 2847 Parad.
427 2816 466 2846 V.
493 2815 530 2853 2,
553 2815 737 2855 ,ὃὸ-31,
773 2819 825 2849 ubi
857 2823 964 2851 tabula

207 2859 288 2891 item
309 2871 370 2901 pro
391 2863 411 2890 l.
432 2862 517 2899 picta
538 2859 586 2891 bis
609 2860 753 2902 positum
779 2870 846 2901 est·,
881 2866 964 2896 ludis

209 2915 248 2934 ex
276 2904 442 2945 geminato
473 2907 552 2936 bulis
587 2904 711 2936 factum
741 2913 844 2948 putat.
892 2909 962 2950 Ego

208 2947 284 2979 huic
307 2948 467 2980 vocabulo
490 2948 602 2980 addidi
629 2949 720 2991 signa
745 2952 962 2993 corruptelae,

1003 1308 1124 1352 quippe
1146 1310 1200 1352 qui
1214 1309 1435 1341 Bentleianam
1456 1309 1678 1341 coniecturam
1691 1320 1764 1341 ma·-

1002 1354 1087 1384 xime
1114 1354 1320 1396 plausibilem
1345 1354 1537 1386 existimem.

1070 1401 1102 1430 in
1126 1403 1230 1430 nostra
1253 1399 1340 1441 urbe]
1378 1399 1431 1430 Sic
1453 1411 1479 1430 c.
1505 1398 1626 1440 Tregd.
1652 1397 1765 1440 scripsi

1004 1453 1021 1473 e
1046 1443 1154 1474 XVols.
1181 1444 1277 1482 coni„
1303 1455 1385 1486 quae
1410 1443 1622 1474 confirmatur
1646 1455 1663 1473 a
1689 1442 1764 1474 cod.

1004 1486 1100 1518 Vind.
1127 1488 1152 1518 l.
1185 1489 1239 1518 Or.
1265 1500 1291 1519 c.
1313 1487 1459 1530 plurimis
1484 1487 1580 1518 codd.
1611 1486 1765 1529 optimis-

1003 1542 1079 1573 qne,
1098 1538 1131 1561 ut
1156 1533 1235 1564 ΚΡ.
1254 1532 1337 1565 Gud.
1358 1534 1383 1564 1.
1412 1535 1472 1574 (pr.
1485 1544 1527 1563 m.
1541 1536 1662 1563 nostrae
1677 1531 1761 1573 urbe)

1007 1575 1092 1606 Gud.
1109 1577 1147 1606 ll.
1173 1576 1202 1607 b.
1226 1583 1258 1607 et
1278 1577 1352 1607 edd.
1368 1583 1447 1607 vett.
1463 1578 1496 1607 P.
1512 1577 1550 1606 D.
1575 1583 1608 1606 et
1631 1576 1682 1606 ed.
1696 1582 1763 1607 vet.

1006 1620 1106 1650 Bouh.
1134 1620 1238 1651 edidit
1272 1625 1376 1652 nostra
1406 1623 1479 1652 urbe
1515 1620 1598 1661 (sine
1622 1621 1666 1660 in)
1702 1631 1763 1662 pro

1004 1664 1090 1706 vulg.
1105 1669 1208 1695 nostra
1230 1667 1261 1696 in
1282 1668 1365 1696 urbe.
1404 1665 1553 1702 Caussae,
1580 1668 1685 1696 curin
1706 1675 1762 1696 no-

1002 1713 1066 1739 stra
1091 1711 1162 1740 urbe
1184 1709 1358 1751 legendum
1382 1721 1550 1747 censeam,
1582 1709 1644 1740 hae
1666 1715 1761 1740 suut:

1003 1753 1144 1784 Primum
1165 1754 1289 1785 nullum
1310 1767 1326 1785 e
1345 1754 1502 1785 Cicerone
1520 1754 1676 1796 exagitari
1696 1765 1762 1796 po—

1001 1804 1067 1828 test
1092 1799 1276 1840 exemplum
1302 1805 1416 1830 nostro
1441 1798 1615 1840 geminum.
1664 1801 1763 1830 Moser

1003 1842 1132 1884 quidem
1154 1843 1265 1874 attulit
1289 1843 1359 1875 Liv,
1377 1843 1404 1882 1,
1418 1844 1477 1875 35:
1506 1855 1615 1875 carcer
1633 1843 1675 1874 ad
1689 1850 1761 1874 ter-

1003 1898 1109 1918 rorem
1142 1888 1352 1919 increscentis
1375 1887 1529 1918 audaciae
1559 1890 1664 1919 media
1689 1890 1762 1919 urbe

1002 1931 1174 1963 imminens
1198 1933 1273 1964 foro
1295 1932 1503 1968 aedificatum
1530 1932 1589 1963 sed
1608 1932 1653 1964 ibi
1674 1943 1760 1975 quo-

1003 1988 1064 2018 que
1085 1980 1116 2008 in
1133 1984 1209 2008 ante
1231 1979 1335 2008 media
1355 1977 1452 2008 facile
1473 1977 1623 2008 excidere
1644 1976 1760 2019 potuit.

1004 2021 1056 2053 Cf.
1083 2023 1123 2052 11.
1150 2022 1186 2059 l,
1212 2025 1240 2053 l.
1277 2023 1332 2053 Ill.
1355 2021 1409 2061 ¹22,
1436 2020 1489 2053 54.
1528 2023 1565 2054 V.
1593 2021 1646 2060 39,
1675 2018 1759 2060 114„

1001 2065 1034 2095 in
1060 2065 1174 2107 quibus
1200 2066 1278 2097 locis
1309 2069 1339 2098 in
1365 2066 1444 2097 item
1468 2066 1564 2097 simili
1592 2077 1702 2097 caussa
1726 2065 1759 2096 in

1004 2111 1135 2150 optimis
1159 2111 1256 2141 codd.
1280 2110 1412 2142 excidit.
1462 2111 1511 2142 Cf.
1534 2113 1667 2142 Wesenb.
1688 2111 1758 2141 Em.

1004 2155 1026 2183 l.
1050 2166 1081 2195 p.
1102 2155 1128 2185 1.
1178 2155 1260 2186 Loci
1281 2162 1407 2191 autem,
1435 2155 1537 2197 qualis
1560 2162 1608 2186 est
1627 2154 1700 2186 Liv.
1725 2154 1758 2192 3,

1002 2199 1038 2228 ὃ]
1058 2209 1063 2227 t
1091 2200 1214 2234 „Porta
1233 2199 1358 2230 Collina
1380 2200 1491 2230 urbem
1514 2200 1679 2230 intravere
1699 2199 1758 2230 sub

1001 2241 1099 2283 signis
1121 2244 1282 2282 mediaque
1305 2246 1378 2274 urbe
1402 2243 1529 2284 agmine
1561 2243 1591 2273 in
1618 2243 1755 2274 Aventi-

1001 2297 1077 2317 num
1102 2289 1266 2329 pergunt⁴‘
1303 2287 1331 2317 ei
1369 2287 1449 2318 nihil
1482 2287 1579 2329 plane
1604 2287 1756 2329 probant.

1003 2331 1138 2361 Constat
1161 2332 1247 2362 enim
1273 2332 1371 2363 verba
1401 2334 1494 2364 eundi
1518 2344 1589 2363 cum
1612 2332 1757 2363 ablativo

1001 2375 1067 2406 eius
1093 2375 1168 2414 loci,
1195 2388 1254 2418 per
1278 2387 1373 2418 quem
1396 2376 1466 2419 quis
1490 2376 1535 2413 it,
1560 2376 1648 2418 iungi
1667 2376 1758 2408 sole-

999 2431 1045 2457 re,
1073 2420 1118 2451 uti
1139 2420 1171 2451 h.
1186 2420 1206 2451 l.
1230 2425 1319 2460 porta
1334 2424 1452 2453 Collina
1469 2424 1622 2453 intravere
1642 2427 1674 2452 et
1694 2431 1758 2453 me-

1000 2466 1055 2496 dia
1079 2467 1152 2496 urbe
1173 2470 1314 2505 pergunt.
1361 2467 1400 2496 V.
1425 2468 1608 2497 Ramshorn.
1636 2466 1694 2497 Gr.
1718 2466 1756 2496 L.

1003 2506 1127 2550 §.i-'17-
1161 2516 1195 2540 et
1226 2521 1286 2540 nos
1319 2510 1351 2541 iu
1385 2511 1442 2541 Gr.
1465 2511 1502 2540 L.
1537 2512 1566 2552 ξ.
1590 2510 1668 2548 115,
1706 2511 1756 2542 10.

1003 2553 1130 2584 Deinde
1148 2554 1233 2585 inter
1253 2555 1352 2586 verba
1371 2559 1509 2586 omnium
1526 2561 1559 2585 et
1581 2558 1686 2585 nostra
1701 2553 1756 2584 fa·-

1001 2598 1119 2629 ‹:illime
1139 2601 1170 2631 in
1192 2598 1344 2630 excidere
1367 2599 1522 2641 potuisse,
1544 2598 1614 2641 quis
1630 2596 1754 2639 neget?

1001 2642 1098 2681 Quod
1127 2649 1235 2674 autem
1259 2643 1396 2674 Orellius
1423 2642 1699 2685 praepositionem
1722 2645 1755 2674 in

999 2695 1138 2729 propter
1155 2699 1247 2730 seqq.
1272 2690 1303 2719 in
1321 2690 1443 2728 publico
1463 2686 1670 2718 reiiciendam
1685 2698 1755 2718 esse

1000 2731 1099 2770 dicit,
1135 2732 1170 2763 id
1204 2732 1282 2763 mihi
1306 2732 1436 2775 quidem
1459 2730 1575 2762 nullius
1597 2731 1754 2762 momenti

998 2775 1128 2807 videtur
1149 2788 1228 2808 esse.

1062 2823 1203 2862 privati]
1240 2821 1272 2851 h.
1307 2832 1334 2852 e.
1371 2819 1511 2858 „nullos
1543 2819 1752 2861 magistratus

997 2876 1096 2907 quum
1126 2865 1265 2897 maxime
1284 2866 1470 2907 gerente5.“
1518 2864 1656 2896 Orellius
1679 2876 1752 2896 cum

997 2921 1063 2941 uno
1087 2911 1192 2941 Oxon.
1216 2916 1248 2940 et
1268 2908 1428 2940 Lambino
1459 2907 1563 2940 edidit
1590 2911 1753 2948 privatim,

997 2953 1109 2985 dicens
1131 2954 1194 2987 h.l.
1212 2953 1253 2985 de
1271 2955 1431 2993 privatim,
1446 2964 1511 2985 non
1532 2953 1661 2996 publice
1677 2964 1753 2996 pos-
