1863 3221
231 103 314 146 438

235 193 296 234 nis
318 200 405 248 post
424 193 516 242 fuit,
551 188 842 231 Archimedem.
906 185 1029 228 Cuius
1051 201 1125 242 ego
1151 195 1336 242 quaestor
1354 188 1576 243 ignoratum
1600 190 1647 230 ab
1670 188 1792 245 Syra-

237 266 420 316 cusanis,
461 278 574 318 quum
602 275 691 302 esse
713 260 870 301 omnino
893 268 1107 314 negarent,
1150 269 1322 316 saeptum
1352 263 1520 317 undique
1547 270 1586 303 et
1610 264 1794 304 vestitum

238 339 420 395 vepribus
454 344 490 377 ct
523 334 687 375 dumetis
722 333 905 388 indagavi
939 334 1177 388 sepulcrum.

779 108 945 142 LIBER
969 109 1010 143 V.
1034 107 1099 148 23,
1123 106 1178 141 65.
1200 107 1256 142 66.

1240 333 1443 375 Tenebam
1476 336 1577 376 enim
1607 337 1791 389 quosdam

239 411 478 459 senariolos,
513 422 610 462 quos
635 407 675 448 iu
700 407 785 448 eius
816 414 1066 447 monumento
1091 421 1179 447 esse
1204 407 1413 462 inscriptos
1436 422 1661 463 acceperam
1678 440 1688 459 ,
1730 409 1792 462 qui

239 484 509 533 declarabant,
543 482 581 522 in
601 494 752 522 summo
774 481 953 536 sepulcro
973 481 1175 535 sphaeram
1199 494 1286 521 esse
1308 481 1470 536 positam
1492 496 1577 522 cum
1600 482 1792 536 cylindro.

239 563 308 598 65.
343 555 430 610 Ego
459 562 609 606 autem,
644 569 759 609 quum
783 554 911 595 omnia
933 554 1203 595 collustrarem
1226 554 1372 605 oculis,
1406 556 1484 608 (est
1510 555 1611 595 enim
1638 555 1682 595 ad
1708 569 1796 609 por-

241 638 299 671 tas
325 629 604 683 Agragianasl
635 642 776 682 magna
809 628 1025 682 frequentia
1060 627 1326 682 sepulcrorum
1341 628 1371 682 ,)
1411 627 1579 668 animum
1610 627 1794 668 adverti2

239 702 481 743 columellam
505 717 580 742 non
607 702 768 742 multum
794 715 814 741 6
841 701 964 741 dumis
995 700 1254 750 eminentem,
1294 700 1332 740 in
1353 715 1427 754 qua
1457 700 1586 741 inerat
1607 700 1795 755 sphaerae

239 778 361 830 ligura
385 783 423 815 et
451 775 629 830 cylindri.
692 774 822 828 Atque
849 788 922 828 ego
949 774 1075 814 statim
1104 772 1367 828 Syracusanis
1393 775 1522 827 (erant.
1543 781 1669 814 autem
1694 774 1797 827 prin-

239 849 345 904 cipes
368 849 536 901 mecum)
559 848 662 898 dixi,
697 861 758 887 me
777 847 867 887 illud
889 848 1011 900 ipsum
1030 851 1046 875 ³
1073 846 1254 887 arbitrari
1279 860 1390 897 esse,
1425 847 1523 900 quod
1548 860 1793 901 quaererem.

1605 926 1672 960 66.
1709 918 1798 972 Quo

1668 994 1798 1048 Appa-

238 1068 348 1108 rebat
373 1067 633 1121 epigramma,
669 1065 800 1105 exesis
821 1065 1103 1120 posterioribus
1127 1065 1298 1119 partibus
1320 1065 1602 1105 versiculorum
1625 1066 1799 1107 dimidia-

240 921 406 962 lmmissi
434 936 517 961 cum
538 921 697 961 falcibus
718 921 825 960 multi
846 927 1060 975 purgarunt
1082 927 1119 959 et
1142 927 1377 974 aperuerunt
1401 920 1542 960 locum.

238 1009 352 1049 quum
372 995 588 1048 patefactus
612 1001 716 1033 esset
736 993 883 1042 aditus,
918 993 962 1032 ad
985 993 1188 1033 adversam
1210 992 1329 1032 basim
1353 993 1604 1032 accessimus.

240 1141 288 1180 tis
317 1141 414 1180 sere.
476 1137 534 1179 lta
565 1138 806 1179 nobilissima
830 1136 1025 1178 Graeciae
1048 1137 1210 1189 civitas,
1245 1138 1436 1192 quondam
1463 1153 1559 1179 vero
1587 1139 1702 1179 etiam
1731 1140 1798 1180 do-

240 1213 436 1263 ctissima,
471 1212 528 1252 sui
555 1212 651 1252 civis
683 1212 796 1252 unius
820 1211 1035 1251 acutissimi
1062 1219 1352 1252 monumentum
1377 1211 1621 1266 ignorasset,
1655 1213 1728 1253 nisi
1751 1213 1797 1252 ab

935 1283 1013 1326 Sed
1050 1285 1207 1335 redeat,
1254 1285 1354 1325 unde
1388 1285 1610 1336 aberravit,
1653 1287 1794 1326 oratio.

242 1358 340 1413 Quis
372 1367 433 1400 est
457 1359 650 1408 omnium,
693 1358 755 1412 qui
778 1358 892 1398 modo
923 1372 1008 1398 cum
1034 1357 1186 1409 Musis,
1229 1358 1266 1398 id
1291 1365 1352 1398 est
1378 1373 1463 1398 cum
1499 1359 1736 1399 humanitate
1762 1367 1801 1400 et

240 1286 394 1327 homine
428 1285 621 1340 Arpinate
658 1285 872 1325 didicisset.

241 1447 327 1472 cum
350 1432 541 1482 doctrina,
574 1431 715 1471 haheat
739 1431 891 1484 aliquod
918 1431 1208 1481 commercium,
1243 1430 1306 1485 qui
1330 1433 1405 1471 se4
1431 1445 1507 1471 non
1530 1432 1630 1472 hunc
1654 1433 1799 1472 mathe-

330 1539 460 1570 XXIII.
501 1538 515 1569 1
545 1537 598 1569 Sic
619 1537 735 1580 optimi
768 1536 865 1569 codd.
887 1538 962 1568 vat.
985 1537 1022 1568 R.
1046 1537 1080 1568 Ρ.
1108 1537 1194 1569 Gud.
1219 1536 1248 1569 1.
1282 1544 1316 1569 et
1347 1537 1464 1580 reliqui
1497 1538 1566 1569 fere
1602 1550 1713 1570 omnes
1746 1539 1798 1570 vel

242 1591 377 1626 aperte,
413 1583 464 1614 vel
487 1589 595 1621 tecte,
629 1582 775 1625 itemque
806 1592 918 1613 omnes
951 1581 1022 1613 fere
1045 1581 1120 1613 edd.
1145 1588 1225 1613 vett.
1252 1589 1284 1613 et
1306 1583 1391 1614 Non.
1416 1594 1449 1624 p.
1472 1582 1556 1619 335;
1592 1585 1646 1614 Or.
1675 1596 1701 1615 c.
1726 1584 1799 1618 cod.

241 1630 544 1661 Urs.Achra‹12·nas.
591 1629 630 1659 V.
653 1627 737 1659 Adn.
796 1626 817 1659 2
852 1639 881 1658 v.
905 1626 989 1660 Adn.
1045 1625 1067 1659 3
1094 1629 1148 1658 Or.
1173 1627 1284 1658 nescio
1319 1638 1381 1670 qua
1416 1627 1457 1658 de
1491 1639 1603 1659 caussa
1635 1640 1662 1661 c.
1688 1628 1738 1660 ed.
1763 1630 1796 1661 P.

239 1677 343 1715 ipsum
366 1675 456 1704 illud.
504 1671 525 1704 4
549 1685 579 1704 V.
601 1672 686 1704 Adn.

243 1740 345 1772 Cicer.
369 1741 410 1772 de
444 1739 485 1771 N.
511 1740 548 1770 D.
584 1741 624 1770 Il.
652 1739 710 1779 18,
736 1736 798 1772 48:
836 1750 1001 1782 nunquam

240 1788 395 1817 eruditum
415 1784 506 1815 illum
525 1786 685 1823 pulverem
709 1784 864 1826 attigistis
878 1809 885 1821 ,
922 1784 954 1815 h.
974 1796 1001 1815 e.

240 1841 405 1872 nunquam
429 1828 669 1860 mathematicis
694 1841 829 1871 operam
853 1829 1003 1860 dedistis.

308 1875 489 1916 senariolos]
519 1874 689 1917 Nusquam
711 1874 745 1906 hi
765 1880 905 1905 exstant.
930 1876 1001 1906 Nei-

239 1922 320 1951 dius.
866 1943 870 1946 ⁴

307 1966 360 2004 qui
383 1964 596 2006 declarabant]
625 1963 740 2006 quibus
765 1963 1003 2006 significaretur

240 2009 411 2040 theorema
443 2008 485 2039 de
516 2009 667 2047 ratione,
710 2020 792 2051 quae
827 2008 1003 2040 intercedit

241 2053 326 2084 inter
348 2059 521 2094 utrumqne
538 2064 655 2094 corpus
680 2053 868 2096 [sphaeram
890 2060 924 2084 et
942 2065 1002 2095 cy-

241 2097 412 2140 lindrum]‚
438 2097 478 2128 ab
501 2097 697 2128 Archimede
719 2098 900 2129 inventum.
945 2101 1002 2129 Er-

240 2144 363 2173 nestius.

311 2188 339 2229 ᾗ.
355 2185 408 2218 65.
445 2186 659 2229 A9ra9ianas]
688 2188 888 2217 Camerarius
909 2182 1003 2229 putat

244 2229 418 2272 significari
441 2237 575 2271 portas,
615 2242 677 2273 qua
703 2231 915 2273 Agiigentum
941 2243 1003 2273 pe-

244 2281 353 2307 tentes
379 2275 515 2306 tendere
548 2274 636 2306 soliti
668 2276 732 2306 siut,
794 2277 866 2306 Non
895 2276 1002 2313 video,

244 2331 300 2352 cur
322 2320 404 2351 haec
434 2319 595 2362 scriptura
621 2320 763 2352 omniurn
797 2321 867 2351 fere
896 2321 1000 2351 libro-

244 2377 313 2396 rum
342 2365 539 2396 auctoritate
566 2367 608 2407 (x.
632 2367 672 2396 V.
700 2367 784 2406 Ser.)
811 2366 1003 2397 confirmata

243 2410 283 2441 ab
316 2409 465 2441 omuibus
496 2416 571 2452 post
602 2411 658 2441 W.
692 2409 767 2441 edd.
794 2410 924 2442 deserta
948 2411 999 2442 sit.

245 2454 279 2484 Si
301 2454 333 2484 in
357 2454 537 2497 archetypo
553 2455 673 2486 lectum
698 2461 782 2486 esset
797 2458 1003 2496 Achradinas,

244 2498 278 2529 id
305 2506 393 2529 certe
414 2506 574 2530 mutatum
596 2511 660 2530 non
685 2506 769 2531 esset
793 2500 824 2530 in
848 2500 1000 2531 hancin-

245 2542 458 2573 solentiorem
495 2544 646 2575 formam.
703 2545 871 2587 Scriptura
901 2558 918 2576 a
951 2558 1002 2576 me

244 2593 376 2627 receptu
401 2587 536 2627 probata
560 2596 607 2619 est
631 2601 734 2631 nuper
757 2590 855 2620 etium
881 2602 897 2621 a
922 2592 1002 2622 ll'es-

243 2634 398 2670 sereberglio
425 2632 491 2662 Em.
516 2634 570 2662 Ill.
599 2636 693 2674 p.’.'.‘5.
710 2659 718 2671 ,
754 2635 806 2676 qui
838 2635 1003 2665 verissim«-

244 2682 367 2711 monwt,
393 2687 497 2717 neque
520 2677 695 2708 admodum
720 2679 786 2709 veri
807 2679 912 2710 simile
935 2691 1003 2710 esse

243 2720 290 2752 sic
311 2722 505 2752 Achradinas
530 2721 559 2750 in
587 2722 811 2764 antiquissimo
836 2724 906 2755 cod,
935 2736 1003 2755 esse

245 2771 454 2806 corruptum,
491 2777 595 2807 1ΗἺΙΠΡ
633 2767 728 2796 sss‘ssilv
762 2780 799 2798 rx
825 2771 1003 2800 :tela-adina

246 2810 302 2852 (de
325 2821 386 2852 qua
411 2821 439 2841 v.
456 2809 555 2841 indic.
569 2810 657 2848 hist.)
675 2810 870 2842 adivi-tirum
889 2815 1003 2845 Achra-

244 2856 337 2886 dinus
363 2854 433 2885 ficri
458 2854 601 2896 potuisse
626 2855 712 2895 tLiv.
739 2858 792 2892 25»,
815 2859 856 2887 '33
882 2864 913 2888 et
936 2859 1001 2889 251.-

245 2901 441 2931 .Achradinae
458 2906 570 2942 portas
585 2906 616 2930 et
632 2899 761 2941 linitis),
789 2913 892 2942 nequ(-
907 2913 1002 2933 uuam

245 2943 407 2986 quandam
441 2956 479 2976 ex
501 2947 644 2985 pluribus
669 2944 872 2976 Achradinae
898 2947 1001 2988 portis

1038 1745 1114 1782 apte
1138 1738 1185 1771 sic
1199 1738 1276 1770 dici.
1313 1739 1387 1771 Non
1410 1739 1672 1782 improbabiliter
1682 1740 1798 1772 Lamb-

1038 1784 1122 1815 coui.
1148 1787 1350 1825 Acrayanas,
1384 1785 1547 1816 Camerar.
1571 1788 1802 1825 Acragantinus

1040 1828 1100 1871 (uti
1117 1829 1173 1860 Gr.
1195 1826 1476 1872 'Axpayoz-›reaogn
1497 1841 1603 1872 neque
1627 1830 1722 1862 aliter
1734 1832 1799 1861 Lu-

1038 1880 1120 1905 cret.
1147 1874 1185 1912 l,
1207 1874 1281 1907 716.
1304 1875 1336 1905 in
1369 1875 1421 1906 ed.
1445 1875 1626 1906 Veronensi
1656 1882 1689 1906 ct
1725 1876 1801 1907 Ma-

1038 1918 1159 1955 rullus,
1202 1919 1261 1950 sed
1297 1920 1524 1951 Lachmauuus
1560 1922 1799 1960 Acragantinus.

1040 1963 1121 1994 Plin.
1145 1964 1186 1994 H.
1210 1964 1318 1996 N.35.
1345 1965 1460 2007 §§.o'‘.›.
1484 1964 1537 1996 64.
1565 1965 1637 1998 179.
1665 1977 1682 1996 a
1707 1965 1800 1996 Silli-

1036 2008 1091 2051 gio
1117 2008 1240 2040 editum
1263 2015 1313 2040 est
1332 2012 1530 2049 Ayrayenlin.

1105 2056 1245 2085 animum
1265 2056 1386 2085 adverti
1408 2054 1614 2097 columellam]
1642 2054 1696 2086 Sic
1714 2055 1751 2086 R.
1766 2056 1800 2087 Ρ.

1039 2099 1113 2128 Vat.
1131 2098 1216 2128 Gud.
1238 2099 1262 2129 1.
1291 2099 1416 2134 Marb.;
1454 2101 1507 2130 Or.
1531 2111 1556 2130 c.
1574 2099 1706 2142 reliquis
1729 2102 1798 2131 ani-

1038 2144 1200 2174 madverli.
1238 2145 1384 2174 Animum
1405 2146 1561 2175 advertere
1585 2144 1672 2175 idem
1693 2144 1799 2186 signi-

1040 2194 1111 2224 cat,
1150 2186 1239 2228 quod
1274 2190 1521 2219 animadvertere
1557 2191 1799 2230 (wahrnelzmem

1039 2232 1223 2270 bemcrlien‘,
1241 2231 1444 2274 eandemque
1456 2232 1555 2263 habet
1575 2234 1796 2264 constructio—

1039 2288 1134 2311 nem3
1161 2276 1204 2307 οἷ.
1228 2275 1316 2306 Caes.
1333 2276 1366 2306 C.
1396 2280 1419 2314 l,
1439 2280 1501 2307 370:
1527 2280 1640 2316 equiles
1656 2288 1707 2309 an.
1724 2280 1797 2310 adv.

1038 2323 1174 2352 Moser
1209 2320 1305 2351 affert
1331 2321 1499 2352 Ruhnken.
1526 2321 1567 2352 ad
1593 2322 1689 2353 until.
1714 2324 1796 2365 Lup.

1038 2378 1069 2408 p.
1086 2366 1152 2402 77..
1179 2365 1233 2408 qui
1256 2376 1362 2408 comp.
1385 2366 1460 2398 Sall.
1487 2368 1629 2408 mgb&
1655 2367 1797 2398 animum

1037 2410 1182 2442 advertit
1214 2417 1367 2452 repentes
1394 2411 1554 2442 cochleas.
1604 2411 1639 2442 C.
1665 2413 1732 2443 lnv.
1756 2413 1797 2450 ll,

1038 2457 1099 2487 bl:
1138 2455 1330 2497 naufragum
1366 2455 1527 2499 quendam
1563 2463 1731 2487 natantem
1756 2476 1799 2480 —

1038 2500 1180 2530 animum
1211 2499 1434 2532 adverterunt.
1483 2503 1554 2542 lpse
1587 2500 1680 2532 addit
1707 2501 1797 2532 Caes.

1041 2546 1073 2575 Β.
1099 2545 1138 2575 G.
1162 2546 1191 2580 l,
1215 2546 1277 2577 'l-l:
1315 2552 1488 2587 postquam
1513 2545 1545 2575 id
1571 2545 1710 2576 animum
1735 2545 1798 2576 ad·-

1039 2589 1149 2620 vertit.
1196 2591 1243 2620 De
1268 2602 1351 2632 pass,
1375 2591 1490 2621 confer
1517 2590 1606 2620 Caes.
1633 2590 1656 2620 C
1696 2592 1719 2627 l,
1743 2590 1797 2622 eo.

1039 2636 1070 2671 ζ’,
1095 2633 1125 2666 6.
1153 2635 1212 2663 50:
1249 2645 1310 2674 qna
1334 2645 1366 2666 re
1388 2638 1529 2666 animum
1552 2636 1694 2665 adversa.
1743 2634 1797 2665 Sic

1038 2690 1137 2720 supra
1163 2680 1217 2709 lll.
1241 2683 1303 2717 221»,
1327 2686 1378 2710 4³.
1403 2692 1440 2710 vx
1466 2679 1597 2721 optimis
1620 2679 1716 2709 codd.
1743 2690 1795 2710 re-

1038 2724 1190 2754 stitutum
1212 2730 1276 2754 est:
1302 2727 1446 2755 Animum
1468 2726 1598 2754 adverti!
1614 2726 1796 2755 Gracchum.

1040 2769 1091 2799 Cf.
1117 2770 1258 2808 Seyffert.
1281 2768 1322 2799 ad
1354 2768 1444 2799 Lael.
1466 2768 1526 2803 20.
1550 2769 1602 2799 ΕΗ.
1626 2770 1733 2809 1›.;'›-l-'
1746 2779 1794 2810 sq.

1107 2815 1132 2856 ᾗ.
1148 2814 1201 2845 bo.
1226 2816 1316 2845 unius
1341 2814 1524 2852 acutissimi]
1554 2813 1590 2842 V.
1611 2812 1653 2843 nd
1678 2815 1715 2843 lt.
1740 2815 1794 2849 26,

1037 2855 1092 2889 64.
1139 2857 1251 2888 Paullo
1274 2864 1368 2899 post:
1395 2856 1447 2898 qni
1473 2863 1521 2887 est
1546 2868 1624 2889 unus
1646 2860 1795 2890 suavissi-

1037 2913 1105 2934 mus
1130 2909 1242 2944 pastus
1266 2902 1456 2933 animorum.
1632 2899 1636 2903 ’
