1863 3221
215 118 296 161 274

789 118 1206 160 1.1ssEssiii.14,·29.

332 209 438 255 Ego,
475 217 585 255 quum
613 204 751 252 gemti,
787 202 863 238 tom
893 200 1129 238 morituros⁷
1162 202 1262 238 scivi
1288 207 1324 238 el
1354 203 1391 238 ei
1417 203 1478 239 ree·
1505 201 1656 240 sae'zslulz'.

332 280 531 317 Praeterea
561 278 611 314 ad
644 276 795 313 Troiam
827 287 937 324 quum
968 275 1056 311 misi
1082 273 1127 310 ob
1157 274 1420 325 deffendendum
1453 276 1662 319 Graeciam,

333 351 502 390 Sciebam
521 351 539 375 ⁸
574 363 628 387 me
658 351 695 386 in
726 347 957 399 mortiferum
991 347 1148 393 bellum,
1182 349 1256 384 ηὐιι
1287 348 1324 384 ite
1355 348 1483 397 epulas
1513 350 1676 385 mittere.

333 422 452 464 MV.

223 512 356 539 eorum
385 497 616 543 adventum,
656 507 754 547 quae
790 492 990 534 venientia

515 428 584 462 29.
620 419 728 460 Haec
752 419 868 473 igitur
903 419 1194 473 praemeditatio
1225 420 1439 458 futurorum
1466 419 1653 458 malorum
1690 418 1786 457 lenit

1022 493 1134 546 longe
1171 499 1259 531 ante
1292 492 1454 532 videris.
1519 490 1652 544 ltaque
1687 491 1783 544 apud

223 571 463 624 Euripiden¹
499 583 521 609 a
540 567 698 608 Theseo
723 567 824 607 dicta
848 566 1074 617 laudantur-3
1118 565 1208 605 licet
1231 565 1356 615 enim,
1402 572 1444 605 ut
1463 577 1580 619 saepe
1607 563 1784 612 facimus,

225 646 261 685 in
294 643 476 684 Latinum
508 642 571 681 illa
605 647 859 681 convertere:

425 719 521 756 Nam
553 718 620 767 qui
646 717 738 753 lzae'e
767 716 897 752 audita
928 728 950 751 a
980 716 1087 752 ‹laic-{0
1119 716 1360 752 meme'm‘ssffm
1394 716 1497 759 viro,

430 788 597 828 Fuleiras
627 802 765 826 meeum
797 788 1070 826 ccinnnentabar
1100 790 1296 832 miserias,-

428 867 512 902 Aut
542 865 692 901 martem
723 862 914 907 acerbum,
948 868 1015 898 aut
1044 862 1161 898 emili
1187 863 1366 898 maestam
1386 861 1525 913 sitgam
1541 890 1550 903 ,

431 940 512 974 Aut
538 938 681 985 semper
709 936 872 985 aliquam
904 936 1032 971 mim-m
1065 935 1276 972 medilabdt‘
1307 935 1407 979 mals,

317 1059 337 1092 7
364 1060 417 1091 Sic
442 1060 477 1090 ll.
493 1060 525 1090 P.
551 1059 607 1090 Gr.
634 1057 719 1089 Gud.
737 1056 764 1088 1.
791 1058 866 1088 Vat.
886 1057 911 1089 l.
936 1056 1076 1099 umqum
1102 1060 1285 1088 moriturum
1310 1058 1363 1086 Or.
1392 1068 1419 1086 c.
1442 1055 1512 1086 aliis
1534 1055 1627 1085 coxltl.
1656 1056 1690 1084 V.
1716 1055 1791 1085 xiln.

229 1107 250 1136 ὃ
275 1105 363 1136 Male
387 1106 440 1135 Or.
466 1115 491 1134 c.
515 1105 553 1136 L.
577 1110 693 1134 contra
716 1101 812 1133 codd.
833 1104 971 1140 scibamg
1005 1109 1095 1133 recte
1118 1102 1200 1132 Mos.
1225 1101 1395 1132 revocavit
1427 1102 1558 1131 sciebam
1574 1125 1581 1134 ,
1618 1100 1704 1142 quud
1737 1112 1793 1142 μυι-

230 1150 397 1191 cavit-0:¹2)
431 1147 729 1190 pronuntiandum,
769 1157 876 1188 comp.
912 1148 1058 1178 Rurmim.
1092 1145 1231 1177 I'rosod.
1267 1157 1298 1188 p.
1320 1145 1373 1178 48.

1017 1191 1058 1223 ad
1084 1192 1105 1222 l.
1127 1189 1181 1231 27,
1207 1188 1261 1222 65.

230 1194 316 1227 oud.
334 1195 360 1226 l.
390 1195 447 1230 11.;
475 1197 528 1225 Or.
554 1204 583 1224 c.
609 1192 694 1234 vulg.
713 1193 905 1231 Euripidem.
953 1193 992 1224 V.

231 1276 267 1305 In
295 1273 382 1304 cuius
415 1271 555 1314 posthac
585 1270 783 1302 sententiam
808 1269 993 1312 complure-s

230 1319 449 1349 discesserunt
476 1316 643 1348 Ciceronis
667 1315 823 1347 editores.
872 1316 994 1346 Verum

231 1375 331 1406 quum
355 1374 421 1394 non
454 1361 547 1403 pauci
571 1361 605 1392 in
630 1360 698 1392 eius
722 1360 852 1402 scriptis
877 1360 994 1402 legan—

231 1417 285 1440 tur
308 1408 391 1443 loci,
425 1406 477 1437 nbi
503 1411 530 1438 et
554 1405 699 1437 omnium
725 1405 822 1436 codd.
846 1406 995 1436 auctori-

232 1460 301 1484 tate
325 1452 459 1490 nititur,
493 1461 597 1493 neque
621 1449 733 1492 negari
757 1450 881 1492 possit,
914 1449 994 1481 alios

234 1497 378 1529 eiusdem
400 1495 516 1527 aetatis
533 1495 662 1538 saepius
678 1495 872 1538 particulam
888 1499 913 1526 et
934 1495 996 1526 huc

232 1542 264 1574 vi
297 1552 486 1584 usurpasse,
525 1551 629 1582 neque
661 1539 694 1571 in
726 1539 799 1582 ipso
830 1540 993 1571 vocabulo

233 1587 405 1630 quicquam
431 1585 526 1624 insit,
553 1584 643 1628 quod
665 1584 740 1616 huic
761 1584 993 1627 significationi

232 1638 413 1674 repugnet,
445 1642 544 1673 quum
565 1630 663 1661 etiam
689 1630 851 1661 Graecum
880 1630 937 1663 καί
961 1636 994 1660 et

234 1676 473 1709 coniunctionis
507 1682 540 1707 et
571 1674 719 1706 adverbii
751 1675 817 1706 vim
855 1674 991 1705 habeat:

234 1721 322 1753 nulla
341 1719 489 1763 exputari
509 1726 621 1763 potest
644 1731 755 1751 caussa
777 1719 907 1756 idonea,
938 1731 994 1750 cur

232 1767 319 1798 hunc
342 1765 522 1809 particulae
545 1769 572 1796 et
593 1775 684 1795 nsum
705 1776 723 1796 a
748 1765 908 1796 Cicerone
932 1764 994 1796 ab·-

231 1811 409 1843 indicemns
423 1836 430 1849 ‚
457 1809 556 1841 modo
579 1816 766 1846 teneamus,
797 1821 870 1841 eum
892 1809 992 1840 raris-

231 1856 348 1888 simum
371 1867 441 1887 esse
464 1867 526 1886 nec
549 1854 621 1886 fere
643 1854 797 1897 reperiri,
834 1854 895 1886 nisi
917 1861 994 1885 ante

233 1901 425 1944 pronomina
448 1901 497 1931 vel
521 1899 646 1942 singula
666 1900 811 1939 nomina,
837 1906 869 1930 et
890 1899 994 1930 ubivis

232 1946 425 1989 particulam
440 1950 466 1977 et
486 1945 645 1976 minorem
660 1944 726 1976 vim
740 1945 873 1983 habere,
898 1956 995 1988 quam

232 1994 337 2031 eliam,
362 1998 397 2022 ut
413 1990 501 2022 infra
524 1991 578 2021 IV.
593 1987 649 2030 34,
667 1989 727 2022 73:
755 1989 862 2021 Probe
883 1994 909 2022 et
929 1989 995 2021 ille.

234 2034 374 2073 lll.19,
399 2034 460 2067 46:
500 2033 624 2076 aliquid
657 2033 824 2065 videamus
859 2039 885 2067 et
921 2034 995 2066 cibi.

234 2082 366 2112 orellius
388 2085 558 2121 comparat
578 2078 620 2109 ad
641 2079 680 2116 Q.
701 2079 754 2110 Fr.
779 2080 803 2110 I.
824 2082 850 2117 1,
871 2079 926 2111 10:
953 2079 996 2110 si-

234 2123 302 2155 mul
325 2128 352 2155 et
373 2123 454 2155 illud
480 2123 553 2155 Asia
575 2123 710 2165 cogitet.
742 2123 787 2154 ib.
816 2123 872 2155 12:
899 2123 993 2154 simul

233 2172 260 2200 et
279 2168 362 2199 illud
383 2167 501 2209 cogita.
538 2169 586 2199 De
604 2167 669 2198 hoc
690 2179 747 2198 usu
766 2167 859 2198 multi
878 2167 994 2210 dispu—

233 2220 396 2252 taverunt,
422 2225 452 2244 v.
476 2214 635 2244 Handium
656 2212 689 2243 in
701 2211 840 2244 Tursell.
864 2212 938 2245 Vol.
955 2214 994 2244 11.

234 2270 265 2301 p.
282 2255 348 2290 499
363 2269 454 2301 sqq..
481 2260 663 2289 Creuzerum
683 2257 725 2288 ad
747 2257 789 2289 N.
812 2257 853 2288 D.
879 2258 913 2294 1,
938 2257 992 2289 39.

233 2314 265 2345 p.
295 2301 390 2341 179„
427 2305 581 2334 Moserum
609 2301 651 2333 ad
682 2302 714 2333 h.
744 2302 788 2341 l.‚
837 2304 995 2334 Weberum

233 2349 287 2378 in:
320 2346 593 2389 Uebungsschule
616 2346 641 2378 s.
665 2346 697 2378 d.
721 2348 796 2380 Lat.
821 2347 894 2378 Stil.
915 2348 993 2378 Exc.

235 2393 288 2423 lV.
314 2403 346 2434 p.
362 2392 429 2424 520
442 2403 491 2435 sq.
517 2391 569 2425 ed.
584 2392 637 2431 2„
665 2392 719 2435 qui
742 2403 824 2435 quae
847 2391 994 2424 Handius

235 2436 335 2467 fusius
360 2437 551 2479 disputavit,
577 2437 688 2479 paucis
714 2437 904 2480 complexus
925 2443 993 2474 est;

233 2480 290 2511 sed
313 2482 405 2512 multi
428 2481 461 2513 iu
482 2493 521 2513 eo
542 2489 752 2521 erraverunt,
785 2482 893 2525 quod,
920 2482 993 2514 ubi-

236 2536 361 2567 cunque
386 2531 432 2565 et,
466 2538 533 2558 non
556 2534 715 2569 sequente
736 2527 842 2559 altero
864 2532 909 2567 et,
943 2527 995 2558 le·-

235 2570 331 2612 gitur,
358 2571 515 2601 continuo
531 2571 565 2602 id
585 2584 646 2614 pro
662 2575 755 2604 etiam
778 2572 903 2604 dictum
925 2584 995 2604 esse

235 2615 541 2654 pronuntiaverunt.
589 2618 674 2648 Nam
697 2617 792 2648 multi
816 2625 891 2649 sunt
918 2617 993 2655 loci,

235 2660 267 2690 in
299 2659 414 2701 quibus
446 2667 584 2701 apparet
616 2662 800 2693 orationem
825 2674 894 2694 esse
917 2660 995 2696 ἅνα-

235 2703 402 2737 κὸ>.ουὲῐον.
453 2704 503 2734 Cf.
529 2704 695 2737 Adnotata
717 2707 751 2738 in
776 2708 831 2738 111.
853 2707 916 2746 26,
940 2707 994 2740 63.

236 2752 428 2791 Quanquam
449 2748 605 2780 accedere
624 2761 690 2781 non
714 2762 846 2793 possum
859 2759 993 2783 senten-

235 2793 302 2824 tiae
335 2795 472 2832 Gitonis,
508 2793 561 2835 qui
595 2793 628 2824 in
662 2796 737 2825 Exc.
765 2798 822 2827 Ill.
858 2797 899 2828 ad
924 2797 995 2829 Fin.

236 2837 363 2881 pet-50.
398 2849 510 2869 omnes
542 2838 651 2876 locos,
687 2839 720 2870 in
744 2841 859 2882 quibus
884 2846 909 2873 et
935 2853 996 2884 pro

236 2886 331 2915 eliam
359 2881 506 2923 dicatur,
544 2889 599 2915 aut
629 2883 851 2916 emendandos
886 2898 956 2917 esse
980 2898 998 2918 e

238 2927 359 2966 codd.‚
398 2934 453 2960 aut
487 2939 526 2959 ex
557 2928 753 2960 anacolutho
787 2930 998 2971 explicandos

237 2985 317 3006 esse.
364 2973 530 3016 Originern
559 2973 652 3006 huius
684 2984 758 3006 usus
787 2976 924 3007 Krilzius
957 2975 998 3007 ad

1431 1146 1524 1176 XIV.
1577 1146 1586 1175 1
1618 1145 1670 1175 Sic
1695 1145 1729 1175 P..
1757 1145 1789 1175 Ρ,

1030 1270 1107 1301 Sall.
1136 1270 1205 1301 Cat.
1228 1269 1291 1307 35,
1316 1269 1347 1302 3.
1374 1281 1406 1311 p.
1428 1267 1498 1301 163.
1524 1276 1613 1300 recto
1638 1268 1793 1310 repetivit

1031 1327 1068 1346 ex
1094 1326 1143 1349 eo.
1166 1315 1255 1357 quod
1271 1315 1409 1346 alterum
1425 1314 1605 1345 membrum
1622 1314 1792 1350 orationis,

1030 1360 1056 1391 si
1077 1360 1173 1391 facile
1194 1367 1304 1391 mente
1324 1359 1469 1401 suppleri
1489 1366 1612 1402 posset,
1640 1358 1792 1389 omissum

1031 1412 1135 1443 esset,
1172 1412 1207 1436 ut
1229 1405 1260 1436 h.
1288 1405 1330 1436 1..·
1368 1415 1407 1434 ex
1436 1403 1501 1435 hoc
1525 1408 1551 1435 et
1573 1407 1637 1435 alia
1667 1405 1794 1435 laudari

1027 1454 1177 1490 possum,
1203 1454 1229 1482 el
1251 1451 1305 1480 illa
1329 1448 1398 1480 iure
1421 1448 1605 1480 laudantur.

1097 1497 1163 1535 1390
1184 1494 1292 1537 quum]
1319 1495 1401 1524 Sunt
1423 1493 1609 1525 tetrametri
1633 1491 1792 1524 trochaici

1029 1539 1211 1572 catalectici
1233 1551 1271 1570 ex
1292 1538 1398 1570 Ennio
1417 1538 1524 1581 petiti.
1574 1538 1624 1569 Cf.
1651 1549 1720 1580 cap.
1737 1541 1792 1573 ⁴24,

1027 1584 1083 1617 58.
1117 1591 1150 1615 et
1183 1586 1297 1615 Senec.
1329 1583 1425 1614 Cons.
1459 1582 1501 1614 ad
1525 1582 1641 1625 Polyb.
1676 1594 1704 1614 c.
1727 1581 1791 1614 30:

1028 1631 1185 1670 „Quanto
1207 1628 1262 1659 ille
1285 1627 1420 1667 iustior,
1455 1627 1531 1670 qni,
1562 1627 1712 1659 nuntiata
1736 1626 1792 1658 lilii

1028 1680 1154 1713 morte,
1185 1673 1317 1715 dignam
1341 1684 1460 1715 magno
1480 1672 1552 1704 viro
1572 1683 1686 1704 vocem
1710 1672 1794 1703 emi—

1028 1720 1088 1751 sit:
1121 1722 1231 1759 „E90,
1262 1729 1355 1758 quum
1378 1721 1490 1758 yenui,
1521 1722 1585 1749 tum
1608 1720 1791 1749 moriturum

1027 1767 1104 1797 scivi
1127 1782 1171 1787 —-
1194 1763 1323 1795 Deinde
1354 1763 1475 1794 adiecit
1504 1774 1573 1794 rem
1601 1762 1733 1794 maioris
1758 1769 1792 1793 et

1028 1808 1222 1852 prudentiae
1245 1815 1278 1839 et
1302 1808 1419 1845 animi,
1445 1812 1471 1839 et
1493 1810 1563 1839 huic
1584 1811 1627 1839 rei
1647 1810 1794 1839 sus-lulis<

1030 1853 1169 1897 Liquide
1203 1860 1315 1896 patet,
1352 1853 1434 1884 haee
1467 1864 1538 1884 esse
1563 1853 1663 1884 verbu
1688 1852 1791 1884 Tela—-

1029 1899 1153 1937 monis,
1189 1910 1287 1941 quum
1323 1898 1350 1929 ei
1386 1909 1473 1929 mors
1503 1897 1610 1928 Aiacis
1643 1896 1792 1928 nuntiata

1030 1951 1126 1976 esset.
1174 1943 1311 1976 Telamo
1336 1943 1422 1974 enim
1447 1942 1512 1973 duo
1539 1942 1633 1981 filios,
1661 1942 1791 1973 Aiacem

1031 1996 1064 2021 et
1086 1991 1261 2028 Teucrum,
1286 1988 1318 2019 in
1342 1988 1464 2019 bellum
1487 1987 1667 2019 Troianum
1692 1987 1792 2018 mise-

1029 2041 1091 2066 rat.
1141 2034 1245 2073 ,‚Aiax
1268 2033 1310 2064 ob
1331 2032 1463 2064 Achillis
1483 2044 1572 2063 arma
1593 2032 1653 2063 sibi
1675 2038 1793 2074 negata

1029 2079 1139 2121 gladio
1163 2091 1198 2110 se
1220 2078 1408 2114 transiecit;
1446 2078 1583 2109 alterum
1607 2089 1686 2108 vero
1710 2088 1792 2107 exu-

1029 2124 1097 2155 lare
1123 2123 1214 2155 inssit
1238 2130 1354 2166 pater,
1390 2123 1465 2165 quia
1498 2122 1607 2154 fratris
1639 2128 1791 2159 mortem,

1031 2169 1169 2210 Ulyssea
1182 2168 1325 2199 versutia
1343 2174 1594 2209 praematuram,
1619 2167 1708 2198 ferro
1724 2177 1790 2197 non

1029 2212 1238 2244 vindicarit.“
1284 2212 1393 2243 Verba
1416 2217 1493 2242 sunt
1514 2214 1634 2243 Davisii
1655 2211 1696 2242 ad
1716 2211 1747 2242 h.
1770 2211 1791 2242 l.

1030 2258 1094 2288 Res
1126 2257 1204 2289 trita
1235 2263 1268 2288 et
1301 2257 1334 2288 in
1368 2256 1481 2298 vulgus
1514 2263 1602 2287 nota.
1656 2255 1791 2286 Pluralis

1029 2305 1212 2342 morituros,
1247 2301 1448 2344 optimorum
1474 2300 1571 2332 codd.
1596 2300 1792 2332 auctoritate

1028 2347 1193 2385 munitus,
1235 2345 1428 2378 referendus
1462 2352 1511 2377 est
1542 2345 1584 2377 ad
1618 2352 1791 2387 utrumqne

1029 2392 1130 2424 filium
1154 2391 1363 2427 Telamonis;
1402 2391 1492 2434 quod
1525 2397 1635 2422 autem
1668 2391 1793 2421 Seneca

1029 2437 1051 2470 l.
1075 2437 1107 2469 d.
1125 2440 1311 2469 moriturum
1329 2436 1440 2476 habet,
1465 2435 1509 2475 id,
1535 2435 1582 2466 uti
1604 2441 1694 2467 recte
1716 2446 1793 2466 mo—

1030 2489 1087 2514 net
1119 2485 1281 2522 Klotzius,
1321 2493 1359 2513 ex
1394 2493 1435 2513 eo
1471 2480 1698 2523 explicandum
1733 2485 1793 2518 est,

1030 2527 1119 2570 quod
1152 2527 1178 2558 is
1212 2527 1294 2558 haec
1326 2527 1426 2558 verba
1451 2537 1469 2557 e
1501 2524 1659 2557 memoria
1691 2523 1790 2555 allata

1030 2572 1142 2604 retulit
1166 2572 1207 2604 ad
1235 2583 1333 2603 unum
1356 2571 1498 2603 Aiacem.

1097 2620 1124 2649 ei
1140 2620 1185 2649 rei
1201 2618 1325 2657 sustuli]
1347 2617 1389 2646 H.
1401 2627 1428 2646 e.
1450 2622 1483 2647 et
1495 2614 1537 2646 ad
1550 2620 1691 2645 mortem
1707 2612 1792 2644 edu-

1031 2662 1113 2694 cavi.
1161 2663 1202 2694 V.
1225 2663 1439 2693 Ruhnhenium
1470 2660 1503 2690 in
1527 2661 1662 2690 Terent.
1689 2657 1792 2690 Andr.

1031 2709 1056 2739 Ι.
1078 2707 1117 2746 3,
1147 2704 1195 2740 14.
1243 2706 1350 2737 Verba
1373 2708 1399 2736 ei
1421 2711 1453 2735 et
1472 2706 1517 2736 rei
1538 2702 1793 2746 μονοσυλλάβως

1030 2750 1275 2794 pronuntianda
1293 2756 1378 2781 sunt.
1411 2751 1510 2780 Moser
1531 2748 1682 2780 conferre
1701 2747 1793 2779 iubet

1031 2799 1229 2836 Forbiyerum
1247 2795 1289 2826 ad
1310 2795 1441 2826 Lucret.
1462 2795 1520 2832 III,
1537 2792 1614 2825 931.
1648 2795 1700 2825 Fr.
1715 2796 1792 2824 Gro-

1032 2843 1143 2882 tefend.
1168 2842 1206 2872 L.
1232 2841 1287 2871 Gr.
1311 2841 1351 2872 Il.
1377 2839 1405 2880 §2
1422 2838 1475 2870 (⁹32.
1499 2839 1529 2870 b.

1100 2889 1135 2917 ob
1150 2886 1372 2925 defendendam
1388 2883 1565 2923 Graeciam]
1588 2881 1793 2924 Praepositio

1033 2934 1080 2971 ob,
1102 2930 1270 2972 propriam
1289 2940 1327 2960 ac
1347 2940 1437 2959 suam
1452 2928 1517 2959 vim
1535 2939 1680 2968 servans,
1703 2937 1792 2958 non-

1034 2987 1197 3019 nunquam
1233 2973 1364 3017 ponitur
1397 2972 1439 3005 ad
1474 2975 1659 3013 consilium,
1703 2969 1791 3014 quod
