1863 3221
254 107 329 149 132

252 195 430 251 probent.

253 269 311 309 uti-
344 266 494 308 ratione
529 266 666 305 mors4
704 263 772 303 tibi
813 263 937 303 videri
979 263 1119 303 malum
1155 263 1292 317 possit.

830 111 994 143 L1RER
1023 113 1045 142 1.
1070 110 1135 151 31,
1160 110 1213 146 77.

494 192 578 247 Ego
604 199 732 232 autem
758 204 953 244 nunquam
982 190 1035 231 ita
1060 197 1097 230 te
1122 190 1159 230 in
1185 190 1256 230 hoc
1283 204 1463 233 sermone
1490 193 1699 246 dimittam,
1733 196 1811 236 ulla

1354 271 1422 306 77.
1465 266 1517 305 Α.
1552 265 1630 319 Qui
1663 274 1807 322 potest,

253 355 368 395 quum
390 340 464 380 ista
494 336 770 392 cognoverim?
829 336 893 376 M.
927 334 1006 389 Qui
1039 335 1185 390 possit,
1230 338 1372 390 rogas?
1432 336 1626 379 catervae
1648 341 1812 380 veniunt

253 421 386 454 contra
406 411 638 461 dicentium,
673 423 745 449 nec
773 409 896 450 solum
923 408 1230 463 Epicureorum,
1265 423 1360 463 quos
1384 411 1559 464 equidem
1588 425 1662 451 non
1685 412 1812 466 despi-

252 486 338 537 cio,
371 486 438 526 sed
466 483 598 524 nescio
622 497 696 536 quo
717 482 830 522 modo
853 482 1099 522 doctissimus
1122 482 1283 536 quisque
1309 483 1554 523 contemnit5
1573 515 1583 534 ,
1618 485 1810 525 acerrime

252 566 379 599 autem
402 556 564 597 deliciae
593 569 726 605 meae,
771 554 1058 606 Dicaearchus,
1100 562 1236 595 contra
1262 555 1359 596 hanc
1382 556 1708 597 immortalitatem
1735 557 1812 598 dis-

251 630 388 672 seruit.
452 628 492 670 Is
524 629 626 669 enim
660 635 740 668 tres
771 628 890 668 libros
925 628 1101 683 scripsit,
1145 628 1207 682 qui
1245 627 1428 668 Lesbiaci
1460 636 1671 680 vocantur,
1713 631 1813 684 quod

250 702 454 758 Mytilenis
476 716 606 742 sermo
633 701 818 751 habetur,
851 701 888 740 in
914 701 1049 755 quibus
1071 702 1153 741 vult
1178 702 1352 752 efficere,
1387 702 1535 742 animos
1559 716 1646 742 esse
1668 710 1812 744 morta-

252 777 324 816 les.
389 773 511 816 Stoici
534 782 661 815 autem
685 788 841 814 usuram
866 774 975 814 nobis
998 774 1234 827 largiuntur,
1265 781 1446 828 tanquam
1470 775 1714 826 cornicibus;
1749 776 1812 816 diu

253 862 458 889 mansuros
489 848 597 887 aiunt
626 847 798 898 animos,
833 861 1010 902 semper,
1045 854 1202 900 negant.

343 967 365 998 4
389 966 441 997 Sic
462 966 492 998 11.
507 966 526 997 l.
549 965 628 1008 legit
652 972 683 996 et
704 965 853 996 distinxit
874 966 907 996 P.
932 966 1018 995 Min
1044 976 1104 1007 pro
1126 965 1212 1007 vulg.
1235 967 1301 997 ulla
1323 968 1368 996 uti
1390 968 1528 1004 ratione,
1553 969 1584 995 ul
1611 975 1714 1005 mors,·
1743 965 1813 996 ori-

254 1012 361 1054 ginem
384 1011 502 1042 erroris
524 1022 563 1041 ex
587 1022 626 1041 eo
650 1010 759 1048 ducit,
794 1009 883 1051 quod
907 1010 1012 1040 lecto1
1036 1010 1231 1041 vocabulum
1252 1012 1297 1041 uti
1318 1009 1513 1040 infinitivum
1537 1009 1630 1041 veibi
1651 1013 1720 1041 utor
1742 1021 1812 1041 esse

256 1055 346 1098 OPlnt
338 1062 407 1086 {ltus
439 1066 509 1086 Cum
544 1054 712 1096 supeliOte
739 1054 898 1085 OsflthHlS
922 1053 1069 1084 ΠῙΘΠἸΙΠΟ
1100 1054 1305 1085 COsslUUXCI‘lt
1331 1054 1372 1085 Ob
1401 1065 1537 1096 eamque
1572 1065 1640 1085 rem
1671 1058 1704 1085 ug
1734 1060 1811 1085 {Inte

255 1110 337 1131 mors
356 1099 543 1139 addiderit,
570 1105 604 1129 ut
627 1098 817 1129 adverbium
838 1098 885 1129 ita
908 1098 939 1129 h
932 1098 1066 1139 ibent
1091 1109 1155 1140 quo
1178 1099 1370 1130 refer-betur
1418 1100 1474 1130 Tr.
1498 1110 1581 1129 corr.
1606 1101 1671 1130 ulla
1694 1101 1814 1131 ratione

255 1148 288 1176 ut
310 1154 393 1175 mors
413 1150 475 1174 etc.
523 1143 543 1174 5
569 1155 596 1173 v.
626 1143 707 1175 Adn.

254 1229 297 1234 —-
329 1213 456 1250 probem
497 1209 657 1242 auditoris
696 1221 856 1252 personae
890 1210 1013 1241 tribuit.

256 1257 441 1294 Lambinus,
467 1257 638 1294 Bentleius,
668 1257 815 1286 Davisius
845 1261 1014 1297 utramque

258 1311 431 1342 personam
457 1299 597 1337 tollunt,
634 1306 668 1329 ut
693 1299 809 1330 verba:
855 1301 936 1338 Quid
961 1309 1014 1330 re-

255 1346 339 1384 fert?
365 1363 406 1368 —
442 1347 538 1383 possit
562 1344 663 1374 Murci
695 1355 854 1386 personae
887 1343 1014 1374 adscri-

257 1389 384 1421 bantur.
415 1389 538 1419 Hurum
553 1388 722 1419 turbarum
739 1400 849 1419 caussa
871 1388 932 1419 fuit
946 1388 1015 1418 sine

1050 1209 1232 1252 εἰρωνικῶς
1246 1210 1472 1253 accipiendum
1495 1222 1641 1250 censens,
1668 1217 1704 1241 ut
1725 1210 1813 1242 infru

1051 1257 1090 1286 11.
1111 1256 1142 1291 ὃ,
1166 1255 1195 1287 7.
1223 1255 1359 1297 legitur:
1394 1266 1469 1295 quos
1495 1254 1703 1297 (Epicureos)
1730 1266 1814 1287 non

1050 1303 1280 1331 contemno
1325 1302 1547 1340 equidem,

1049 1354 1209 1382 nunquam
1232 1346 1366 1384 leyerim.

1051 1388 1158 1418 verbis
1192 1388 1297 1419 ironia
1331 1389 1438 1430 aliqua
1477 1389 1575 1419 inest.

1052 1444 1143 1463 cum:
1171 1432 1200 1463 d.
1217 1433 1406 1474 Epikureer,
1426 1433 1478 1463 die
1498 1433 1550 1463 ich
1571 1432 1701 1463 freilich
1723 1432 1813 1464 nicht

1593 1303 1705 1340 quippe
1738 1310 1815 1340 quos

1415 1344 1522 1374 Etiam
1547 1344 1579 1374 in
1601 1345 1813 1386 sequentibus

1622 1390 1723 1419 Verte
1756 1389 1812 1420 lo-

258 1433 357 1464 dubio
375 1439 459 1475 part.
481 1436 581 1472 enim,
614 1444 697 1475 quae
729 1439 806 1474 post
828 1433 1015 1474 interroga-

256 1477 381 1509 tionem
405 1477 533 1520 positu,
560 1485 595 1508 ut
618 1478 672 1508 Gr.
697 1475 779 1519 γάρ,
805 1477 869 1508 vim
893 1478 1017 1508 contir-

258 1521 368 1553 mandi
392 1522 502 1553 habet.
551 1524 633 1561 Quid
662 1524 779 1562 refert?
826 1523 872 1554 M.
894 1524 1016 1562 ΗΘΜ-1,·

259 1569 372 1598 adsunt
392 1570 473 1598 enim
495 1573 556 1597 etc.
605 1567 643 1597 V.
672 1566 714 1597 ad
743 1567 797 1597 IV.
821 1566 884 1603 26,
909 1566 961 1598 50.
985 1573 1017 1597 et

259 1611 299 1642 ad
323 1613 346 1642 I.
361 1610 393 1649 6,
411 1613 459 1643 11.
498 1611 548 1641 Cf.
564 1613 748 1650 Wesenberg.
772 1612 841 1641 Em.
865 1612 905 1641 11.
920 1623 950 1653 p.
963 1612 1015 1643 20.

325 1659 351 1687 te
370 1658 403 1687 in
416 1658 471 1687 hoc
488 1665 624 1687 sermone
637 1657 806 1696 dimittam]
834 1655 922 1686 Nihil
936 1667 1016 1698 opus

262 1707 311 1731 est
334 1701 478 1732 Lambini
501 1700 688 1731 coniectura
710 1710 748 1731 ex
770 1702 799 1731 h.
817 1710 863 1739 s.,·
887 1711 962 1731 nam
985 1702 1018 1732 in

260 1747 314 1776 hoc
337 1755 361 1776 s.
387 1751 436 1775 est
460 1747 533 1775 dum
557 1747 589 1776 in
613 1747 668 1776 hoc
692 1754 828 1776 sermone
845 1754 1016 1776 versamur.

326 1791 391 1820 ulla
419 1791 478 1829 uti]
505 1790 542 1820 V.
567 1790 608 1820 ad
634 1791 657 1819 Ι.
683 1791 724 1827 ὅ,
754 1788 802 1821 16.

326 1834 420 1875 §.7⁶2
458 1835 518 1872 Qui
538 1838 634 1873 potest
653 1853 696 1857 —-
723 1835 783 1872 Qui
802 1835 913 1875 possit]
941 1833 1016 1864 Scil.

259 1878 337 1910 fieri.
385 1879 423 1909 V.
450 1878 491 1908 ad
517 1890 543 1909 c.
566 1878 627 1917 12,
652 1878 705 1910 23.

323 1932 377 1954 nec
397 1925 495 1954 solum
518 1924 754 1964 Epicureorum]
789 1922 828 1954 V.
852 1933 911 1953 nos
936 1921 968 1952 in
994 1921 1015 1953 1.

258 1967 288 1998 d.
315 1969 352 1998 de
379 1970 440 1999 Cic.
463 1970 494 1998 iu
516 1969 569 2006 ph.
594 1977 667 1998 mer.
691 1979 723 2009 p.
741 1966 783 1999 78
796 1978 843 2009 sq.

323 2022 398 2050 quos
421 2014 560 2050 equidem
582 2022 641 2042 non
664 2013 808 2050 despicio,
829 2013 882 2042 scd
899 2030 941 2036 —
962 2014 1016 2043 do-

257 2058 408 2087 ctissimus
428 2058 554 2094 quisque
572 2057 747 2095 contemnit]
779 2057 834 2094 W„
859 2058 942 2095 Sch.,
965 2059 1017 2088 Or.

257 2099 446 2131 abiecerunt
467 2100 600 2130 verbum
623 2102 803 2138 contemnit,
828 2100 917 2141 quod
938 2112 1016 2130 unus

261 2143 332 2176 cod.
353 2144 480 2175 Manut.
498 2144 640 2180 omittit,
668 2150 702 2174 ut
721 2144 886 2175 sententia
905 2144 1016 2186 expri—

259 2195 366 2219 matur
386 2188 484 2219 haec:
521 2200 581 2219 nec
603 2188 707 2219 solum
729 2188 899 2230 Epicurei,
936 2200 1016 2231 quos

259 2232 408 2275 equidem
430 2244 496 2264 non
520 2232 685 2275 despicio,
711 2233 788 2272 sed,
815 2233 903 2275 quod
926 2233 1016 2275 peius

259 2284 328 2315 est,
365 2277 464 2308 etiam
490 2277 670 2308 doctissimi
694 2277 902 2320 Peripatetici
933 2289 1016 2309 con-

258 2321 435 2353 tradicunt.
483 2324 581 2354 Moser
607 2334 634 2353 v.
656 2325 817 2354 contemnit
852 2322 940 2353 uncis
962 2323 1016 2353 in—

261 2367 370 2403 clusit3
409 2366 507 2398 etiam
532 2368 718 2407 Wesenberg.
745 2368 814 2399 Em.
838 2368 878 2399 II.
909 2379 940 2409 p.
961 2367 1015 2399 21.

260 2411 542 2443 exterminandum
563 2418 686 2449 censet,
712 2411 798 2454 quia,
823 2423 861 2442 eo
885 2412 1014 2449 omisso,

259 2463 349 2487 recte
373 2456 538 2498 Epicureis
564 2468 677 2498 parum
701 2456 808 2488 doctis
834 2456 1016 2487 doctissimi

260 2500 448 2541 philosophi
472 2501 722 2543 (Peripatetici),
747 2501 779 2532 in
801 2501 914 2543 quibus
933 2501 1014 2539 Die„

259 2544 486 2585 adiunguntur.
527 2549 567 2575 At
588 2546 619 2576 in
642 2553 735 2577 tanto
758 2546 914 2577 librorum
938 2558 1016 2578 con-

258 2600 354 2619 sensu
376 2589 545 2630 quicquum
568 2601 699 2621 movere
719 2590 936 2632 periculosum
959 2603 1015 2622 ra—

261 2641 311 2664 tus
337 2644 407 2664 cum
431 2636 548 2664 Klotzio
572 2634 697 2664 restitui
720 2638 890 2666 contemnit.
931 2638 1015 2667 Ora—

261 2678 308 2708 tio
337 2684 385 2708 est
416 2674 638 2715 ἀνακόλουῖος
664 2689 738 2719 pro:
786 2682 933 2712 Cateruae
964 2691 1015 2712 ve-

257 2725 345 2754 niunt
372 2726 475 2753 contra
501 2724 686 2759 dicentium,
709 2734 762 2754 nec
781 2725 878 2754 solum
902 2727 1016 2764 Epicu-

259 2776 380 2798 reorum
402 2785 464 2806 ——,
486 2768 539 2797 sed
559 2769 649 2797 etiam
671 2770 803 2798 aliorum
821 2770 1015 2808 philosopho-

260 2821 351 2850 rum,
384 2815 410 2842 et
442 2812 564 2850 quidem
593 2813 668 2842 inter
700 2813 753 2842 hos
785 2815 932 2844 acerrime
961 2816 1015 2844 Di-

259 2857 410 2887 caearhus
438 2859 542 2886 contra
564 2857 592 2885 h.
616 2858 634 2885 i.
665 2857 817 2887 disseruit.
868 2858 928 2887 Pro
963 2859 1013 2888 de—

260 2902 355 2939 spicio
378 2900 434 2930 W.
457 2911 474 2929 e
498 2899 570 2929 coni
595 2901 750 2931 Bouhierii
766 2899 856 2930 dedit
877 2904 1015 2940 respicio,

259 2944 346 2986 quod
380 2944 448 2976 iure
480 2943 593 2975 reiecit
613 2946 688 2983 Or.,
724 2943 857 2975 verbum
883 2947 1015 2984 despicio

1052 1476 1165 1519 gering
1189 1477 1331 1515 schiitze,
1358 1477 1410 1508 die
1431 1478 1509 1508 aber
1533 1495 1575 1500 -—
1601 1489 1634 1508 es
1658 1477 1730 1508 thut
1750 1477 1812 1508 mir

1052 1521 1117 1552 leid
1145 1541 1184 1545 —-
1209 1522 1330 1563 gerude
1364 1522 1417 1552 die
1452 1521 1701 1553 Gebildetesten
1733 1534 1811 1553 ver-

1052 1566 1180 1597 achten.
1217 1568 1264 1597 De
1289 1567 1430 1597 formula
1452 1568 1574 1598 dolendi
1599 1578 1628 1598 v.
1653 1566 1694 1597 ad
1718 1578 1743 1597 c.
1761 1566 1811 1604 11,

1051 1614 1113 1642 “.)-1;
1153 1622 1246 1652 quam
1279 1611 1311 1642 h.
1334 1611 1353 1642 l.
1382 1614 1520 1642 Klotzius
1542 1610 1588 1642 sic
1610 1611 1812 1653 interpreta-

1051 1661 1123 1686 tur:
1158 1655 1210 1686 ich
1233 1656 1325 1687 weiss
1348 1667 1380 1686 es
1410 1656 1518 1694 nicht,
1555 1667 1696 1693 warum;
1735 1656 1813 1687 aber

1051 1700 1098 1730 sie
1128 1701 1258 1731 miissen
1290 1700 1376 1732 doch
1399 1700 1461 1731 wo]
1492 1700 1594 1731 selbst
1620 1700 1671 1732 die
1691 1700 1813 1732 Schuld

1052 1744 1160 1775 duvon
1194 1745 1312 1776 haben.
1362 1745 1451 1776 Idem
1478 1752 1583 1776 totum
1614 1745 1720 1776 locum
1747 1757 1814 1777 non

1052 1789 1253 1831 εἰρωνικῶς,
1300 1789 1359 1821 sed
1405 1790 1538 1832 proprie
1584 1790 1811 1832 accipiendum

1053 1841 1173 1866 censet.

1119 1881 1246 1910 deliciae
1269 1889 1375 1918 meae,
1399 1881 1625 1918 Dicaearchus,
1652 1898 1691 1902 —
1717 1881 1814 1912 disse-

1049 1923 1126 1965 ruit]
1153 1924 1192 1954 V.
1216 1934 1273 1954 nos
1297 1923 1328 1954 in
1357 1925 1501 1954 Gramm.
1529 1925 1602 1954 Lat.
1629 1926 1655 1966 ξ
1684 1924 1754 1960 103,
1781 1925 1813 1956 ζ).

1118 1969 1341 2009 Dicaearchus]
1367 1970 1471 2010 Supra
1498 1980 1524 1999 c.
1550 1970 1598 2006 10,
1624 1969 1677 2000 21.
1712 1980 1738 2000 c.
1763 1970 1812 2007 11,

1051 2011 1105 2044 24.
1131 2024 1156 2044 e.
1181 2013 1229 2045 18.
1257 2012 1327 2043 init.
1354 2024 1380 2044 c.
1400 2016 1462 2049 22,
1489 2014 1541 2045 51.

1119 2059 1182 2088 vult
1216 2059 1355 2097 efficere,
1403 2060 1522 2088 animos
1557 2067 1618 2089 esse
1654 2057 1812 2100 mortales]

1052 2102 1266 2143 Frequentius
1287 2109 1335 2132 est
1355 2104 1472 2141 efficere
1495 2102 1528 2137 (i.
1544 2114 1571 2132 e.
1594 2102 1747 2144 probare)
1769 2106 1814 2136 ui.

1053 2148 1156 2187 Supra
1180 2147 1201 2176 1.
1224 2149 1255 2184 ὅ,
1282 2146 1337 2177 16:
1365 2157 1451 2176 mors
1473 2153 1507 2176 ut
1530 2146 1649 2177 malum
1672 2158 1736 2178 non
1760 2147 1812 2184 sit,

1053 2190 1187 2220 efficies.
1223 2188 1278 2228 2-1,
1303 2190 1354 2222 57.
1392 2191 1430 2220 V.
1457 2191 1612 2227 303110:
1640 2191 1737 2229 effici,
1765 2198 1811 2222 ut.

1052 2235 1093 2265 N.
1118 2235 1155 2265 D.
1185 2235 1249 2272 111,
1284 2234 1342 2265 12:
1381 2234 1427 2265 ita
1449 2234 1614 2274 efficitur,
1649 2242 1684 2266 ut
1717 2247 1814 2266 omne

1053 2290 1170 2321 corpus
1200 2278 1340 2309 mortale
1361 2278 1420 2309 sit:
1460 2278 1512 2309 ubi
1536 2290 1567 2310 v.
1594 2289 1675 2320 quae
1700 2279 1814 2311 laudat

1054 2325 1192 2355 Creuzer.
1216 2335 1249 2365 p.
1267 2323 1341 2355 535.
1378 2324 1420 2354 N.
1445 2325 1482 2355 D.
1514 2324 1570 2354 111.
1598 2324 1653 2362 13,
1676 2324 1720 2356 34
1744 2335 1812 2355 acc.

1052 2379 1078 2399 c.
1098 2368 1158 2399 inf.
1208 2368 1307 2409 Legg.
1336 2369 1360 2399 Ι.
1384 2370 1415 2406 ὅ,
1441 2369 1494 2400 25.
1542 2368 1591 2400 Cf.
1615 2379 1674 2400 nos
1697 2368 1731 2399 in
1754 2369 1811 2400 Gr.

1051 2413 1089 2443 L.
1117 2410 1241 2454 §.l-12,
1266 2417 1296 2444 υ.

1119 2459 1213 2488 Stoici
1237 2461 1338 2488 autem
1362 2467 1490 2488 usuram
1514 2460 1599 2489 nobis
1622 2457 1812 2500 largiuntur]

1053 2503 1157 2532 Usura
1193 2501 1325 2544 proprie
1359 2502 1477 2532 dicitur
1501 2501 1542 2533 de
1575 2502 1691 2540 rebus,
1729 2513 1812 2544 quae

1052 2546 1145 2577 nobis
1180 2547 1249 2577 usui
1295 2546 1347 2577 vel
1385 2546 1505 2577 fructui
1549 2545 1810 2577 commodantur.

1052 2591 1136 2621 Hinc
1160 2590 1326 2633 eleganter
1349 2591 1412 2621 hoc
1436 2590 1510 2621 loco
1527 2590 1646 2621 dicitur
1661 2589 1702 2620 de
1718 2590 1809 2621 Stoi-

1052 2635 1106 2673 cis
1133 2635 1186 2677 qui
1212 2642 1287 2677 post
1310 2641 1450 2665 mortem
1475 2634 1621 2677 corporis
1646 2634 1807 2676 supersti—

1051 2687 1118 2711 tem
1143 2679 1285 2711 uuimum
1311 2679 1443 2716 dicunt,
1469 2679 1526 2710 sed
1552 2690 1617 2710 non
1642 2678 1674 2709 in
1698 2685 1809 2710 aeter-

1051 2736 1137 2756 num.
1184 2726 1223 2756 V.
1244 2726 1375 2755 Erneslii
1402 2723 1490 2754 (lav.
1516 2723 1547 2754 h.
1569 2735 1598 2756 v.
1647 2723 1700 2754 Sic
1722 2723 1810 2755 infra

1052 2781 1078 2800 c.
1101 2768 1155 2807 39,
1177 2768 1237 2802 93:
1266 2773 1306 2798 At
1331 2779 1367 2798 ea
1395 2768 1537 2809 (natura)
1564 2767 1655 2798 dedit
1679 2779 1807 2799 usuram

1050 2815 1147 2851 vitae,
1172 2820 1327 2855 tanquam
1352 2812 1526 2854 pecuniae,
1553 2812 1641 2843 nulla
1665 2812 1808 2854 praesti—

1050 2864 1121 2889 tuta
1144 2858 1214 2888 die:
1240 2857 1292 2888 ubi
1317 2857 1359 2887 cf.
1378 2856 1551 2887 Adnotatu.
1585 2857 1688 2887 Simili
1705 2856 1806 2888 modo

1051 2902 1170 2933 dieitur
1193 2911 1322 2934 usuram
1346 2903 1421 2932 lucis
1444 2903 1520 2932 dare
1544 2905 1570 2932 et
1594 2904 1718 2941 eripere,
1743 2904 1807 2932 exi-

1049 2949 1102 2986 ςμιί
1137 2948 1280 2986 temporis
1316 2955 1443 2977 usuram
1484 2948 1649 2984 postutare.
1711 2944 1807 2976 Cuius
