1832 3137
649 123 814 155 Linea
841 123 880 155 11.
908 121 972 163 27,
997 121 1051 158 67.

67 200 177 241 Haec
205 201 286 240 fere
313 199 384 240 hoc
410 206 582 254 tempore
607 201 850 255 putaviesse
880 201 1056 242 dicenda.

506 273 558 313 A.
597 271 762 314 Minime
796 287 914 324 ver03
956 288 1094 328 meque
1126 274 1242 315 biduo
1277 275 1437 316 duarum
1477 290 1624 329 rerum,

67 273 188 314 tentia
222 286 443 327 permanes.

65 359 161 400 quas
189 346 359 386 maxime
396 345 603 397 timebam,
649 359 764 401 spero
794 345 997 386 liberatum
1031 354 1152 387 metu.

1545 114 1632 157 ⁴245

1119 200 1199 243 Sed
1221 208 1260 242 tu
1286 202 1454 243 fortasse
1480 204 1517 244 in
1539 217 1628 244 sen-

1215 347 1282 388 M.
1318 346 1418 389 Cras
1455 362 1549 404 ergo
1578 351 1627 390 ad

65 419 333 473 clepsydram3
367 419 423 459 sic
442 419 543 460 enim
563 419 732 459 diximus
747 420 783 468 ³,
811 419 878 459 sed
892 421 913 445 4
933 419 1000 458 tibi
1017 419 1089 459 hoc
1106 420 1221 461 video
1241 435 1318 462 non
1337 436 1453 477 posse
1474 422 1620 463 deberi.

64 491 117 531 A.
150 489 208 532 lta
229 506 404 546 prorsus.

466 491 520 532 Et
538 492 628 532 illud
648 491 798 546 quidem
817 498 906 531 ante
926 491 1149 544 meridiem3
1182 494 1255 534 hoc
1277 495 1412 536 eodem
1433 502 1622 551 tempore.

67 563 129 604 M.
164 561 232 605 Sic
262 565 474 615 faciemus,
508 565 660 619 tuisque
692 564 845 619 optimis
876 563 1015 604 studiis
1047 564 1322 619 obsequemur.

152 680 175 715 4
200 683 258 715 W'.
283 694 310 715 c.
334 682 479 715 Turneb.
501 682 606 714 Advv.
632 681 673 721 4,
701 680 753 713 18.
780 684 808 713 et
826 683 901 722 tibi,
925 688 958 713 et
980 682 1028 714 sic
1052 693 1132 713 unus
1157 684 1215 713 Ox.
1238 682 1336 716 Vind.
1357 683 1388 715 2.

65 760 371 803 elegantissimeque
392 760 554 803 exposuit.
602 759 767 791 Victorius
793 765 828 790 et

63 805 130 836 Pal.
165 812 269 847 quart.
300 805 425 836 habent
457 807 483 836 si
512 807 590 837 tanti
612 807 693 844 siut,
725 808 759 836 ut
782 805 827 844 fe-

61 851 150 882 rendi
172 852 244 881 sint.

130 895 173 926 ad
195 893 405 936 clepsydram]
441 893 631 925 Sententia:
671 893 748 925 Cras
771 893 826 924 in-

62 938 233 970 stituemus
269 937 520 970 exercitationes
556 938 736 970 rhetoricas
771 945 826 969 aut

62 983 268 1015 declamandi
299 983 463 1015 exercitia.
518 985 565 1014 De
591 995 620 1014 v.
647 985 826 1023 clepsydrae

62 1040 92 1059 v.
117 1031 277 1060 Forcellin.
300 1028 332 1059 in
350 1028 449 1060 Thes.
472 1028 546 1059 Lat.
568 1028 600 1059 h.
621 1040 652 1059 v.
701 1028 752 1059 Ad
771 1034 825 1059 ta-

63 1072 128 1103 lem
151 1072 355 1116 clepsydram
373 1080 404 1103 et
421 1079 569 1104 oratores
585 1072 616 1103 in
634 1073 707 1104 foro
724 1073 825 1104 verba

63 1117 250 1156 faciebant,
287 1124 320 1148 et
343 1128 422 1148 vero
446 1117 478 1148 in
506 1117 590 1148 ludis
618 1117 825 1148 declamandi

63 1162 218 1194 exercitia
244 1162 461 1193 instituebant
482 1161 626 1193 iuvenes.
673 1162 760 1193 Hinc
784 1161 825 1193 de

63 1209 153 1238 Orat.
179 1208 234 1238 111.
258 1204 320 1245 34,
351 1206 429 1239 138:
465 1206 551 1238 hunc
574 1218 640 1237 non
667 1207 826 1238 clamator

62 1251 178 1294 aliquis
202 1251 244 1283 ad
269 1250 474 1294 clepsydram
507 1251 627 1282 latrare
654 1251 824 1289 docuerat,

62 1295 121 1327 sed
143 1300 372 1338 Anaxagoram,
407 1295 457 1326 vir
486 1307 629 1326 summus
660 1295 691 1326 in
717 1295 825 1326 maxi—

62 1351 187 1372 marum
218 1352 326 1372 rerum
357 1339 515 1371 scientia:
553 1339 607 1371 ubi
632 1351 662 1371 v.
687 1342 823 1371 Harless.

59 1387 206 1425 Neidius,
232 1396 363 1428 prorsus
387 1384 428 1415 ab
453 1384 545 1415 huius
570 1384 634 1416 loci
660 1383 824 1415 sententia

59 1429 232 1468 aberrans,
264 1429 307 1461 ad
332 1429 431 1460 verba
456 1431 499 1460 ad
522 1431 717 1469 clepsydram
740 1440 824 1470 sup—

57 1473 128 1517 plet
148 1484 377 1514 persequemur,
401 1475 483 1514 quod
504 1476 658 1514 reliquum
680 1478 734 1514 est,
756 1473 821 1504 im-

59 1530 114 1550 mo
139 1519 358 1561 supplendum
384 1525 454 1550 erat
483 1520 683 1550 declamandi
707 1521 822 1550 exerci-

58 1566 202 1595 tationem
217 1566 431 1596 instituemus:
456 1563 545 1605 quod
565 1563 822 1595 luculentissime

58 1615 198 1650 apparet
216 1620 234 1639 e
251 1608 358 1640 verbis
381 1608 528 1650 proxime
545 1607 772 1650 sequentibus:
796 1612 823 1640 et

56 1655 136 1684 illud
156 1655 281 1693 quidem
307 1656 363 1695 (sc.
387 1652 593 1684 declamandi
616 1652 820 1694 exercitium)

58 1702 128 1729 ante
148 1700 329 1736 meridiem,·
353 1699 408 1729 hoc
431 1699 489 1739 (sc.
514 1697 716 1740 disputatio,
740 1708 823 1739 quae

58 1749 206 1773 versatur
228 1743 260 1773 in
286 1742 506 1785 philosophia)
542 1744 648 1774 eodem
678 1746 823 1782 tempore,

57 1798 101 1819 sc.
124 1798 189 1829 quo
209 1787 327 1825 hodie,
353 1787 386 1817 h.
403 1799 431 1818 e.
455 1787 693 1829 pomeridiano.
744 1787 821 1818 Cla-

57 1832 184 1863 rissima
197 1832 272 1864 huic
285 1832 359 1863 loeo
376 1831 430 1863 lux
443 1831 624 1863 affunditur
640 1843 679 1862 ex
696 1843 722 1862 c.
738 1831 769 1870 3,
788 1831 819 1864 9.

123 1880 167 1910 sic
188 1880 269 1909 euim
287 1877 439 1919 diximus]
466 1877 506 1908 H.
531 1888 558 1907 e.
581 1876 820 1907 constituimus.

57 1923 206 1955 Davisius
227 1921 261 1953 in
291 1928 401 1964 partes
424 1928 522 1953 vocat
545 1921 690 1953 Nonium
716 1933 746 1952 v.
772 1923 821 1952 di-

861 769 938 792 cere.
987 760 1119 798 „Nemo
1143 767 1289 803 quaeret,
1317 761 1446 804 opinor,
1472 763 1623 805 quando-

861 815 936 835 nam
959 804 993 835 id
1016 804 1130 836 Cicero
1152 805 1313 848 amicique
1337 805 1491 838 dixerint.
1538 808 1624 839 Satis

861 855 912 880 est
934 849 989 881 hic
1012 849 1187 891 significari
1211 850 1312 882 fuisse
1336 849 1481 888 dictum3
1518 863 1625 894 neque

861 893 948 925 enim
972 894 1082 926 omnia
1106 895 1290 938 perscripta
1314 902 1409 934 sunt,
1431 896 1528 938 ‘quae
1561 896 1624 927 illis

861 938 976 970 diebus
997 939 1030 970 in
1051 940 1239 972 Tusculano
1259 939 1324 972 dici
1345 946 1519 982 potuere.“
1560 943 1626 974 Oli-

859 988 917 1015 vet.
964 985 1028 1016 Pro
1048 986 1197 1025 diximus,
1222 985 1311 1027 quod
1332 985 1488 1017 exhibent
1502 987 1578 1017 Vat.
1592 986 1624 1017 b.

861 1028 929 1059 Pal.
952 1026 983 1060 4.
1019 1040 1099 1060 unus
1123 1031 1182 1061 Ox.
1210 1030 1315 1062 Marb.
1343 1031 1436 1061 Mon.
1461 1030 1489 1062 1.
1525 1030 1623 1062 Fabr.

860 1072 978 1104 Leidd.
1002 1073 1050 1105 El.
1068 1072 1100 1106 3.
1126 1075 1213 1106 Petr.
1240 1074 1331 1114 Bak.‚
1357 1074 1496 1105 Orellins
1520 1074 1625 1106 edidit

860 1119 1013 1157 dicimus,
1050 1118 1137 1160 quod
1170 1118 1291 1160 legitur
1313 1118 1347 1150 in
1373 1119 1515 1161 quinque
1540 1122 1621 1150 Oxx.

861 1168 894 1193 et
916 1162 1081 1193 nonnullis
1105 1162 1179 1195 edd.
1204 1169 1304 1201 vett.;
1335 1175 1490 1206 praesens
1515 1164 1623 1207 expli-

861 1212 913 1238 cat
930 1206 994 1238 ita:
1017 1207 1064 1238 sic
1083 1207 1168 1238 enim
1185 1210 1286 1247 facere
1300 1211 1443 1248 solemus,
1464 1208 1620 1240 Lallem.:

858 1251 941 1282 haec
962 1258 1011 1282 est
1031 1251 1118 1282 enim
1138 1258 1249 1283 nostra
1271 1253 1367 1291 ratio,
1393 1260 1429 1284 ut
1450 1260 1527 1285 ante
1549 1265 1623 1285 me-

858 1295 974 1326 ridiem
998 1295 1135 1327 dictioni
1161 1296 1274 1328 demus
1299 1308 1433 1339 operam
1456 1298 1498 1329 ad
1522 1298 1623 1341 clepS.

858 1340 967 1381 Vulgo
1005 1340 1117 1383 (etiam
1150 1341 1185 1371 in
1220 1341 1353 1383 optimis
1386 1342 1484 1374 codd.
1518 1343 1556 1376 R.
1586 1344 1620 1374 P.

861 1384 946 1416 Gud.
963 1383 1006 1425 1.)
1039 1384 1160 1426 legitur
1183 1387 1352 1418 duximus:
1385 1387 1474 1429 quod
1498 1387 1623 1429 recepit

857 1431 998 1460 Klotzius
1019 1436 1051 1460 et
1073 1429 1120 1460 sic
1139 1429 1393 1471 interpretatur:
1420 1431 1507 1462 deun
1523 1431 1623 1462 dahin

857 1473 931 1504 sind
963 1473 1022 1505 wir
1051 1473 1405 1516 iibereingekommen,
1442 1475 1529 1506 deun
1565 1476 1622 1507 das

857 1530 923 1549 war
948 1530 1045 1550 unser
1068 1520 1218 1550 Vorsatz.
1269 1523 1311 1551 At
1344 1520 1429 1551 hanc
1454 1520 1520 1551 vim
1554 1532 1622 1552 non

855 1563 958 1595 habet
981 1564 1117 1595 verbum
1142 1563 1294 1596 ducendi.

923 1619 984 1640 non
1005 1619 1094 1649 posse
1115 1609 1232 1652 deberi]
1260 1609 1301 1641 H.
1321 1621 1349 1640 e.
1372 1609 1534 1651 intelligo,
1560 1609 1621 1641 de-

854 1653 959 1684 bitum
975 1665 1082 1684 meum
1107 1655 1164 1696 (sc.
1188 1653 1396 1685 declamandi
1417 1655 1622 1696 exercitium)

857 1710 875 1729 a
893 1710 946 1729 me
964 1698 1026 1729 tibi
1044 1698 1151 1741 primo
1172 1709 1302 1740 quoque
1320 1705 1474 1741 ternpore
1488 1699 1624 1731 solven-

858 1743 935 1774 dum
957 1754 1037 1774 esse.
1086 1742 1208 1774 Eadem
1240 1743 1372 1774 dicendi
1403 1744 1546 1776 formula
1570 1744 1622 1775 le-

856 1787 944 1829 gitur
967 1787 1008 1818 de
1032 1789 1134 1829 Legg.
1158 1788 1197 1818 ΙΙ.
1219 1787 1260 1825 3,
1287 1788 1325 1820 7:
1364 1788 1416 1819 ubi
1440 1800 1471 1819 v.
1498 1790 1622 1830 Interp.

856 1844 909 1874 ap.
938 1832 988 1863 Cr.
1013 1844 1045 1874 p.
1064 1832 1135 1865 175.
1162 1838 1195 1862 et
1219 1833 1276 1863 ΙΙΙ.
1303 1832 1362 1872 11,
1386 1831 1439 1864 26.
1490 1834 1622 1864 Orellius

858 1883 1028 1918 comparat
1049 1876 1166 1917 Topic.
1193 1878 1222 1919 ᾗ.
1240 1874 1271 1908 4.
1321 1876 1372 1910 Cf.
1396 1878 1519 1910 Schiuz.
1540 1877 1620 1908 Lex.

858 1921 925 1952 Cic.
950 1932 979 1952 v.
1005 1922 1122 1952 debere.
