1863 3221
251 112 307 155 96

251 201 380 254 aliqua
409 200 444 242 vi
472 200 594 240 morbi
617 198 787 253 impediti
814 197 957 252 apertis
981 204 1095 250 atque
1118 196 1281 250 integris
1301 203 1340 236 et
1362 197 1483 236 oculis
1504 203 1541 237 et
1561 197 1717 238 auribus
1739 211 1810 239 nec

847 119 1013 150 LIBER
1041 119 1063 148 l.
1087 116 1147 157 20,
1174 117 1228 150 47.

251 275 450 325 videmus,
493 288 565 314 nec
590 272 789 321 audimus,
832 278 872 310 ut
898 270 1006 310 facile
1032 269 1195 322 intelligi
1220 269 1364 323 possit,
1411 270 1579 310 animum
1609 277 1649 309 et
1675 270 1810 310 videre

252 355 292 388 et
316 347 474 397 audire,
509 361 586 386 non
609 359 676 385 eas
700 351 854 398 partes,
890 357 987 397 quae
1008 344 1115 397 quasi
1141 344 1335 382 fenestrae
1356 342 1434 382 sint
1450 345 1471 369 4
1498 342 1638 392 animig
1673 343 1810 396 quibus

1551 414 1680 468 Quid?
1711 415 1810 469 quod

251 495 385 534 eadem
408 501 536 533 mente
556 506 618 532 res
642 491 914 531 dissimillimas
933 489 1311 544 comprehendimus,
1339 496 1380 528 ut
1402 489 1588 539 colorem,
1613 502 1810 543 saporem,

253 429 381 461 tamen
409 420 554 460 sentire
585 418 677 458 nihil
707 424 822 471 queat
851 418 983 467 n'iens,
1029 417 1101 457 nisi
1130 416 1166 455 id
1196 423 1287 469 agat
1310 423 1347 456 et
1372 416 1486 456 adsit.

252 568 446 617 calorem,
493 566 675 615 odorem,
717 565 882 611 sonum?
927 577 1022 617 quae
1055 577 1248 616 nunquan]
1286 562 1454 616 quinque
1483 562 1628 601 nuntiis
1662 561 1812 602 animus

252 645 534 694 cognosceret,
583 638 655 678 nisi
682 638 728 678 ad
757 652 844 677 eum
871 638 1000 676 omnia
1027 638 1293 686 referrentur,
1337 642 1375 675 et
1398 634 1431 676 is
1448 637 1465 660 5
1495 635 1665 675 omnium
1694 635 1813 675 iudex

568 711 698 765 Atque
723 725 769 751 ea
792 712 968 765 profecto
997 716 1073 749 tum
1097 710 1215 748 multo
1240 709 1394 763 puriora
1420 716 1457 748 et
1478 708 1704 748 dilucidiora
1728 721 1811 747 cer-

1608 787 1676 822 47.
1709 779 1813 820 Nam

250 874 352 900 nunc
375 859 550 912 quidem,
585 872 798 911 quanquam
810 856 1011 905 ,foramina
1033 855 1096 895 illa
1113 886 1123 906 ,
1158 870 1255 909 quae
1278 862 1407 909 patent
1428 857 1473 895 ad
1495 855 1663 894 animum
1687 869 1708 894 a
1727 868 1813 894 cor-

251 714 357 754 solus
384 721 504 753 esset.

251 794 416 836 nentur,
452 800 589 839 quum,
625 799 698 838 quo
718 791 855 824 natura
880 785 978 832 fert,
1014 783 1111 823 liber
1134 783 1283 822 animus
1306 781 1544 836 pervenerit.

250 946 368 987 pore,
409 931 658 971 callidissimo
685 930 847 970 artifieio
877 936 1011 969 natura
1043 929 1229 968 fabricata
1253 936 1336 977 est,
1373 936 1499 968 tamen
1529 928 1696 967 terrenis
1722 941 1814 967 con·

250 1007 447 1059 cretisque
471 1005 698 1058 corporibus
720 1010 810 1043 sunt
830 1003 1068 1056 intersaepta
1091 1002 1394 1054 quodanunod03
1429 1015 1542 1054 quum
1567 1008 1695 1041 autem
1720 1000 1814 1040 nihil

342 1156 364 1189 4
389 1157 443 1188 Sic
465 1157 501 1187 R.
526 1155 611 1188 Gud.
629 1155 657 1186 1.
686 1157 723 1188 ll.
745 1154 883 1198 aliique3
911 1156 965 1185 Or.
991 1166 1018 1187 e.
1042 1153 1128 1196 vulg.
1148 1158 1228 1186 sunt.
1275 1154 1339 1185 Hic
1362 1160 1395 1185 et
1415 1159 1590 1196 sequentes
1612 1151 1813 1184 coniunctivi

253 1203 295 1235 ob
321 1203 506 1234 orationem
531 1201 708 1243 obliquam.
759 1200 779 1231 5
804 1212 834 1233 v.
861 1199 946 1230 Adn.

251 1295 352 1325 Moser
386 1291 539 1334 apposite
578 1296 748 1332 comparat
783 1289 863 1320 Plin.
896 1290 939 1319 H.
970 1289 1012 1319 N.

251 1338 324 1374 Xt,
350 1336 403 1369 5-1».
442 1348 471 1378 p.
497 1336 562 1369 617
580 1347 647 1377 sq.:
699 1334 815 1365 Animo
856 1333 1014 1372 videmus,

252 1382 361 1413 animo
386 1381 564 1417 cernimus3
597 1379 702 1418 oculi,
730 1390 788 1411 ceu
811 1390 887 1409 vasa
912 1390 1014 1421 quae-

252 1426 347 1465 dam,
388 1425 549 1457 visibilem
584 1425 650 1455 eius
688 1430 815 1466 partem
850 1423 1016 1465 accipiunt

252 1478 351 1514 atque
382 1470 619 1501 transmittunt.
669 1469 723 1500 Sic
745 1480 862 1510 magna
887 1468 1016 1509 cogita-

251 1517 299 1548 tio
334 1516 510 1553 obcaecat,
548 1514 691 1545 abducto
725 1513 811 1544 intus
845 1513 932 1549 visu;
970 1513 1017 1543 sic

252 1561 286 1592 in
314 1561 429 1592 morbo
460 1559 615 1590 comitiali
639 1558 745 1600 aperti
768 1557 846 1588 nihil
869 1564 1016 1596 cernunt,

253 1606 364 1638 animo
391 1605 562 1647 caligante.

321 1664 382 1694 nisi
395 1663 427 1692 id
443 1660 532 1703 ayal]
560 1661 599 1691 H.
613 1671 640 1691 e.
663 1659 724 1690 nisi
744 1659 866 1690 animus
886 1658 927 1689 ad
951 1669 1017 1689 rem

253 1713 399 1739 attentus
429 1705 482 1735 sit.
533 1705 583 1736 Cf.
614 1705 701 1735 infra
728 1705 835 1741 c.3·1*5‚
860 1703 914 1734 91.
964 1703 1017 1733 Sic

253 1754 387 1785 Terent.
415 1749 515 1781 Andr.
541 1751 580 1781 H.
602 1751 631 1786 ὃ,
655 1747 693 1781 4·
721 1751 776 1781 hoc
795 1759 911 1788 agyam,
936 1747 967 1779 h.
989 1759 1016 1778 e.

254 1797 296 1828 ad
319 1797 382 1827 hoc
407 1794 586 1825 attendam.
637 1794 811 1835 Eleganter
836 1793 920 1824 hanc
946 1793 1015 1823 for-

253 1842 375 1873 mulam
393 1839 577 1871 enucleavit
598 1841 756 1871 Ruhnken.
777 1838 809 1868 in
833 1838 954 1868 Dictat.
975 1837 1017 1868 ad

253 1889 332 1919 Ter.
348 1885 448 1916 Andr.
470 1887 492 1915 I.
512 1886 543 1921 2,
570 1885 625 1916 15:
653 1885 759 1921 „haec
781 1882 931 1919 formula,
955 1894 1017 1925 qua

254 1932 309 1975 qui
333 1936 483 1973 spectant
508 1929 559 1960 vel
584 1929 718 1959 audiunt
746 1934 875 1959 attento
906 1927 1016 1958 animo

255 1988 325 2008 esse
349 1976 520 2012 iubentur,
548 1986 586 2005 ex
610 1981 757 2005 veterum
781 1972 879 2004 sacris
901 1984 1017 2003 mana-

254 2021 312 2052 vit.
364 2021 445 2051 Nam
477 2018 650 2055 sacerdos,
686 2025 861 2060 antequam
887 2017 1017 2048 victima

254 2065 498 2101 immolaretur,
525 2063 687 2094 clamabat
707 2065 762 2094 hoc
782 2072 858 2102 oye,
882 2073 1017 2093 monens

256 2110 433 2153 populum,
471 2115 505 2138 ut
540 2108 615 2138 huic
648 2108 692 2138 rei
726 2107 870 2138 intentus
896 2110 1017 2142 esset,“

258 2166 363 2197 comp.
390 2153 553 2184 Plutarch.
577 2153 674 2183 Num.
704 2164 736 2194 p.
752 2151 805 2183 69.
838 2157 871 2181 et
895 2150 1017 2181 Coriol.

256 2211 288 2242 p.
310 2200 386 2231 225.
419 2197 556 2239 interpr.
590 2196 630 2227 ad
661 2198 750 2227 Suet.
786 2194 886 2237 Calig.
919 2196 1016 2227 &502

256 2246 334 2276 Ter.
359 2244 476 2274 Heaut.
502 2243 557 2273 Ill.
578 2243 608 2278 2,
631 2239 662 2273 4.
679 2241 708 2273 7.
744 2240 900 2271 Similiter
921 2251 1017 2270 usur-

255 2296 352 2331 patur
370 2290 404 2319 id
425 2290 540 2328 agitur,
563 2296 594 2318 es
610 2288 734 2317 handen
754 2287 817 2317 sich
836 2286 961 2324 darum,
985 2291 1019 2314 ut

256 2334 342 2365 infra
369 2333 421 2364 IV.
447 2335 488 2369 2,
512 2331 552 2363 ὃς
592 2330 702 2373 paucis
736 2337 845 2361 tamen
879 2336 1016 2367 utemur,

257 2378 409 2421 quoniam
446 2388 512 2409 nou
549 2377 582 2407 id
619 2379 723 2416 a9z'tur
757 2375 822 2406 hoc
855 2381 1017 2416 tempore.

258 2426 359 2454 Porro
395 2424 416 2452 1.
441 2419 502 2458 49,
533 2420 613 2452 119:
659 2430 792 2460 cyamus
826 2421 900 2451 haec
934 2419 965 2449 li.
991 2430 1018 2449 e.

258 2468 403 2498 studiose
436 2472 632 2501 tractemus,
667 2465 699 2496 in
732 2465 813 2495 haec
843 2463 1019 2506 diligenter

257 2512 491 2542 incumbamus.
549 2510 599 2541 Cf.
635 2513 731 2542 Klotz.
769 2513 901 2548 Quaest.
933 2508 1019 2540 Tull.

258 2568 290 2598 p.
320 2554 366 2587 l-l.
418 2555 539 2585 Contra
571 2557 652 2586 alias
678 2565 726 2586 res
750 2564 840 2594 ayere
873 2560 922 2585 est
954 2564 1019 2584 non

259 2606 422 2632 attentum
450 2610 529 2628 esse.

327 2660 353 2687 el.
377 2658 402 2685 is
426 2656 562 2685 onmium
586 2655 692 2694 iudex]
720 2655 782 2685 Pro
805 2659 831 2686 el
854 2657 899 2694 is,
933 2654 1021 2697 quod

259 2701 298 2732 R.
324 2699 408 2732 Gud.
437 2699 461 2729 l.
482 2699 521 2729 ll.
548 2697 665 2739 aliique
689 2705 721 2728 et
746 2699 921 2730 nonnullae
943 2699 1019 2731 edd.

259 2752 339 2777 vett.
361 2749 505 2779 tuentur,
534 2744 576 2772 W.
600 2748 632 2772 et
659 2744 709 2772 Or.
735 2754 761 2772 c.
789 2743 860 2774 cod.
886 2748 964 2785 Aug.
988 2751 1020 2774 et

260 2790 423 2833 plerisque
456 2786 530 2817 edd.
557 2792 637 2816 vett.
663 2785 837 2817 ediderunt
870 2792 902 2818 ut
926 2790 1019 2827 idem,

260 2836 427 2877 eleganter
452 2831 602 2873 quidem,
634 2842 707 2860 nam
732 2842 829 2872 saepe
855 2834 934 2862 idem
959 2844 1018 2874 pro

260 2883 287 2912 is
305 2882 387 2911 idem
409 2876 459 2909 vel
479 2879 505 2908 is
524 2878 596 2907 item
617 2881 797 2916 usurpatur,
824 2887 851 2905 v.
876 2879 1019 2908 Goerenz.

261 2924 303 2955 ad
324 2924 394 2955 Fin.
418 2923 464 2960 11,
490 2921 520 2953 5.
547 2932 579 2962 p.
600 2918 671 2951 139.
700 2926 733 2950 et
757 2930 815 2949 nos
840 2919 869 2949 in
897 2920 954 2950 Gr.
978 2922 1016 2950 L.

262 2969 391 3010 §.1¹33.
419 2967 470 3001 3„
507 2964 565 2996 sed
598 2964 679 2995 haec
712 2975 776 2995 non
816 2970 862 2993 est
901 2964 1016 2994 idonea

1050 1300 1160 1320 caussa
1174 1314 1181 1326 ‚
1208 1300 1263 1320 cur
1284 1287 1484 1330 optimorum
1504 1287 1600 1320 codd.
1618 1287 1814 1329 scripturam

1050 1335 1246 1366 deseramus.
1305 1332 1462 1364 Nonnulli
1499 1332 1595 1363 codd.
1632 1332 1814 1363 deteriores

1051 1385 1083 1409 et
1108 1379 1159 1410 ed.
1186 1380 1218 1410 P.
1244 1378 1367 1408 habent
1391 1381 1418 1408 et
1440 1379 1533 1409 idem.

1118 1436 1195 1466 Car.
1220 1434 1315 1464 XXI.
1345 1435 1374 1475 ξ.
1392 1430 1445 1465 47.
1496 1435 1645 1471 Quamvis
1680 1431 1813 1475 copiose]

1052 1480 1092 1510 H.
1108 1491 1134 1509 e.
1162 1481 1208 1510 vel
1230 1480 1455 1518 copiosissime,
1492 1478 1641 1519 proprie:
1675 1481 1740 1508 Ῑαηι
1764 1487 1813 1508 co-

1048 1527 1155 1564 piose,
1195 1534 1290 1563 quam
1320 1526 1377 1554 vis.
1435 1522 1638 1553 Vocabulum
1672 1523 1815 1562 quamvis

1053 1569 1194 1611 positivo
1218 1568 1283 1598 vim
1306 1567 1495 1609 superlativi
1517 1566 1639 1598 addere
1663 1567 1726 1598 dici
1750 1577 1815 1608 po-

1054 1621 1136 1650 test,
1175 1614 1219 1644 ita
1253 1619 1378 1648 tamen,
1417 1619 1451 1643 ut
1484 1612 1565 1642 haec
1598 1612 1644 1642 vis
1676 1622 1740 1642 non
1773 1609 1815 1642 ad

1055 1670 1145 1696 eum,
1183 1657 1238 1701 qui
1270 1657 1432 1700 loquitur,
1467 1657 1525 1687 sed
1551 1656 1593 1687 ad
1617 1668 1707 1692 eum,
1743 1666 1814 1686 cum

1054 1715 1118 1746 quo
1142 1704 1294 1745 loquare,
1321 1702 1494 1733 referatur.
1534 1703 1571 1731 V.
1598 1703 1753 1733 Kritzium
1774 1699 1815 1731 ad

1054 1748 1130 1779 Sall.
1156 1748 1225 1778 Cat.
1249 1748 1387 1781 XXIII,
1413 1746 1444 1778 6.
1506 1746 1699 1788 Plerumque
1733 1745 1816 1776 male

1053 1805 1111 1835 per
1134 1794 1245 1832 valde,
1272 1793 1442 1822 admodum
1466 1791 1656 1832 explicatur.
1707 1792 1816 1821 Inter-

1053 1838 1129 1868 dum
1163 1837 1260 1868 etiam
1294 1835 1456 1872 flectitur,
1498 1842 1595 1878 prout
1632 1835 1696 1866 loci
1731 1834 1815 1866 ratio

1052 1883 1188 1924 flagitat.
1237 1882 1289 1913 Sic
1321 1881 1386 1912 Cic.
1412 1882 1503 1912 Verr.
1529 1882 1568 1911 V.
1595 1882 1633 1919 5,
1660 1879 1717 1912 ll:
1755 1891 1816 1910 ex-

1052 1933 1184 1970 pectate
1221 1926 1345 1957 facinus
1378 1935 1473 1965 quam
1505 1927 1597 1956 vullis
1629 1926 1814 1964 improbum.

1054 1973 1103 2003 Cf.
1130 1974 1312 2004 Ramshorn.
1338 1971 1412 2001 Lat.
1440 1971 1496 2001 Gr.
1532 1972 1559 2011 ᾗ.
1582 1967 1652 2002 194.
1685 1969 1765 2000 Not.
1781 1970 1814 2000 2.

1053 2019 1189 2049 Killmer.
1218 2018 1256 2047 L.
1285 2016 1341 2047 Gr.
1377 2018 1404 2057 ς’.
1432 2016 1503 2047 155.
1536 2015 1615 2045 Not.
1632 2015 1664 2047 5.
1725 2012 1816 2044 Adde

1052 2062 1140 2093 infra
1175 2063 1229 2093 111.
1261 2061 1321 2097 30.
1349 2059 1413 2093 73:
1454 2059 1627 2091 stultitiam
1664 2069 1816 2091 accusare

1053 2109 1197 2146 quamvis
1221 2109 1340 2145 copiose
1371 2104 1457 2136 licet.
1509 2106 1564 2136 IV.
1589 2104 1651 2141 26,
1677 2103 1739 2137 57:
1775 2102 1816 2134 de

1055 2151 1142 2181 cuius
1156 2150 1347 2180 excellentia
1362 2149 1462 2180 multa
1481 2149 1611 2191 quidem
1628 2148 1691 2180 dici
1706 2157 1816 2188 quam-

1053 2197 1100 2226 vis
1120 2197 1186 2234 fuse
1206 2197 1324 2234 lateque
1344 2199 1489 2235 possunt.
1515 2195 1554 2223 V.
1583 2192 1630 2229 16,
1651 2192 1712 2225 46:
1741 2192 1817 2235 qui-

1054 2239 1122 2277 vis,
1147 2242 1291 2279 quamvis
1313 2239 1469 2277 incliynus.
1519 2237 1568 2268 Cf.
1592 2239 1748 2268 Bremium
1775 2235 1817 2268 ad

1056 2284 1153 2315 Corn.
1178 2284 1260 2325 Nep.
1284 2284 1411 2314 Datum.
1437 2283 1493 2320 IV,
1516 2282 1548 2313 3.
1582 2281 1623 2312 ad
1650 2282 1714 2313 Cic.
1744 2281 1816 2311 Fin.

1057 2330 1094 2365 ll,
1118 2328 1166 2360 125.
1190 2340 1220 2370 p.
1243 2329 1312 2360 152.
1338 2334 1370 2358 et
1389 2329 1485 2358 Beier.
1505 2326 1546 2357 ad
1565 2326 1628 2357 Off.
1646 2327 1670 2357 Ι.
1686 2326 1742 2363 25,
1761 2324 1818 2357 56.

1054 2385 1086 2415 p.
1112 2373 1181 2405 1157.
1233 2373 1296 2403 Cur
1321 2379 1431 2403 autem
1452 2373 1571 2403 Bahius
1593 2370 1635 2406 ad
1657 2372 1761 2412 Legg.
1790 2371 1812 2400 1.

1058 2415 1115 2454 14,
1147 2416 1199 2449 40.
1238 2417 1395 2459 separatis
1434 2416 1598 2447 vocabulis
1643 2415 1815 2458 legendum

1055 2469 1186 2493 censeat
1204 2473 1298 2502 quam
1317 2465 1374 2501 vis,
1399 2472 1463 2492 non
1484 2467 1534 2492 est
1553 2461 1672 2492 idonea
1693 2471 1814 2491 caussa.

1055 2507 1150 2546 Quod
1177 2507 1323 2549 sequitur
1346 2517 1529 2549 pronomen
1552 2508 1626 2537 haec
1652 2505 1812 2548 quodam—

1055 2552 1153 2583 modo
1177 2551 1357 2589 rrdundat3
1390 2551 1532 2582 animum
1562 2550 1651 2592 quasi
1672 2548 1816 2581 intendit

1056 2597 1097 2628 ad
1122 2609 1179 2635 ea,
1206 2608 1288 2640 quae
1313 2602 1462 2627 secutura
1487 2602 1573 2625 sunt.

1125 2653 1152 2694 ᾧ.
1169 2651 1222 2685 -1ὀ,
1251 2650 1517 2692 philosophorum]
1544 2649 1694 2692 Epicurei
1715 2648 1815 2680 iutel—

1057 2697 1178 2740 ligendi
1204 2704 1297 2733 sunt,
1327 2706 1463 2738 quorum
1488 2694 1713 2736 disciplinam,
1741 2693 1815 2723 ubi-

1057 2754 1183 2785 cunque
1207 2741 1333 2784 potuit,
1359 2739 1502 2781 graviter
1525 2737 1736 2780 reprehendit
1758 2737 1815 2767 Ci—

1057 2799 1132 2819 cero
1158 2793 1254 2828 atque
1278 2784 1416 2816 notavit.
1466 2784 1503 2813 V.
1528 2794 1586 2814 nos
1611 2782 1643 2813 in
1667 2782 1750 2813 libro
1781 2781 1814 2812 d.

1054 2835 1091 2864 dc
1119 2834 1211 2863 Cicer.
1244 2833 1276 2861 'in
1307 2831 1416 2868 philos.
1440 2837 1514 2859 mer.
1549 2839 1579 2868 p.
1603 2827 1646 2859 ’ῖὸ
1662 2838 1709 2868 sq.
1767 2827 1815 2858 De

1055 2876 1195 2918 eleganti
1218 2875 1390 2906 verborum
1414 2872 1631 2904 collocatione
1653 2873 1815 2903 nonnullo-

1053 2931 1123 2952 rum
1145 2922 1339 2951 insolentiam
1360 2919 1610 2957 philosophorum
1644 2928 1673 2947 v.
1698 2926 1758 2947 nos
1782 2915 1815 2945 in

1056 2966 1111 2995 Gr.
1138 2966 1175 2996 L.
1202 2963 1322 3006 ὃ.167,
1347 2962 1378 2995 6.
1428 2962 1507 2992 Cum
1531 2960 1670 2993 maxima
1697 2959 1729 2991 vi
1751 2970 1813 2991 vo-
