1832 3137
635 113 803 146 LtBER
830 113 870 146 ιι.
896 113 938 154 5,
967 104 1017 147 14.

1522 101 1595 146 191

273 193 417 233 Probae
430 192 453 216 *
469 193 483 219 ¹
519 193 594 232 etse·
621 196 658 232 in
688 200 847 244 segetem
877 195 967 232 sz‘mt
994 194 1214 232 deteriorem
1244 193 1355 232 datae

271 268 443 318 Fruges,
478 274 598 306 tamen
628 270 730 318 szae
757 262 889 317 szcdpte
918 274 1057 305 natura
1086 268 1249 314 enitent,-

41 339 98 381 sic
125 338 242 381 antimi
269 353 346 379 non
371 352 506 380 omnes
538 339 628 379 culti
662 340 826 379 fructum
858 338 1001 378 serunt.

1064 339 1218 393 Atque,
1252 345 1293 380 ut
1317 339 1356 380 in
1383 339 1519 380 eodem
1550 340 1603 380 si-

40 413 119 454 mili
144 426 306 464 verser,
340 419 382 453 ut
408 426 523 466 ager,
558 413 734 466 quamvis
767 411 929 462 fertilis,
963 411 1049 452 sine
1081 413 1232 453 cultura
1264 413 1487 454 fructuosus
1513 427 1602 454 esse

39 500 118 527 non
144 493 295 541 potest3
329 486 385 526 sic
409 486 495 526 sine
520 485 695 526 doctriua
725 484 901 535 animus3
934 484 987 524 ita
1013 491 1074 525 est
1093 493 1256 540 utraque
1281 500 1346 527 res
1372 487 1458 527 sine
1478 487 1603 527 altera

39 559 193 600 debilis.

266 557 432 600 Cultura
471 566 598 599 autem
631 557 748 598 animi
780 557 1020 612 philosophia
1050 565 1132 598 est:

1182 558 1276 599 haec
1307 560 1479 600 extrahit
1507 561 1602 601 vitia

37 632 224 673 radicitus
250 639 290 673 et.
316 640 523 688 praeparat.
548 632 697 672 animos
723 631 768 671 ad
802 637 909 671 satus
937 630 1185 685 accipiendos
1214 644 1337 685 eaque
1369 634 1526 674 mandat
1553 634 1602 674 iis

40 712 102 757 et,
136 712 178 746 ut
201 705 255 746 ita
279 706 419 756 dicam,
452 705 564 755 serit,
599 717 697 758 quae
722 703 853 744 adulta
876 704 1023 744 fructus
1048 703 1264 743 uberrimos
1290 704 1432 744 ferant.

37 793 124 819 mus
163 777 304 833 igitur,
354 785 395 818 ut
431 778 646 833 coepimus.

40 857 108 893 14.
138 851 192 892 A.
215 850 402 892 Dolorem
429 851 615 892 existimo
637 851 848 891 maximum
872 850 1061 890 malorum
1086 849 1273 890 omnium.

36 925 184 977 maius,
219 939 332 980 quam
357 925 552 966 dedecus?

127 1050 167 1081 V.
218 1048 233 1081 1
260 1061 292 1081 v.
317 1048 400 1081 Adn.

35 1134 132 1159 nent·
166 1129 300 1167 inipso
334 1137 411 1159 sua
443 1129 643 1159 scientia.
693 1128 802 1166 Quare

35 1171 252 1215 supelUsedete
267 1183 439 1223 possumus
457 1171 644 1203 coniectura
659 1173 802 1204 Ernestii

32 1219 232 1258 profiteatur,
265 1216 431 1249 immerito
460 1216 600 1260 probata
622 1229 641 1249 a
667 1220 800 1250 uesenb.

36 1263 106 1294 Em.
128 1263 168 1294 ll.
193 1274 226 1305 p.
243 1259 298 1294 40.

106 1317 184 1348 (λιι).
208 1318 248 1348 V.
296 1321 339 1349 est
369 1319 485 1357 i9itur,
519 1319 546 1348 si
569 1318 626 1358 est]
664 1316 800 1360 Saepius

36 1361 124 1393 idem
145 1361 291 1399 verbum,
316 1373 381 1393 uno
407 1361 460 1393 vel
483 1361 594 1405 paucis
618 1361 799 1394 interiectis

35 1406 215 1445 vocabulis,
240 1406 389 1438 recurrit.
435 1407 477 1438 V.
499 1406 623 1439 Adnot.
643 1406 677 1438 in
700 1408 726 1438 Ι.
747 1408 801 1447 22,

37 1452 100 1484 52:
126 1455 201 1484 esset
222 1470 266 1475 —
286 1455 371 1483 esset.

99 1509 249 1547 perfectos
266 1509 477 1549 philosophos]
499 1507 542 1539 de
557 1506 667 1540 Divin.
688 1509 728 1539 ΙΙ.
747 1507 802 1547 72,

38 1552 119 1585 150:
145 1551 242 1590 „Nisi
264 1552 467 1583 somniorum
488 1552 707 1595 patrocinium
725 1552 801 1595 phi-

37 1597 169 1640 losophi
187 1597 418 1639 suscepissent,
444 1609 506 1629 nec
522 1598 544 1628 ii
563 1597 695 1640 quidem
719 1609 803 1630 con—

34 1641 256 1684 temptissimi,
281 1641 390 1676 sedin
407 1642 519 1684 primis
537 1643 636 1680 acuti,
661 1649 695 1674 et
718 1654 803 1674 con—

35 1686 207 1730 sequentia
233 1693 266 1717 et
295 1687 512 1729 repugnantia
537 1687 708 1725 videntes,
748 1687 803 1730 qui

36 1743 142 1774 prope
163 1732 227 1763 iam
250 1734 383 1763 absoluti
406 1738 439 1763 et
461 1735 587 1773 perfecti
609 1736 802 1775 putantur.‘

35 1779 167 1817 Perfecli
196 1777 295 1818 igitur
325 1776 516 1820 philosophi
538 1777 777 1828 appellantur
770 1777 802 1816 ii,

37 1821 92 1864 qui
112 1822 144 1852 in
168 1828 240 1852 arte
260 1833 316 1853 sua
340 1821 525 1864 principes,
551 1822 695 1865 primarii
717 1828 802 1855 sunt.

37 1867 76 1899 V.
93 1869 260 1898 Bentleium
283 1866 325 1898 ad
345 1867 377 1898 h.
392 1867 425 1905 1.,
453 1867 506 1909 qui
530 1867 698 1909 praeclare
719 1878 801 1898 con-

36 1911 193 1943 iecturam
213 1913 366 1951 professos
390 1923 451 1954 pro
473 1914 641 1952 perfectos,
674 1923 803 1954 pauco-

37 1968 108 1987 rum
128 1956 225 1988 codd.
248 1956 446 1988 auctoritate
466 1956 657 1995 stabilitam,
682 1956 804 1987 confu—

37 2001 131 2032 tavit.

105 2058 134 2098 ξ.
157 2056 207 2089 13.
252 2059 380 2088 Nullum
401 2057 486 2100 vero]
526 2058 573 2088 De
604 2067 676 2089 vero
708 2056 804 2089 affir-

37 2101 163 2133 mativo
188 2113 217 2134 V.
246 2101 410 2133 Adnotatu
437 2102 468 2133 in
497 2103 519 2132 Ι.
553 2103 585 2134 11
602 2126 611 2140 ‚
636 2100 690 2134 ¹24.

81 2159 254 2197 falsumque
266 2159 343 2188 illud
353 2160 454 2189 Accii:
477 2158 611 2201 Probae]
631 2159 664 2188 [n
676 2157 803 2189 MSStis

37 2202 120 2234 haec
143 2202 282 2234 habetur
305 2202 484 2245 scriptura:
522 2204 697 2243 falsumque
725 2204 804 2234 illud

37 2257 74 2279 ac
93 2250 240 2287 improbe,
266 2247 334 2278 Etsi
348 2247 381 2278 in
395 2253 552 2289 segetem.
590 2248 716 2279 Locum
738 2247 804 2278 mi—

38 2303 110 2323 sere
145 2292 355 2334 deturpatum
394 2292 531 2335 palmari
569 2292 802 2324 emendatione

38 2337 224 2378 persanavit
249 2339 403 2376 Muretus,
430 2348 503 2368 eum
527 2348 544 2368 e
570 2339 639 2369 MS.
662 2349 743 2375 suo,
768 2337 800 2368 in

38 2391 103 2423 quo
125 2380 306 2412 habebatur
327 2382 502 2421 falsamque
520 2384 601 2413 illud
622 2384 665 2413 ad
685 2385 802 2422 impro-

38 2428 116 2465 bae,
141 2425 325 2467 corrigens:
360 2426 533 2465 falsumque
555 2428 634 2457 illud
659 2429 732 2458 Attii
758 2428 802 2469 (v.

37 2472 143 2510 Accii,
179 2482 209 2501 v.
232 2470 339 2510 Acci),
370 2472 509 2509 Probae,
546 2476 580 2500 ut
606 2481 691 2502 nunc
715 2471 801 2513 legi—

38 2521 100 2548 tur.
148 2516 198 2546 De
220 2515 381 2557 scriptura
406 2517 516 2546 Accius
535 2526 566 2546 v.
582 2515 622 2545 V.
644 2516 683 2545 L.
709 2515 752 2546 ad
778 2517 800 2547 l.

38 2556 100 2597 44,
128 2559 201 2592 105.
248 2561 315 2591 Vos
340 2566 470 2598 autem,
506 2559 665 2590 acutiores
687 2560 803 2591 adole-

41 2611 189 2643 scentes,
216 2604 360 2636 monitos
383 2603 478 2642 volo,
507 2611 541 2635 ut
561 2604 646 2635 hane
667 2604 804 2646 elegan-

39 2648 194 2681 tissimam
218 2656 250 2681 et
273 2649 494 2681 acutissimam
520 2649 742 2680 conic·ctu1am
765 2660 805 2680 ne

41 2692 128 2724 sicco
149 2694 233 2737 pede
252 2694 439 2733 transeatis,
462 2694 521 2725 sed
545 2701 672 2725 attento
695 2694 804 2725 animo

42 2736 160 2769 iterum
176 2738 359 2782 iterumque
375 2738 598 2782 perpendatis.
644 2740 735 2770 Haec
755 2744 804 2769 est

43 2781 128 2813 enim
151 2783 220 2822 via,
246 2796 307 2827 qua
329 2791 362 2815 et
385 2784 541 2816 facillime
564 2791 596 2815 et
622 2783 803 2815 certissime

43 2824 204 2859 ducimini
236 2829 278 2860 ad
312 2829 576 2871 cognoscendam
606 2835 710 2860 cutem
736 2828 802 2859 cri-

40 2870 150 2902 ticam.

108 2916 239 2960 Probae]
263 2919 345 2949 Sunt
357 2918 497 2950 trimetri
512 2930 569 2950 seu
583 2918 700 2950 senarii
716 2917 801 2949 iam-

39 2960 114 2993 bici.
163 2963 280 3002 Suapte
303 2970 352 2994 est
378 2963 585 3007 bisyllabum.

1494 706 1603 759 Aga-

724 775 821 827 Dic,
869 776 902 817 si
941 776 1026 827 vis,
1074 776 1119 816 de
1159 791 1234 830 quo
1266 776 1454 831 disputari
1483 777 1598 819 velis.

1330 850 1395 891 M.
1420 849 1601 892 Etiamne

610 923 662 965 Α.
694 923 789 966 Νοιι
812 924 936 964 audeo
959 923 996 964 id
1022 923 1152 964 dicere
1177 923 1353 978 quidem,
1387 931 1428 965 et
1451 938 1511 965 me
1536 939 1603 980 pu-

904 1129 937 1159 in
966 1127 1108 1170 seyelem]
1147 1126 1271 1159 Tibull.
1297 1128 1321 1159 Ι.
1346 1127 1386 1165 3,
1412 1125 1476 1159 61:
1527 1127 1603 1159 Fert

838 1171 958 1203 casiam
982 1182 1047 1202 non
1076 1171 1162 1203 culta
1194 1182 1289 1213 seges.
1335 1171 1451 1214 Virgil.
1478 1172 1601 1215 Georg-

835 1218 868 1256 I
859 1214 955 1292 lll71
960 1271 1044 1301 se9es
1063 1260 1194 1292 demum
1208 1273 1228 1292 v
1232 1260 1294 1293 otis
1313 1261 1493 1304 respondet
1512 1261 1603 1293 avari

881 1305 1066 1347 Agricolae,
1091 1305 1141 1337 bis
1164 1317 1246 1348 quae
1268 1306 1384 1346 solem,
1411 1306 1459 1337 bis
1478 1306 1603 1349 frigora

1378 1358 1492 1383 sensu.

838 1394 1011 1426 Praeterea
1032 1396 1180 1426 Davisius
1200 1394 1313 1426 laudat
1333 1396 1484 1426 Festum:
1511 1398 1604 1436 Seyes

838 1438 959 1471 dicitur
978 1459 1020 1463 —
1041 1439 1217 1482 aliquando
1242 1439 1340 1471 etiam
1363 1442 1460 1471 solum
1484 1440 1602 1482 ipsum,

838 1483 927 1527 quod
964 1496 1026 1515 nec
1060 1491 1187 1516 aratum
1223 1491 1294 1524 est,
1336 1497 1398 1516 nec
1431 1485 1603 1517 consitum.

838 1528 941 1560 Addit
963 1531 1102 1562 Klotzius
1135 1529 1167 1560 in
1193 1529 1278 1561 Add.
1311 1541 1344 1572 p.
1361 1529 1415 1562 6⁸.
1463 1532 1602 1562 Vari-on.

838 1574 876 1605 R.
902 1575 938 1605 R.
965 1576 987 1613 l,
1005 1574 1068 1606 69:
1096 1576 1160 1606 Far
1179 1574 1221 1606 ad
1243 1575 1404 1606 sationem
1427 1582 1497 1606 tum
1520 1586 1604 1617 pro-

837 1619 1012 1657 mendum,
1050 1630 1149 1662 quum
1179 1624 1300 1660 segetes.
1340 1619 1373 1662 (i.
1394 1631 1422 1651 e.
1457 1621 1527 1663 agri
1561 1619 1605 1651 ad

838 1664 1001 1695 sationem
1026 1664 1222 1707 praeparati,
1250 1665 1294 1696 uti
1319 1665 1376 1695 Kl.
1402 1665 1605 1708 interpreta—

838 1709 903 1746 turi
931 1716 1078 1740 maturae
1097 1716 1172 1740 sunt
1189 1709 1231 1740 ad
1249 1709 1487 1752 accipiendum.
1525 1714 1602 1742 Ace.

839 1753 997 1785 Androm.
1022 1766 1074 1796 ap.
1103 1755 1186 1786 Non.
1212 1766 1244 1796 p.
1262 1754 1347 1792 35³5,
1373 1754 1425 1787 26.
1461 1755 1512 1786 ed.
1537 1756 1603 1786 M.:

839 1798 962 1837 ‚Quod
984 1799 1178 1830 beneficium
1210 1798 1297 1830 haud
1324 1799 1430 1829 sterili
1453 1800 1486 1830 in
1508 1803 1605 1839 seyete

838 1855 895 1874 rex
916 1850 950 1874 te
976 1844 1108 1875 obsesse
1130 1843 1321 1886 intelligis.“
1359 1844 1462 1875 Recte
1487 1845 1604 1875 obser-

838 1894 894 1919 vat
917 1889 1057 1919 Klotzius
1078 1888 1110 1918 in
1137 1888 1287 1919 omnibus
1318 1888 1368 1919 his
1391 1888 1472 1919 locis
1498 1888 1604 1931 poetis

840 1943 907 1963 non
931 1931 999 1974 agri
1021 1932 1073 1963 vel
1096 1932 1168 1971 soli,
1195 1932 1253 1964 sed
1276 1932 1376 1974 ipsius
1396 1933 1516 1975 segetis
1538 1944 1604 1965 no-

839 1976 965 2009 tionem
992 1976 1200 2008 obversatam
1224 1977 1336 2009 fuisse.

906 2024 939 2053 in
974 2023 1079 2053 eodem
1113 2022 1222 2062 simili]
1259 2022 1301 2054 H.
1327 2034 1355 2054 e.
1391 2022 1605 2056 similitudine

841 2066 1123 2109 (Vei-gleichung).
1174 2067 1223 2098 Cf.
1249 2069 1382 2099 Ernestii
1407 2068 1489 2099 clav.
1513 2069 1545 2100 h.
1571 2081 1604 2100 v.

838 2114 939 2144 Moser
958 2118 1128 2154 comparat
1150 2112 1192 2143 de
1213 2114 1267 2143 Or.
1282 2113 1323 2143 11.
1341 2113 1394 2151 70¹,
1408 2114 1493 2146 316:
1519 2114 1605 2146 unde

838 2157 903 2188 hoc
922 2159 1020 2189 simile
1043 2157 1154 2191 ducat.
1200 2157 1271 2188 Fin.
1299 2159 1353 2189 111.
1378 2158 1430 2196 16,
1452 2159 1513 2191 sil:
1541 2160 1606 2192 hoc

837 2204 937 2234 simile
956 2202 1100 2245 ponitur.
1135 2202 1188 2234 Sic
1208 2204 1337 2245 saepius
1360 2211 1511 2235 neutrum
1533 2205 1622 2236 sin-·

837 2247 959 2289 gularis
990 2247 1118 2279 numeri
1149 2247 1387 2279 adiectivorum
1421 2250 1605 2281 substanti—

837 2304 955 2324 vorum
979 2293 1065 2324 vices
1089 2293 1238 2323 sustinet,
1288 2293 1342 2324 sic
1365 2305 1461 2335 supra
1485 2294 1516 2324 in
1541 2294 1606 2326 hoc

836 2337 921 2368 libro
948 2349 974 2369 c.
992 2340 1024 2375 ζ),
1040 2339 1079 2369 5:
1106 2342 1262 2369 oratorum
1283 2339 1353 2369 laus
1376 2339 1468 2369 ducta
1486 2341 1524 2369 ab
1548 2341 1605 2370 hu-

835 2385 904 2413 mizi
925 2385 1007 2414 venit
1028 2384 1071 2413 ad
1093 2392 1258 2413 summum.
1302 2382 1391 2413 lnfra
1413 2384 1452 2414 V.
1480 2384 1528 2424 15,
1549 2385 1603 2416 45.

836 2429 980 2459 beatum:
1006 2426 1059 2457 ubi
1082 2439 1110 2458 v.
1127 2426 1303 2457 Adnotata.
1344 2428 1384 2457 V.
1410 2438 1467 2459 nos
1490 2429 1521 2460 iu
1547 2429 1604 2460 Gr.

836 2470 1022 2515 L.§.1o9
1049 2470 1231 2512 c)plT-'l.
1257 2470 1309 2502 ed.
1328 2472 1359 2503 2.

906 2524 1002 2555 eaque
1024 2514 1169 2557 mandat]
1195 2525 1290 2555 eaque
1314 2523 1364 2547 est
1388 2517 1603 2560 accusativus,

840 2560 881 2591 ul
905 2572 973 2602 seq.
996 2570 1075 2598 qaue
1099 2560 1305 2592 miesendus.

919 2606 947 2647 ᾗ.
978 2605 1026 2637 Η.
1075 2606 1108 2636 id
1144 2606 1244 2637 dicere
1277 2606 1426 2649 quidem]
1469 2609 1603 2639 Uesenb.

839 2651 909 2679 Em.
933 2649 956 2681 l.
978 2659 1010 2690 p.
1027 2650 1079 2680 22.
1103 2649 1276 2691 legendum
1297 2658 1406 2682 censet
1428 2654 1460 2683 id
1480 2655 1605 2692 quidem

840 2695 958 2733 dicere,
991 2693 1064 2736 quia
1091 2705 1155 2725 non
1179 2697 1319 2727 existimo
1343 2704 1375 2727 et
1401 2699 1520 2736 (licere,
1545 2697 1604 2728 sed

838 2740 974 2770 dolorem
1006 2741 1179 2771 maximum
1203 2743 1314 2772 molor.
1338 2745 1473 2773 omnium
1510 2749 1541 2772 et
1571 2743 1605 2772 id

841 2785 898 2825 (=
920 2782 1021 2814 maius
1044 2794 1097 2826 qu
1089 2795 1140 2815 im
1165 2784 1321 2825 dedecus)
1359 2786 1445 2817 intei
1471 2798 1505 2816 se
1540 2797 1604 2827 op-

838 2834 1012 2870 ponantur,
1039 2840 1168 2872 compp.
1190 2832 1238 2872 Μ.
1261 2831 1308 2861 ll.
1330 2831 1374 2862 15.)
1396 2830 1604 2867 17.1.5.17.

840 2874 978 2911 Fateor,
1011 2873 1037 2904 si
1063 2874 1176 2905 Cicero
1199 2874 1242 2905 ita
1265 2887 1288 2903 5
1284 2875 1366 2917 ιιῐιι5·
1356 2875 1420 2905 5ἰ55
1426 2882 1468 2911 t,
1500 2874 1599 2906 limt-

836 2918 900 2949 tius
923 2929 995 2949 eum
1021 2919 1219 2969 scripturum
1243 2919 1362 2955 fuisse3
1398 2925 1431 2949 ut
1457 2919 1603 2951 omnium

836 2962 991 2994 librorum
1016 2963 1214 3006 sciipturam
1240 2963 1388 2995 mutandi
1417 2963 1500 2995 haec
1523 2963 1604 2997 mihi
