1832 3137
662 107 828 139 Lissa
857 105 1004 145 1.4,7.
1561 101 1616 142 53

53 200 95 228 ΙὌ
111 204 120 227 :

47 261 203 301 scholas
236 260 480 301 Graecorum
518 273 626 300 more
660 258 804 299 habere
837 261 1084 301 auderemus.

155 187 192 227 iu
214 201 326 241 quam
349 186 675 226 exercitationem
699 186 753 226 ita
774 200 844 226 nos
868 186 1041 227 studiose
1063 187 1238 227 dedimus
1253 191 1299 240 2,
1335 195 1376 229 ut
1396 189 1470 229 iam
1492 189 1607 230 etiam

1149 261 1201 303 Ut
1233 275 1357 316 nuper
1385 268 1488 302 tuum
1524 272 1609 317 post

49 333 263 374 discessum
287 334 326 374 iu
348 332 598 383 Tusculano,
633 346 745 386 quum
770 339 903 372 essent
923 334 1141 388 complures
1163 338 1180 362 ³
1206 348 1355 375 mecum
1380 335 1606 386 familiares,

49 407 224 459 tentavi,
265 407 352 460 quid
379 407 418 446 iu
445 421 492 447 co
523 418 668 460 genere
694 418 848 459 possem
869 408 908 445 ⁴.

974 405 1020 447 Ut
1048 407 1150 447 enim
1172 415 1285 448 autea
1312 408 1604 449 declamitabam

47 494 232 531 caussas,
266 481 367 534 quod
392 494 506 520 nemo
533 492 594 521 nic
620 477 762 518 diutius
792 478 907 529 fecit3
941 479 997 519 sic
1022 479 1117 520 baec
1144 481 1236 521 mihi
1261 495 1363 522 nunc
1385 482 1520 523 senilis
1549 491 1610 523 est

50 553 297 593 declamatio.

139 681 160 713 2
184 689 216 714 et
239 682 261 715 3
287 681 412 714 v.Adn.
457 680 479 713 4
504 681 540 712 R.
565 682 623 712 Ox.
638 678 671 712 3.
692 682 829 721 possim,-

49 729 243 760 auderemus.

50 805 127 836 daie
151 816 187 836 se
209 804 241 836 in
266 815 459 842 sennonem,
485 803 516 834 in
542 803 663 846 sugam,
690 804 731 835 ad
756 803 806 835 le-

48 849 196 881 ιιίιΗιιοηι
241 849 296 880 Sic
321 848 460 888 Giaeci,
487 855 522 879 ut
547 849 806 892 Demosth.p10

48 895 167 925 Coton
195 893 324 937 §.17<):
364 893 422 927 καὶ
455 890 583 927 ἔδωκ’
609 893 753 937 ἐμαατ
763 893 807 928 ὁ)

47 935 108 981 ιῗιμ
110 951 124 971 a
143 930 258 976 ἁπλῶς
281 938 386 976 εἰςτ
398 936 473 976 οὓς
497 937 807 981 περ.εστηκο’-

45 995 122 1021 τας
142 984 186 1027 τῇ
206 981 301 1017 πόλει
321 996 350 1016 κ
345 981 508 1021 νδύνουςε
536 984 588 1015 ubi
610 996 638 1015 v.
653 986 808 1024 Ludolph.

43 1030 219 1060 Dissenium
241 1040 272 1071 p.
289 1027 366 1061 3413.
415 1029 567 1060 Ceterum
591 1041 687 1072 quam
711 1029 808 1060 dedi—

0 1077 1 1094 *
45 1085 116 1104 mus
137 1073 352 1115 scripturam,
386 1073 539 1115 profecta
561 1081 610 1105 est
633 1085 671 1104 ex
695 1085 811 1105 emen—

46 1118 182 1149 datione
196 1120 349 1149 Lambini.
388 1120 422 1148 In
441 1118 589 1149 omnibus
609 1118 695 1150 notis
711 1118 808 1149 codd.

45 1162 166 1204 legitur
194 1173 249 1194 nos
280 1164 415 1193 studiose
447 1172 617 1201 operam
648 1164 812 1202 dedimus,-

46 1207 224 1239 Lambinus
245 1206 368 1238 delevit
383 1207 516 1238 verbum
537 1217 685 1247 operam:
710 1206 809 1250 quod,

48 1258 83 1283 ut
108 1252 173 1291 ait,
209 1251 249 1283 ab
274 1251 383 1293 aliquo
417 1251 555 1284 indocto
581 1252 681 1283 fuisse
716 1252 808 1283 adie-

48 1304 147 1335 ctum,
170 1296 303 1328 vincunt
326 1307 438 1327 omnes
460 1296 531 1328 fere
553 1307 633 1338 quos
647 1296 713 1328 vidi
734 1296 810 1328 libri

48 1349 150 1379 vett.‚
186 1341 218 1373 in
251 1340 366 1383 quibus
391 1340 458 1371 eius
493 1341 582 1372 nulla
616 1347 810 1384 comparent

46 1385 193 1428 vestigia.
247 1386 344 1417 Hanc
378 1385 644 1417 emendationem
677 1391 810 1428 praeter

45 1433 222 1470 Klotzium,
247 1430 320 1474 qui,
347 1437 383 1461 ut
404 1430 553 1462 codicum
576 1430 809 1462 auctoritatem

46 1475 248 1519 negligeret,
284 1487 302 1507 a
326 1486 362 1506 se
385 1474 562 1518 impetrare
586 1487 654 1507 non
685 1475 808 1518 potuit,

50 1521 152 1553 ceteri
181 1532 292 1552 omnes
321 1521 521 1552 recentiores
545 1520 690 1552 editores
713 1531 809 1552 rece-

47 1572 178 1609 perunt.
228 1570 273 1597 Ac
290 1565 359 1596 iure
379 1565 529 1608 quidem3
554 1577 630 1597 nam
650 1577 809 1608 nusquam

46 1610 123 1642 alibi
145 1610 270 1642 Tullius
303 1609 387 1641 dixit
417 1621 545 1650 operam
573 1613 648 1643 dare
680 1614 713 1643 in
742 1613 808 1642 ali-

46 1656 142 1696 quid3
169 1657 199 1697 (e
223 1654 378 1694 Quinctil.
397 1656 482 1695 XII,
507 1656 538 1687 2.
586 1658 734 1687 Davisius
754 1662 808 1687 at—

48 1699 141 1731 tulit:
180 1699 233 1743 qui
257 1700 327 1742 plus
346 1699 377 1731 in
401 1699 466 1731 hoc
487 1700 585 1732 studii
611 1700 806 1742 dederunt5)

49 1751 116 1776 tum
138 1756 226 1782 vero,
251 1751 381 1777 retento
401 1745 465 1777 hoc
486 1746 599 1786 verbo,
623 1757 808 1788 pronomen

47 1799 102 1822 nos
123 1789 219 1832 plane
239 1789 405 1821 abundare
424 1790 575 1829 videtur3
602 1798 691 1822 certe
707 1791 808 1822 verba

47 1834 96 1866 sic
118 1833 299 1866 ordinanda
321 1841 431 1866 erant:
456 1838 488 1868 in
506 1846 600 1876 quam
624 1846 672 1868 ex.
693 1846 748 1868 nos
764 1839 808 1868 ila

45 1880 178 1911 studiose
201 1889 327 1919 operam
351 1882 502 1913 dedimus.

113 1928 147 1955 ut
165 1926 334 1956 —habere
353 1927 553 1967 auderemus]
577 1925 807 1957 Observandus

45 1974 96 2000 est
119 1980 193 2000 usus
216 1969 413 2011 imperfecti.
464 1970 740 2012 Exspectabatur:
777 1974 808 2001 ut

46 2032 88 2037 —
112 2016 307 2053 audeamus;
342 2014 401 2044 sed
427 2014 458 2045 in
483 2021 632 2047 veterum
662 2015 807 2056 scripto-

46 2069 138 2098 rum,
163 2056 321 2100 imprimis
343 2058 527 2098 Ciceronis,
552 2071 644 2091 more
664 2060 809 2111 positum

47 2109 117 2142 est,
160 2109 196 2133 ut
228 2109 305 2145 post
340 2104 526 2145 perfectum
562 2104 661 2136 etiam
693 2105 726 2136 in
763 2105 809 2136 eis

46 2147 234 2187 enuntiatis,
259 2159 394 2191 quorum
412 2149 576 2182 sententia
592 2150 643 2182 vel
659 2149 701 2182 ad
721 2157 807 2182 tem-

46 2204 107 2236 pus
129 2203 283 2236 praesens
306 2193 450 2235 pertinet
473 2194 525 2226 vel
547 2195 636 2227 omni
657 2202 809 2238 tempore

47 2237 113 2269 vim
133 2249 222 2269 suam
245 2238 364 2277 habet,
389 2238 621 2281 imperfectum
640 2247 808 2292 sequatur.

48 2281 100 2313 Cf.
121 2281 175 2320 42,
194 2283 266 2314 100.
288 2293 420 2323 possem.
453 2282 508 2323 47,
531 2285 610 2317 112:
636 2286 725 2317 omni
747 2297 808 2317 au-

47 2333 115 2358 tem
144 2327 294 2359 oratione
326 2327 409 2359 illud
443 2336 533 2360 certe
562 2332 730 2370 perfectum
754 2335 808 2368 est,

49 2376 85 2402 ut
106 2378 247 2402 mortem
279 2383 345 2403 non
375 2374 517 2405 ducerem
545 2374 578 2405 in
604 2375 714 2407 malis:
753 2375 808 2407 ubi

50 2414 93 2448 cf.
117 2414 239 2446 Adnot.
264 2417 320 2446 111.
340 2416 395 2453 33,
407 2418 469 2448 til:
494 2422 660 2451 tractatum
682 2425 724 2452 est
747 2432 808 2452 au—

50 2465 117 2491 tem
143 2471 161 2490 a
195 2459 288 2491 nobis
319 2459 354 2490 id
385 2471 487 2502 genus
518 2463 730 2504 aegritudinis
754 2484 809 2503 —‚

50 2510 86 2536 ut
101 2522 147 2527 —
164 2504 308 2536 remedia
323 2515 363 2535 ne
375 2516 494 2547 magno
511 2517 611 2549 opere
625 2510 810 2550 quaerenda

49 2551 294 2581 arbitraremur:
319 2549 374 2581 ubi
397 2551 478 2582 Dav.
505 2562 531 2582 c.
558 2553 722 2585 nonnullis
747 2554 810 2585 de-

48 2593 222 2626 terioribus
247 2594 344 2626 codd.
365 2597 550 2627 arbitremur
572 2596 660 2638 legit.
697 2600 810 2630 Somu.

49 2638 136 2681 Scip.
163 2650 190 2670 c.
206 2639 245 2672 ὂς
272 2639 429 2671 Homines
452 2645 522 2672 sunt
543 2621 623 2673 Ιιῖιφὃ
628 2641 700 2683 lege
723 2653 811 2683 yene-

49 2685 122 2723 raii,
144 2683 198 2726 qui
219 2688 374 2717 tuerentur
392 2685 483 2716 illum
504 2685 654 2727 globum.
660 2667 812 2729 Dimperf

51 2731 205 2760 tuerentur
233 2729 357 2761 indicat
391 2730 579 2770 consilium,
617 2731 707 2774 quod
731 2732 810 2763 deus

51 2777 121 2803 tum
142 2772 277 2813 habuit,
315 2786 412 2818 quum
446 2756 595 2807 homine’s
630 2777 809 2818 generavit.

53 2814 95 2846 de,
116 2818 242 2850 Senect.
265 2820 328 2851 21·
358 2820 424 2851 Sed
447 2820 546 2852 credo
570 2821 678 2853 deos
671 2833 810 2853 immol-

54 2859 136 2891 tales
165 2866 312 2902 sparsisse
345 2864 471 2897 animos
505 2865 539 2897 iu
573 2878 711 2909 corpoia
746 2867 811 2898 hu-

53 2914 158 2943 mana,
183 2913 218 2938 ut
238 2913 343 2949 essent,
368 2910 421 2952 qui
445 2917 512 2942 ten
514 2923 547 2943 ιε
571 2916 726 2943 tuerentur
749 2918 810 2944 etc.

56 2949 94 2981 V.
128 2951 269 2984 ochsner.
299 2954 367 2986 Ecl.
394 2954 459 2987 Cic.
493 2967 525 2999 p
552 2957 810 2990 351.Kiilmer

362 551 515 595 Ponere
540 551 716 592 iubebam
734 581 744 601 ,
787 551 833 590 de
865 565 940 604 quo
963 552 1047 605 quis
1072 553 1208 594 audire
1231 555 1372 608 vellet3
1414 556 1459 596 ad
1485 556 1520 596 id
1544 563 1608 596 aut

865 686 899 712 at
925 692 954 712 v.
972 680 1054 714 Δάτι.
1078 681 1120 713 ad
1144 694 1175 714 v.
1194 683 1424 716 antecedentia
1444 689 1476 718 uc
1498 687 1607 717 habere

844 805 907 836 Lat
943 805 1002 836 Gr.
1028 807 1056 849 §-
1077 803 1180 838 140.³
1204 806 1284 838 Not.
1304 806 1335 840 3.
1353 807 1398 847 b).
1449 807 1534 839 Hinc
1554 807 1608 838 iu-

843 850 893 882 fra
917 851 971 882 IV.
993 852 1044 892 ll,
1067 849 1126 883 24:
1153 851 1276 884 nollem
1299 852 1466 894 vulgatum
1485 857 1611 885 sanaret

842 895 875 926 in
896 899 983 927 sanet
1005 902 1038 927 et
1062 897 1100 928 V.
1129 897 1177 934 13,
1200 895 1262 929 39:
1288 901 1466 929 caecaretur
1482 897 1516 928 iu
1540 907 1609 929 cae-

842 944 926 973 cetur
945 952 1017 972 esse
1037 947 1210 972 mutatum.
1246 942 1414 984 Exempla,
1438 942 1470 973 in
1494 942 1609 985 quibus

842 991 920 1027 post
955 986 1140 1028 perfectum
1180 992 1333 1030 (praeter.
1371 987 1404 1018 in
1440 999 1545 1030 praes.
1582 999 1608 1018 S.

842 1037 972 1071 tempus
996 1042 1150 1073 praesens
1174 1033 1220 1062 rei
1246 1032 1428 1073 perfectae)
1455 1043 1608 1075 praesens

846 1075 1014 1117 sequitur,
1059 1075 1182 1107 rariora
1218 1083 1295 1107 sunt
1333 1076 1420 1118 apud
1453 1077 1606 1108 Tullium.

847 1121 896 1150 De
922 1131 947 1150 c.
963 1120 1003 1151 ‘21
1019 1144 1027 1159 ,
1052 1118 1114 1152 49:
1153 1127 1229 1158 „tot
1253 1128 1362 1152 autem
1394 1121 1538 1152 rationes
1563 1126 1609 1152 at-

845 1167 932 1203 tulit,
958 1170 993 1194 ut
1015 1183 1058 1187 —
1080 1164 1141 1195 sibi
1167 1172 1256 1196 certe
1279 1165 1479 1208 persuasisse
1501 1167 1610 1197 ‘ridea-

845 1211 920 1240 lur“
956 1221 984 1240 v.
1008 1208 1188 1243 Adnotata.
1213 1230 1256 1235 —-
1305 1212 1353 1242 De
1384 1222 1458 1242 voc.
1492 1212 1611 1243 scholas

847 1254 890 1285 cf.
919 1255 948 1296 ξ.
965 1255 996 1285 ὅ.

912 1311 999 1339 tuum
1017 1313 1086 1348 post
1108 1310 1289 1353 discessum]
1315 1311 1390 1343 Scil.
1416 1311 1448 1342 iu
1471 1311 1609 1354 provin—

845 1352 927 1384 ciam
963 1353 1103 1384 Galliam
1130 1355 1350 1397 Cisalpinam]
1391 1356 1441 1387 cui
1474 1357 1611 1387 Brutum

844 1409 930 1429 auno
955 1396 1039 1430 46³.
1055 1398 1129 1430 Cln.
1150 1400 1277 1437 Caesar,
1303 1400 1454 1432 bellum
1445 1413 1479 1432 m
1500 1400 1612 1432 Africa

845 1449 962 1474 contra
983 1443 1191 1486 Scipionem
1216 1445 1392 1485 Catonem,
1418 1445 1532 1477 Iubam
1553 1457 1609 1476 sti-

843 1494 1035 1530 scepturus‚
1062 1489 1236 1530 praefecit.
1285 1490 1327 1522 ad
1350 1490 1466 1523 Famil.
1491 1492 1548 1529 VI,
1569 1490 1608 1523 ὃς

844 1532 990 1564 Cassium
1026 1532 1089 1564 sibi
1125 1534 1270 1576 legavit,
1311 1536 1447 1567 Brutum
1482 1535 1610 1567 Galliae

844 1578 1015 1620 praefecit.
1054 1579 1093 1610 V.
1116 1581 1242 1612 Reclzeri
1265 1581 1377 1624 Progr.
1401 1581 1444 1613 ad
1464 1583 1488 1613 1.
1510 1582 1609 1613 Tusc.

909 1634 1096 1677 complures]
1132 1635 1185 1666 Sic
1209 1643 1300 1668 recte
1324 1639 1378 1670 Or
1404 1648 1466 1680 pro
1493 1640 1609 1677 plures,

843 1678 932 1722 quod
967 1691 1006 1710 ex
1040 1679 1152 1722 paucis
1177 1680 1398 1714 deteiiolibus
1432 1682 1529 1714 codd.
1555 1682 1610 1714 alii

844 1724 1040 1763 ediderunt3
1074 1727 1181 1765 plures
1214 1726 1301 1758 enim
1327 1728 1359 1759 vi
1386 1727 1611 1770 comparativa

843 1769 923 1812 poni
947 1769 1045 1810 solet,
1073 1777 1106 1801 ut
1130 1777 1298 1803 nostrum.
1324 1775 1410 1805 mehr
1428 1772 1609 1804 menschen

842 1814 909 1846 als·
903 1838 910 1852 ‚
947 1796 1120 1854 complures
1139 1822 1248 1847 autem
1270 1817 1340 1848 siue
1363 1817 1610 1858 comparatione

843 1859 963 1890 dicitur
994 1862 1108 1902 estque
1141 1867 1310 1891 nostrum:
1350 1864 1484 1893 mehrere
1513 1864 1609 1893 Men«

841 1904 963 1941 seben,
989 1904 1008 1934 i.
1025 1915 1052 1936 e.
1076 1904 1233 1935 nonnulli.
1281 1906 1320 1937 V.
1342 1908 1442 1938 Kritz.
1468 1906 1510 1937 ad
1535 1907 1609 1938 Sal-

842 1948 918 1980 lust.
941 1949 1010 1979 Cat.
1032 1949 1140 1988 XIX,
1166 1949 1197 1982 2.
1229 1956 1261 1981 et
1287 1952 1426 1991 Seyffert.
1444 1951 1492 1983 ad
1518 1952 1608 1983 Lael.

844 1990 883 2033 4,
914 1991 962 2026 14.
988 2005 1020 2036 p.
1037 1992 1090 2026 73.

911 2051 1165 2091 declamitabam]
1202 2050 1268 2083 Cic.
1295 2052 1385 2083 Brut.
1410 2051 1469 2085 90:
1506 2053 1606 2085 Com-

843 2094 1016 2126 mentabai
1031 2093 1113 2125 decl
1107 2095 1247 2127 {imitans
1271 2096 1331 2139 (sic
1346 2097 1433 2128 enim
1454 2110 1541 2130 nunc
1554 2098 1608 2131 lo·-

845 2139 999 2182 quuntur)
1033 2150 1132 2182 saepe
1152 2160 1197 2164 ———
1218 2153 1291 2172 cum
1313 2141 1423 2184 aliquo
1448 2143 1608 2186 quotidie,

843 2185 875 2217 h.
899 2196 928 2216 e.
956 2187 1182 2217 exercitationis
1205 2196 1318 2218 caussa
1341 2190 1494 2221 orationes
1516 2191 1608 2221 habe-

844 2232 927 2261 bam.
942 2248 987 2253 -—
1009 2231 1202 2262 Declamatio
1220 2231 1338 2274 disput
1333 2239 1460 2264 itiones
1475 2233 1517 2265 de
1531 2234 1609 2276 phi-

842 2275 938 2317 losop
941 2274 1006 2306 hia.
1053 2274 1108 2306 Sic
1130 2275 1218 2307 infra
1241 2278 1284 2307 Il.
1311 2277 1371 2315 11,
1395 2276 1449 2310 26.
1497 2280 1609 2310 Similis

845 2319 965 2351 dicitui
975 2345 983 2359 ,
1020 2319 1094 2362 quia
1117 2320 1235 2352 eodem
1256 2320 1390 2352 nomine
1412 2321 1609 2364 appellaba-

843 2372 897 2396 tur
921 2364 1113 2396 exercitatio
1135 2364 1212 2403 illa,
1249 2376 1310 2407 qua
1335 2366 1445 2407 pueris
1467 2366 1500 2398 in
1524 2366 1608 2398 ludis

844 2409 919 2441 ficta
951 2408 1110 2452 quaedam
1140 2408 1272 2450 ἓέματα
1307 2411 1484 2451 praescribi
1517 2411 1605 2443 sole*

844 2455 944 2491 bant,
981 2453 1097 2495 quibus
1121 2453 1163 2484 ad
1189 2453 1411 2496 eloquentiam
1436 2456 1523 2487 viam
1547 2456 1609 2488 sibi

845 2498 1021 2530 munirent.
1059 2498 1098 2529 V.
1124 2500 1286 2530 l=orcellim
1305 2499 1404 2532 Thes
1426 2501 1501 2534 Lat.
1523 2502 1556 2533 h.
1578 2514 1606 2535 v.

911 2552 1037 2595 ponere]
1059 2555 1175 2586 Ponere
1197 2556 1239 2597 (τ.
1242 2554 1348 2597 Severi)
1373 2557 1607 2599 quaestionem.

846 2598 991 2631 Verbum
1013 2598 1046 2629 in
1067 2598 1130 2630 hac
1151 2610 1188 2630 re
1208 2600 1388 2643 proprium.
1435 2602 1527 2635 Infra
1551 2604 1607 2636 111.

845 2644 900 2682 22,
923 2640 977 2674 54.
1013 2643 1102 2675 Lael.
1124 2644 1164 2682 V,
1188 2644 1247 2678 17.
1274 2652 1308 2676 ut
1329 2645 1367 2678 iis
1389 2654 1545 2690 ponatur,
1565 2648 1608 2679 de

847 2698 910 2729 quo
931 2686 1117 2730 disputent:
1145 2688 1199 2721 ubi
1219 2692 1392 2724 Gernhard
1427 2692 1481 2724 Cf.
1504 2692 1606 2735 Epist.

845 2733 916 2770 IX,
941 2732 1003 2766 26:
1039 2733 1129 2776 quod
1151 2740 1187 2765 tu
1213 2746 1311 2766 unum
1345 2734 1482 2780 ζητημα
1507 2737 1605 2768 Dioni

845 2777 1042 2820 philosopho
1056 2779 1204 2821 posuisti.
1231 2780 1317 2812 Hinc
1329 2781 1490 2813 eiusmodi
1505 2793 1607 2824 quae-

844 2822 966 2855 stiones
991 2823 1144 2855 dicuntur
1167 2824 1290 2863 ί3εἷσεις.
1330 2826 1382 2857 Cf.
1405 2826 1447 2858 de
1469 2828 1558 2857 Orat.
1580 2827 1603 2857 1

844 2867 907 2906 22,
935 2868 1007 2900 102.
1042 2870 1145 2909 11.1,
1171 2870 1203 2902 2.
1251 2869 1327 2902 Vid.
1360 2873 1490 2903 Erneslii
1516 2870 1607 2902 Clav.

846 2911 994 2945 Ciceron.
1018 2913 1050 2946 h.
1073 2927 1104 2945 v.
1151 2914 1241 2946 lurra
1266 2916 1305 2946 V.
1329 2912 1360 2952 4,
1394 2916 1439 2947 11.
1466 2914 1603 2957 legitur:

845 2957 890 2989 sic
913 2964 962 2991 est
982 2961 1186 2999 propositum,
1209 2960 1249 2991 (le
1272 2970 1334 3001 quo
1357 2960 1606 3001 disputaremus.
