1863 3221
219 117 302 159 244

224 204 380 254 dolore,
425 201 643 257 occupabit.
703 200 809 241 Nam
839 201 872 241 si
899 201 1028 242 omnia
1059 201 1264 256 fugiendae
1294 203 1538 258 turpitudinis
1562 205 1778 260 adipiscen-

223 278 370 330 daeque
396 274 612 315 honestatis
636 287 772 314 caussa
799 273 1007 325 faciemus,
1050 289 1126 314 non
1157 275 1271 315 modo
1297 277 1473 318 stimulos
1501 278 1669 329 doloris,
1710 278 1779 318 sed

222 349 338 390 etiam
362 346 521 388 fulmina
542 347 717 386 fortunae
743 353 1035 387 contemnamus
1069 347 1222 398 licebit,
1266 349 1495 403 praesertim
1526 364 1641 403 quum
1668 364 1779 404 para-

801 123 965 156 LIBER
990 124 1031 156 11.
1056 122 1121 164 27,
1146 121 1199 157 67.

1359 428 1428 462 67.
1462 421 1515 462 Ut
1539 422 1641 462 enim
1662 421 1695 462 si
1718 421 1780 462 cui

222 493 438 547 naviganti,
466 494 613 546 que1n⁷
635 493 852 546 praedones
872 491 1144 547 insequantur,
1169 494 1263 533 deus
1285 493 1347 547 qui
1364 497 1381 520 8
1405 494 1570 534 dixerit:
1607 493 1778 544 „Eiice⁹

223 575 260 608 te
286 565 404 607 navi¹
424 582 434 617 3
468 572 624 620 praesto
647 572 728 615 est,
762 565 823 618 qui
848 565 1038 620 excipiat,
1073 566 1135 606 vel
1158 566 1386 620 delphinus,
1418 574 1461 607 ut
1482 566 1673 607 Arionem
1693 565 1781 606 Me-

222 640 471 694 thymnaeum
487 669 497 689 ,
541 638 604 678 vel
633 638 718 692 equi
744 637 902 692 Pelopis
927 638 979 678 illi
1003 637 1216 693 Neptunii,
1262 639 1325 693 qui
1349 652 1434 693 per
1467 639 1606 681 midas
1629 652 1784 681 currus

223 430 301 462 tum
326 421 376 461 sit
393 420 483 460 illud
505 433 557 460 ex
574 419 757 459 hesterna
783 420 1042 474 disputatione
1065 420 1297 475 perfugium.

223 724 450 766 suspensos
464 712 663 764 rapuisse
680 711 874 761 dicuntur,
908 711 1106 766 excipient
1125 718 1161 752 te
1178 719 1231 762 et,
1266 727 1340 766 quo
1357 712 1471 763 velis,
1506 712 1780 767 perferrent‚“

226 798 377 825 omnem
400 785 583 824 omittat²
606 784 804 824 timorem:
840 784 895 824 sic
917 785 1145 838 urgentibus
1166 785 1316 839 asperis
1339 792 1378 825 et
1399 785 1544 825 odiosis
1564 785 1779 836 doloribus,

226 858 256 898 si
277 857 411 897 tanti*
434 857 535 907 sint,
568 863 606 897 ut
630 857 778 897 ferendi
802 858 912 897 *non
932 857 1040 897 sint*
1055 860 1072 884 3
1088 889 1098 907 ,
1134 872 1207 911 quo
1227 857 1277 897 sit
1298 858 1620 911 confugiendum,
1654 858 1779 899 vides.

315 973 336 1006 7
361 987 392 1006 v.
420 974 505 1005 Adn.
550 972 573 1005 8
597 974 650 1005 Sic
672 975 709 1005 R.
733 975 766 1005 P.
788 975 863 1005 Vat.
888 973 972 1006 Gud.
988 973 1015 1005 1.
1042 975 1082 1007 ΙΙ.
1104 981 1170 1006 tres
1194 974 1273 1006 Pall.
1295 974 1360 1006 duo
1383 977 1463 1006 Oxx.
1485 974 1591 1008 Marb.
1617 980 1650 1006 et
1669 974 1721 1006 ed.
1742 975 1784 1007 D.

227 1021 258 1060 (e
278 1030 361 1050 recc.
386 1020 471 1051 Mos.
494 1020 551 1050 Tr.
575 1019 631 1049 Kl.
654 1018 686 1048 in
707 1018 790 1049 Add.
814 1031 847 1060 p.
875 1017 984 1059 117.);
1010 1020 1064 1050 Or.
1089 1031 1116 1050 c.
1143 1019 1229 1061 vulg.
1251 1021 1327 1050 deus
1348 1022 1427 1059 quis.
1474 1016 1495 1050 9
1519 1020 1557 1051 R.
1588 1019 1673 1050 Gud.
1698 1018 1726 1050 1.
1748 1017 1781 1050 2.

225 1063 332 1095 Marb.
354 1065 424 1094 eice.
474 1061 489 1093 1
517 1062 571 1093 Sic
592 1063 630 1093 R.
655 1062 739 1095 Gud.
768 1064 797 1093 1.
823 1064 862 1094 ΙΙ.
888 1064 979 1094 Mon.
996 1061 1023 1093 1.
1045 1062 1077 1094 2.
1104 1067 1185 1105 Aug.
1208 1063 1312 1094 Rehd.
1338 1063 1437 1095 Vind.
1459 1062 1490 1094 2.
1516 1069 1619 1106 quatt.
1645 1065 1725 1093 Oxx.
1749 1068 1784 1094 et

227 1106 302 1138 edd.
329 1113 409 1138 vett.
433 1107 468 1137 P.
495 1106 600 1138 Gebh.
626 1108 684 1144 D.;
719 1111 746 1138 ie
776 1109 813 1138 de
845 1109 921 1138 navi
945 1109 1000 1138 Or.
1023 1119 1050 1139 c.
1070 1107 1100 1139 b.
1131 1114 1165 1140 et
1187 1107 1332 1150 plurimis
1353 1107 1427 1138 edd.
1450 1114 1554 1146 vett.;
1591 1112 1618 1139 te
1643 1117 1680 1139 ex
1708 1109 1785 1139 navi

225 1163 307 1183 unus
331 1153 383 1182 Or.
410 1157 442 1181 et
466 1151 550 1182 Gud.
575 1150 627 1189 2.;
662 1155 689 1182 le
711 1161 725 1182 e
745 1162 776 1182 n.
801 1150 873 1182 cod.
893 1152 953 1184 D.:
982 1152 1091 1194 quod,
1116 1152 1142 1183 si
1164 1151 1366 1194 praepositio
1391 1151 1596 1184 admittenda
1618 1158 1686 1191 est,
1711 1163 1785 1183 ma-

225 1196 310 1227 xime
333 1195 452 1238 placet.
500 1195 521 1227 2
545 1195 599 1226 Sic
614 1197 667 1227 Or.
693 1207 719 1228 e.
736 1198 818 1237 Aug.
843 1195 940 1227 Vind.
955 1194 985 1227 2.
1008 1203 1085 1228 octo
1107 1199 1186 1228 Oxx.
1206 1203 1238 1228 et
1258 1196 1422 1239 plerisque
1445 1196 1518 1228 edd.
1532 1203 1637 1234 vett.;
1663 1199 1787 1228 omittas

1112 1243 1152 1274 V.
1174 1241 1258 1273 Adn.
1305 1241 1326 1274 3
1350 1253 1380 1274 v.
1404 1241 1488 1273 Adn.

224 1307 333 1339 lichen
349 1306 453 1338 Reihe
475 1317 539 1338 von
555 1306 686 1339 Jahren.
731 1305 825 1338 Adde
847 1305 987 1337 eundem
1022 1307 1077 1338 ubi
1099 1319 1129 1339 v.
1150 1309 1296 1339 Boeckhii
1317 1307 1493 1349 Explicatt.
1518 1319 1549 1350 p.
1568 1308 1631 1340 110
1645 1319 1693 1350 sq.
1732 1307 1783 1338 Cf.

223 1240 278 1273 alii
301 1240 398 1272 codd.
422 1240 455 1271 in
475 1239 579 1283 iisque
601 1239 729 1282 optimi,
755 1246 789 1271 ut
812 1241 849 1271 R.
874 1241 907 1272 P.
934 1240 1064 1272 Gud.1.

225 1352 267 1383 ad
292 1352 382 1382 Caes.
407 1351 429 1382 l.
452 1363 479 1383 c.
503 1352 569 1389 ΙΙΙ,
596 1351 647 1383 13.
673 1362 705 1393 p.
726 1350 798 1384 173.
832 1357 865 1382 et
888 1352 987 1382 Kritz.

226 1396 269 1428 ad
293 1396 371 1427 Sall.
398 1396 468 1427 Cat.
492 1397 589 1435 V111,
615 1395 647 1427 3.

291 1440 484 1482 perfuyium]
523 1439 558 1470 in
599 1439 841 1471 contemnenda
881 1445 987 1470 morte

225 1484 382 1528 positum.
432 1484 482 1515 Cf.
507 1485 533 1514 I.
557 1481 620 1522 49,
649 1484 720 1516 115.
747 1490 781 1514 et
807 1482 881 1516 119.

296 1541 325 1583 §.
352 1538 405 1572 67.
451 1541 634 1579 naviganti,
658 1538 760 1581 quem]
798 1538 852 1570 Sic
878 1541 930 1572 Or.
957 1551 983 1571 c.

228 1584 336 1627 vulg.;
361 1583 419 1614 sed
442 1583 596 1626 permulti
622 1583 719 1614 codd.
744 1590 777 1614 et
801 1583 927 1626 optimi,
953 1588 989 1614 ut

227 1629 267 1660 R.
295 1630 330 1661 P.
355 1628 440 1659 Gud.
468 1629 496 1660 1.
523 1629 561 1661 ΙΙ.
583 1629 658 1660 Vat.
689 1628 845 1659 omittunt
876 1638 987 1668 quem:

227 1673 314 1705 unde
346 1675 507 1713 Wopkens.
541 1684 574 1715 p.
596 1670 650 1705 94.
686 1672 846 1704 coniecit:
881 1675 907 1704 si
939 1674 988 1704 cui

225 1720 402 1758 naviganti,
422 1719 594 1757 praedones
608 1719 634 1748 si
653 1719 876 1756 insequantur:
899 1716 988 1759 quod

227 1763 352 1804 recepit
371 1764 482 1801 Moser,
506 1768 538 1792 et
558 1761 781 1803 probaverunt
794 1764 937 1793 Handius
957 1767 989 1792 et

230 1809 362 1840 Oreliius
385 1806 416 1836 in
439 1805 490 1837 ed.
512 1817 577 1837 rec.
610 1807 658 1837 De
679 1806 824 1848 repetito
848 1809 874 1837 si
895 1817 990 1837 com-

227 1857 323 1893 parat
350 1852 455 1890 Woph.
478 1850 577 1881 Acad.
606 1851 628 1881 l.
651 1850 691 1889 2,
716 1849 755 1882 4:
792 1850 989 1888 existimavi,

227 1899 254 1927 si
279 1895 333 1938 qui
353 1894 394 1926 de
418 1894 538 1925 nostris
560 1894 627 1925 eius
649 1894 760 1926 studio
784 1900 986 1934 tenerentur,

228 1943 255 1972 si
276 1946 384 1971 essent
398 1939 530 1971 Graecis
552 1938 709 1970 doctrinis
724 1939 854 1979 eruditi,
881 1939 987 1970 Grae-

229 1996 266 2016 ca
286 1984 416 2026 potius,
449 1995 544 2026 quam
566 1990 678 2015 nostra
700 1984 854 2015 lecturos.
900 1986 989 2015 Ηαη-

229 2030 300 2060 dius
327 2028 420 2059 addit
450 2028 492 2059 ad
516 2029 605 2059 Fam.
628 2029 652 2058 I.
674 2027 715 2067 9,
740 2028 802 2060 30:
840 2030 866 2059 si
888 2039 989 2059 accu—

230 2072 324 2103 sandi
347 2078 440 2109 sunt,
474 2074 500 2103 si
525 2071 578 2113 qui
597 2071 857 2113 pertimuerunt,
887 2072 989 2114 magis

230 2116 329 2148 etiam
351 2115 613 2157 reprehendendi
635 2122 728 2155 sunt,
758 2118 785 2148 si
809 2116 862 2158 qui
887 2128 922 2147 se
944 2116 990 2147 ti-

228 2171 317 2192 mere
340 2160 543 2191 simularunt.

299 2217 374 2246 deus
393 2217 460 2256 qui]
486 2215 540 2246 Sic
561 2214 678 2257 optimi
700 2215 796 2247 codd.
820 2227 881 2258 pro
904 2216 992 2257 vulg.

231 2262 307 2291 deus
327 2262 406 2298 quis.
454 2259 487 2290 Si
506 2261 582 2291 deus
598 2262 650 2299 qui
672 2259 791 2291 dixerit
806 2266 871 2291 est:
898 2271 991 2290 wenu

231 2304 283 2335 ein
308 2304 412 2343 Gott‚
436 2316 501 2335 wer
524 2316 559 2335 er
580 2304 662 2335 auch
683 2304 747 2341 sei3
773 2304 798 2335 si
822 2307 890 2344 quis
912 2304 990 2335 deus

231 2355 299 2380 est:
327 2359 419 2379 wenn
443 2348 495 2379 ein
508 2349 644 2386 Wesen,
667 2349 811 2380 niimlich
826 2349 877 2380 ein
893 2350 989 2386 Gott,

232 2394 271 2424 V.
297 2404 357 2423 nos
378 2392 411 2423 in
438 2393 494 2424 Gr.
516 2393 555 2423 L.
580 2394 608 2435 ξ.
630 2391 704 2425 124.
727 2394 807 2424 Not.
822 2395 853 2425 2.
893 2396 992 2425 Moser

232 2436 345 2468 laudat
366 2439 496 2477 Herzoy.
523 2437 565 2468 ad
590 2437 681 2468 Caes.
707 2439 742 2468 B.
767 2438 806 2469 G.
829 2437 869 2476 Θ,
898 2437 948 2470 13.

301 2494 458 2533 Arionem]
472 2492 633 2524 Herodot.
648 2494 671 2529 Ι,
684 2493 738 2525 23.
764 2488 887 2524 Gellius
900 2495 995 2532 XVI,

237 2535 288 2568 19.
332 2536 426 2566 Ovid.
448 2537 536 2567 Fast.
557 2538 607 2575 II,
632 2537 685 2570 83.
734 2539 774 2569 V.
797 2541 973 2573 Davisium.

299 2592 369 2629 equi
389 2592 511 2629 Pelopis
533 2592 691 2635 Neptunii]
718 2593 837 2636 Pelops
862 2594 994 2635 Hippo-

234 2634 386 2673 damiam,
412 2635 579 2673 Oenomai,
605 2637 689 2676 regis
713 2638 812 2668 Elidis
838 2645 870 2669 et
890 2638 992 2677 Pisae,

234 2678 354 2717 filiam,
388 2678 567 2709 ambiturus
591 2691 609 2710 a
634 2681 790 2722 Neptuno
816 2683 930 2723 petiit,
958 2689 994 2713 ut

234 2734 270 2754 se
289 2729 403 2755 contra
424 2722 580 2754 Oenomai
601 2723 727 2755 hastam
747 2726 943 2758 defenderet
961 2733 994 2758 et

236 2767 308 2810 ipse
324 2767 431 2799 victor
452 2778 469 2798 e
493 2767 671 2798 certamine
691 2769 859 2801 subeundo
883 2771 992 2802 disce-

236 2812 346 2843 deret:
373 2811 488 2854 quibus
520 2811 600 2842 deus
634 2813 784 2853 precibus
810 2822 991 2846 commotus

236 2855 441 2888 adolescenti
453 2867 580 2887 currum
595 2855 688 2886 dedit
703 2868 833 2888 aureum
845 2865 877 2889 et
891 2871 990 2901 equos

233 2900 470 2934 velocissimos.
508 2900 729 2931 Pulcherrime
747 2901 831 2932 hanc
847 2902 990 2936 fabulam

230 2945 449 2988 pertractavit
462 2944 618 2977 Pindarus
636 2944 765 2988 Olymp.
786 2946 810 2986 Ι,
829 2945 917 2978 67—
926 2948 987 2981 ffi':

1021 1353 1131 1383 Davis.
1158 1351 1199 1382 ad
1223 1352 1256 1382 h.
1280 1351 1300 1382 l.
1327 1358 1359 1382 et
1385 1352 1454 1383 Ind.
1478 1352 1555 1383 hist.

1086 1406 1143 1435 per
1174 1398 1278 1427 undas
1301 1415 1346 1419 —
1369 1398 1524 1437 rapuisse]
1561 1397 1652 1427 Haec
1685 1396 1785 1427 verba

1021 1440 1187 1482 poeticum
1210 1450 1287 1483 prae
1307 1451 1342 1471 se
1365 1440 1452 1471 ferre
1474 1441 1617 1472 colorem
1631 1465 1639 1478 ‚
1667 1440 1784 1472 obser-

1020 1491 1180 1516 vaverunt
1202 1485 1409 1526 interpretes.
1451 1486 1521 1524 Qua
1540 1485 1581 1516 de
1598 1496 1710 1516 caussa
1728 1496 1783 1516 eos

1024 1531 1150 1569 Wolfius
1166 1529 1301 1560 diversis
1321 1529 1503 1561 litterarum
1524 1529 1638 1561 formis
1657 1528 1785 1561 descri-

1021 1573 1148 1604 bendos
1174 1573 1309 1604 curavit.

1090 1618 1223 1661 omittat]
1251 1617 1327 1649 Scil.
1348 1618 1386 1657 is,
1413 1619 1463 1650 cui
1484 1636 1529 1642 —
1550 1618 1629 1649 deus
1653 1617 1707 1661 qui
1729 1618 1783 1649 di-

1021 1662 1106 1693 xerit
1130 1668 1192 1693 etc.
1240 1662 1448 1705 Optimornm
1480 1662 1638 1694 librorum
1674 1663 1719 1705 (v.
1742 1663 1783 1694 V.

1022 1706 1103 1746 Ser.)
1143 1706 1303 1749 scriptura
1329 1710 1452 1739 omittas
1482 1719 1521 1739 ex
1555 1719 1595 1739 eo
1627 1713 1698 1739 orta
1722 1713 1784 1747 est,

1023 1750 1112 1794 quod
1139 1751 1259 1782 librarii
1283 1763 1374 1783 more
1405 1764 1464 1784 suo
1486 1751 1528 1783 ad
1552 1752 1700 1794 proxime
1722 1763 1785 1783 an-

1023 1795 1210 1827 tecedentia
1231 1796 1443 1838 respicientes
1462 1796 1504 1828 ad
1522 1808 1559 1827 ea
1575 1797 1709 1828 verbum
1729 1808 1784 1828 re-

1023 1840 1186 1871 ferebant.
1234 1840 1341 1871 Etiam
1365 1843 1523 1880 Klotzius,
1559 1841 1612 1883 qui
1645 1841 1676 1872 in
1702 1840 1782 1872 edit.

1023 1888 1145 1917 omittas
1177 1891 1349 1926 receperat
1382 1892 1415 1916 et
1447 1885 1570 1927 argutis
1604 1885 1784 1916 rationibus

1022 1929 1228 1966 defenderat,
1253 1940 1340 1961 nunc
1361 1929 1394 1960 in
1413 1930 1497 1961 Add.
1518 1941 1551 1972 p.
1568 1930 1638 1964 117.
1665 1932 1784 1962 omittat

1022 1985 1135 2006 verum
1159 1973 1293 2005 iudicat.

1102 2021 1129 2050 si
1163 2021 1240 2049 tanti
1274 2021 1352 2058 sint,
1399 2022 1432 2050 ut
1464 2020 1581 2059 serendi
1614 2029 1674 2051 non
1707 2020 1782 2059 sint]

1024 2062 1175 2093 Omnium
1199 2063 1269 2093 fere
1297 2062 1446 2094 codicum
1470 2063 1632 2105 scriptura
1656 2069 1720 2094 est:
1756 2065 1784 2094 si

1024 2109 1102 2138 tanti
1134 2118 1211 2138 non
1245 2109 1324 2146 sint,
1358 2112 1391 2138 ut
1419 2110 1538 2148 serendi
1563 2111 1633 2139 sint.
1680 2108 1785 2146 Quam

1025 2162 1085 2181 nos
1109 2150 1256 2181 dedimus
1289 2152 1501 2193 scripturam,
1538 2163 1576 2183 ea
1606 2158 1655 2183 est
1685 2163 1785 2194 prae-

1026 2195 1111 2225 clara
1127 2195 1312 2225 coniectura
1324 2197 1479 2235 Lambini,
1500 2196 1690 2227 confirmata
1703 2195 1785 2226 duo·

1026 2239 1084 2269 bus
1099 2241 1178 2269 ΟΧΧ.
1201 2245 1233 2269 et
1250 2239 1348 2269 Vind.
1366 2240 1394 2271 1.
1424 2240 1497 2281 (nisi
1518 2240 1606 2282 quod
1628 2240 1681 2271 hic
1701 2243 1786 2271 tanto

1025 2283 1151 2324 habet),
1176 2290 1307 2324 recepta
1329 2283 1427 2315 etiam
1447 2295 1464 2314 a
1479 2286 1629 2323 Treydero
1649 2291 1681 2314 et
1703 2295 1784 2326 pro-

1025 2327 1101 2359 bata
1136 2339 1153 2358 a
1186 2330 1343 2367 Madviyio
1377 2328 1409 2359 in
1445 2330 1562 2369 Opusc.
1597 2328 1687 2360 acad.
1724 2328 1780 2359 alt.

1025 2383 1057 2414 p.
1078 2371 1162 2411 195„
1183 2372 1325 2415 itemque
1339 2384 1356 2403 a
1371 2375 1488 2404 Klotzio
1500 2372 1533 2403 in
1549 2372 1632 2404 Add.
1654 2384 1684 2414 p.
1702 2372 1785 2411 117„

1031 2417 1091 2448 etsi
1112 2416 1256 2458 ineptam
1281 2417 1447 2459 vulgatam
1468 2417 1588 2456 multis,
1612 2416 1671 2448 sed
1692 2416 1786 2448 infir-

1029 2461 1088 2492 mis
1119 2461 1300 2493 rationibus
1334 2461 1551 2500 defenderat,
1593 2461 1732 2503 denique
1768 2472 1787 2491 a

1032 2508 1164 2537 Wesenb.
1190 2507 1260 2537 Em.
1276 2507 1300 2536 I.
1328 2518 1359 2548 p.
1379 2507 1442 2543 12„
1468 2506 1521 2547 qui
1542 2506 1583 2536 ad
1604 2505 1696 2536 huius
1720 2503 1785 2536 loci

1028 2550 1223 2582 sententium
1242 2550 1405 2592 geminum
1425 2550 1531 2581 locum
1556 2550 1599 2591 (in
1608 2550 1655 2580 fra
1675 2550 1714 2580 V.
1730 2546 1784 2587 40,

1030 2594 1116 2636 117.)
1144 2595 1302 2626 contulit:
1336 2594 1385 2625 sin
1409 2595 1497 2625 forte
1524 2593 1681 2635 (dolores)
1707 2592 1784 2623 lon-

1026 2639 1209 2681 ginquitate
1240 2638 1392 2682 producti
1423 2637 1647 2668 vehementius
1675 2644 1785 2668 tamen

1028 2691 1203 2726 torquent,
1239 2695 1335 2726 quam
1361 2688 1394 2712 ut
1417 2693 1526 2713 caussa
1551 2681 1614 2722 sit,
1648 2692 1704 2712 cur
1731 2681 1784 2712 fe-

1028 2735 1140 2760 rantur
1167 2730 1223 2770 (z
1244 2735 1311 2758 tam
1333 2726 1560 2764 vehementer,
1597 2732 1632 2756 ut
1656 2725 1785 2757 ferendi

1027 2783 1092 2803 non
1116 2772 1213 2811 siml:
1239 2771 1317 2814 quid
1331 2776 1379 2801 est
1400 2770 1532 2801 tandem
1548 2790 1597 2807 —‚
1624 2770 1712 2812 quod
1732 2770 1786 2801 la-

1026 2816 1203 2850 boremus?
1255 2817 1307 2846 Or.
1328 2821 1361 2845 et
1380 2816 1464 2846 Mos.
1487 2825 1504 2845 e
1525 2814 1677 2845 Gulielmi
1699 2814 1783 2846 coni.

1027 2860 1201 2892 ediderunt
1222 2863 1249 2892 si
1267 2862 1344 2891 tanti
1361 2870 1421 2891 non
1443 2862 1501 2898 sit,
1526 2863 1558 2889 ut
1575 2861 1693 2898 ferendi
1713 2861 1785 2898 sint,

1024 2905 1219 2936 adversante
1232 2903 1393 2935 formulae
1411 2905 1489 2935 tanti
1505 2907 1547 2935 est
1566 2915 1634 2941 usu,
1660 2903 1701 2934 de
1718 2913 1784 2944 quo

1024 2961 1055 2981 v.
1079 2951 1217 2989 Madviy.
1238 2949 1260 2981 l.
1280 2948 1310 2979 d.
1334 2959 1366 2990 p.
1390 2947 1452 2981 187
1468 2958 1538 2991 sqq.
1562 2947 1784 2991 copiosissime
