1863 3221
233 110 288 151 80

233 211 342 252 quae
361 197 491 237 alteri
511 193 653 235 seculo
669 193 845 246 prosint
863 194 879 218 1
895 222 910 242 ,
942 198 982 231 ut
1003 191 1057 231 ait
1072 193 1086 218 ¹
1114 191 1152 231 in
1178 188 1424 246 Synephebis
1439 222 1450 242 ,
1486 190 1574 246 quid
1592 197 1789 245 spectans,

233 270 307 311 nisi
325 270 438 310 etiam
461 274 615 322 postera
635 265 765 305 secula
780 265 826 304 ad
840 278 882 304 se
898 264 1121 319 pertinere?
1152 263 1261 318 Ergo
1283 264 1443 305 arbores
1464 271 1570 305 seret
1584 266 1605 290 ²
1627 263 1792 317 diligens

829 111 1208 152 LJBER1.14,32.

233 342 425 397 agricola,
470 353 630 394 quarum
657 337 844 392 adspiciet
869 337 1000 378 bacam
1026 337 1109 392 ipse
1133 351 1352 391 nunquam3
1391 338 1453 378 vir
1475 351 1637 391 magnus
1667 337 1790 391 leges,

233 415 423 464 instituta,
458 426 540 453 rem
565 411 755 466 publicam
784 425 859 451 non
888 412 1021 451 seret?
1061 410 1162 464 Quid
1191 410 1413 465 procreatio
1438 410 1672 462 liberorum,
1705 410 1795 464 quid

233 486 460 543 propagatio
483 484 674 535 nominis,
709 484 798 539 quid
818 484 1086 538 adoptationes
1104 488 1120 511 ³
1146 484 1334 535 filiorum,
1369 483 1456 537 quid
1475 490 1795 524 testamentorum

234 559 460 614 diligentia,
504 557 591 612 quid
618 557 702 612 ipsa
730 557 997 611 sepulcrorum
1022 564 1297 607 monumenta,
1342 557 1431 611 quid
1459 557 1584 611 elogia
1601 559 1622 583 4
1651 556 1796 610 signifi-

1137 636 1205 671 52.
1238 628 1339 682 Quid
1365 630 1485 670 illud?
1515 644 1606 670 num
1625 629 1793 681 dubitas,

234 705 325 761 quin
348 706 545 760 specimen
572 711 734 744 naturae
762 703 846 758 capi
876 704 1046 743 deceat⁵
1076 717 1129 743 ex
1151 702 1295 758 optima
1321 717 1470 757 quaque
1502 704 1668 744 natura?
1698 716 1796 758 quae
1847 736 1849 738 ,

234 640 347 684 cant,
381 631 455 672 nisi
485 645 556 671 nos
583 632 711 671 futura
736 629 853 671 ctiam
878 630 1078 684 cogitare?

235 785 294 820 est
317 777 456 819 melior
480 778 628 832 igitur⁵
658 777 696 817 in
723 777 918 817 hominum
947 790 1092 831 genere
1118 783 1278 827 natura,
1325 791 1439 831 quam
1463 790 1620 828 eorum,
1665 776 1727 830 qui
1751 789 1795 816 se

233 859 348 893 natos
388 852 434 892 ad
474 850 649 890 homines
688 850 900 900 iuvandos,
944 850 1149 900 tutandos,
1194 850 1485 890 conservandos
1527 849 1796 889 arbitrantur?

234 925 345 966 Abiit
368 925 415 964 ad
437 925 530 964 deos
552 923 768 975 Hercules3
803 936 998 976 nunquam
1023 923 1192 974 abisset,
1226 923 1301 963 nisi
1317 954 1327 974 ‚
1361 937 1475 977 quun)
1498 923 1601 963 inter
1619 922 1795 963 homines

235 1005 356 1049 esset,
391 1011 476 1037 eam
496 996 569 1037 sibi
589 996 690 1038 viam
710 995 956 1037 munivisset.
1003 994 1148 1037 Vetera
1169 996 1244 1036 iam
1263 996 1338 1037 ista
1359 1003 1397 1036 et
1417 995 1607 1050 religione
1625 995 1795 1036 omnium

236 1077 482 1112 consecrata.

325 1181 347 1213 2
369 1183 426 1214 W.
451 1193 468 1213 e
494 1180 578 1212 coni.
600 1183 692 1221 serit;
726 1186 759 1211 at
780 1192 809 1211 v.
831 1178 975 1211 Adn.'in
996 1181 1035 1210 ΙΙ.
1060 1178 1119 1219 17,
1145 1179 1199 1213 39.
1257 1180 1279 1213 3
1304 1192 1333 1212 v.
1360 1180 1444 1212 Adn.
1491 1177 1512 1215 {t
1537 1181 1574 1212 R.
1600 1179 1684 1211 Gud.
1702 1180 1729 1213 1.
1756 1181 1795 1212 ΙΙ.

235 1227 284 1260 El.
305 1226 336 1259 3.
362 1226 468 1258 Marb.
496 1225 631 1257 Mon.2.
660 1236 741 1256 unus
765 1226 824 1256 Ox.
848 1236 911 1256 om.
934 1227 1009 1265 quill
1032 1231 1107 1256 ante
1128 1228 1239 1266 elogia.
1284 1225 1372 1257 Hinc
1395 1233 1517 1257 temere
1539 1227 1618 1257 Tr.:
1641 1227 1795 1265 sepulcro-

234 1283 307 1305 rum
333 1272 560 1313 [monumentaj
585 1273 686 1310 elogia
708 1272 787 1310 siyrz.
834 1269 854 1300 ὁ
880 1282 910 1301 v.
938 1269 1023 1301 Adn.

1035 1343 1140 1367 terata
1175 1336 1315 1368 videtur.
1364 1338 1518 1369 Restituit
1552 1348 1622 1368 eam
1657 1339 1795 1368 Klotzius

1036 1392 1096 1424 pio
1123 1381 1224 1412 Balbo
1244 1383 1308 1420 Γ),
1333 1382 1385 1414 57.

238 1339 271 1370 in
291 1350 383 1369 usum
402 1349 494 1369 suum
512 1336 623 1373 veltit,
650 1343 695 1374 ut,
722 1336 776 1379 qui
799 1347 907 1367 versus
925 1335 1000 1366 inde

237 1384 395 1425 effingere
420 1382 519 1419 velit,
561 1381 717 1412 audacior
746 1391 816 1412 esse
841 1380 1000 1411 videatur.

236 1429 311 1460 Huc
336 1426 473 1463 accedit,
501 1425 590 1468 quod
613 1425 648 1462 is,
675 1425 779 1468 quiin
795 1425 1000 1468 Synephebis

236 1473 324 1504 hunc
339 1483 468 1503 versum
485 1470 717 1513 pronuntiavit,
741 1470 845 1512 prima
860 1481 1001 1512 persona

237 1529 311 1549 usus
335 1523 403 1548 est:
430 1518 505 1548 Sero
530 1518 653 1547 arbores
678 1522 740 1546 etc.

306 1577 339 1605 ut
362 1575 406 1603 ait
426 1575 457 1603 in
480 1570 682 1613 Synephebis]
710 1570 762 1601 Sic
782 1569 896 1612 scripsi
916 1582 942 1601 c.
961 1571 1000 1601 D.

239 1618 296 1650 Kl.
323 1619 379 1649 Tr.
422 1629 458 1647 ex
493 1617 529 1646 R.
564 1616 595 1646 b.
627 1620 656 1658 (a
683 1627 721 1657 pr
754 1615 810 1656 m.)
844 1626 908 1646 uno
941 1617 999 1646 Ox.

239 1662 350 1695 Duisc.
374 1662 440 1693 Pal.
461 1661 491 1692 4.
516 1660 612 1691 Fabr.
660 1663 808 1691 Davisius
832 1666 1001 1702 comparat

237 1709 281 1740 N.
307 1708 346 1738 D.
373 1708 395 1737 Ῐ.
419 1704 459 1744 6,
489 1704 543 1737 13:
585 1706 697 1747 Itaque
721 1705 799 1735 mihi
826 1704 916 1735 Iubet
941 1716 995 1735 ex-

241 1753 391 1789 clamare,
407 1758 439 1781 ut
452 1751 482 1781 in
495 1750 715 1793 Synephebis:
733 1751 795 1780 I'ro
809 1749 905 1780 deum
919 1756 979 1780 etc.
993 1761 999 1785 3

240 1800 294 1829 Or.
322 1809 339 1827 e
366 1796 471 1827 Gebh.
498 1795 581 1826 coni.
618 1799 650 1826 ut
678 1797 722 1826 ait
745 1797 795 1825 ille
819 1797 850 1826 in
872 1796 927 1834 S„
969 1800 1002 1825 et

239 1842 285 1874 sic
309 1841 388 1883 legit
412 1844 516 1882 Aug.;
554 1839 608 1870 alii
633 1840 813 1870 deteriores
840 1839 936 1871 codd.
969 1846 1002 1869 et

239 1886 417 1918 nonnullae
443 1884 518 1916 edd.
544 1890 625 1915 vett.
662 1884 784 1915 habent
818 1884 938 1926 partim
969 1887 1002 1914 ut

239 1935 283 1964 ait
308 1934 446 1970 Statius,
482 1929 603 1972 partim
636 1933 669 1961 ut
702 1931 745 1960 ait
768 1931 897 1961 Ennius.
953 1929 1002 1959 De

240 1976 367 2018 optimo
402 1974 486 2005 Gud.
514 1975 540 2006 1.
566 1975 649 2005 Mos.
681 1980 781 2005 tacet.
816 1993 860 1997 —
905 1976 1002 2012 Syne-

237 2023 328 2061 phebi
353 2018 523 2050 comoedia
549 2025 618 2049 erat
643 2018 838 2056 Menandri,
874 2030 890 2049 a
918 2020 1002 2048 Cae-

241 2065 316 2096 cilio
329 2064 435 2094 Statio
457 2063 488 2093 in
504 2063 653 2093 Latinam
674 2063 815 2104 linguam
834 2074 1002 2094 conversa.

240 2110 280 2141 V.
305 2110 468 2139 Daris-ium
491 2106 533 2138 ad
556 2107 596 2137 N.
622 2108 658 2137 D.
683 2110 704 2146 l,
731 2108 760 2139 ὓ.
786 2119 819 2149 p.
836 2108 888 2138 23).
916 2108 967 2137 Cr.

309 2165 383 2204 quid
429 2164 583 2203 spectans]
642 2164 780 2194 Klotzius
833 2168 1002 2205 comparat

243 2210 443 2241 Graecorum
467 2206 499 2239 τί
526 2209 584 2247 ζητ
589 2208 633 2239 ὦ)
658 2219 687 2239 κ.
713 2219 742 2239 τ.
769 2208 795 2239 ⁴).
828 2207 847 2237 i.
875 2219 901 2238 e
937 2218 1000 2248 quo

242 2253 392 2286 consilio.
437 2251 594 2282 Similiter
613 2251 683 2282 Fin.
705 2252 744 2282 V
757 2252 814 2292 39,
837 2251 889 2285 δῖ.
918 2252 1001 2294 (Dc-

241 2297 411 2337 mocritus)
439 2296 671 2338 patrimonium
702 2296 866 2338 neglexit,
907 2307 1002 2338 agros

241 2342 386 2375 deseruit
418 2341 580 2379 iaculum,
618 2343 693 2381 quid
723 2351 872 2381 quaerens
902 2340 1000 2378 aliud,

242 2388 302 2419 nisi
337 2387 438 2419 vitam
472 2365 627 2417 beatain?
670 2385 725 2417 nbi
752 2398 780 2417 v.
807 2388 1002 2426 Madviyium

243 2445 275 2475 p.
295 2433 370 2466 1¹14·

311 2489 389 2525 le9es
413 2505 456 2510 ——
479 2486 569 2529 seret]
607 2488 753 2518 Χεηυεῐει
789 2485 1002 2529 metaphora!

243 2533 346 2572 Legg.
367 2533 388 2562 Ι.
402 2531 433 2566 6,
454 2534 514 2561 20:
541 2534 660 2563 serendi
681 2532 778 2562 etiam
799 2543 916 2568 mores,
943 2543 1003 2562 nec

243 2575 372 2617 scriptis
385 2574 491 2605 onmia
504 2576 690 2607 sancienda.
725 2576 880 2607 Similiter
896 2577 1003 2607 Grae-

244 2632 297 2652 ce:
325 2619 405 2650 Plat.
423 2618 559 2649 Phaedr.
585 2631 616 2660 p.
634 2626 652 2641 ·Ι
658 2619 709 2656 76
738 2623 775 2651 E:
803 2618 1001 2658 όταωτις-

243 2663 372 2708 φυτεύῃ
405 2674 442 2695 τε
480 2662 538 2695 καὶ
562 2674 637 2695 art:
630 2664 680 2706 ’ρῃ
715 2676 773 2706 με
743 2662 785 2688 μ’
811 2665 1002 2708 ἐπιστήμης

245 2709 373 2752 λόγους.

312 2762 539 2805 adoptationes]
589 2763 642 2794 Sic
681 2771 770 2794 mete
808 2768 860 2798 Or.
897 2778 925 2797 c.
962 2768 1000 2798 R.

247 2809 333 2842 Gud.
360 2811 386 2841 l.
410 2808 440 2839 b.
466 2807 602 2850 aliisque
626 2807 721 2839 codd.
746 2820 806 2849 pro
831 2810 917 2851 vulg.
943 2813 1001 2842 ad-

245 2857 390 2895 optiones.
438 2851 560 2883 Eadem
584 2852 765 2894 scm'pturae
797 2854 935 2885 varietas
967 2855 1001 2886 in

246 2900 323 2931 Sall.
342 2900 408 2940 lug.
425 2898 486 2936 XI,
504 2897 541 2931 7:
568 2897 621 2928 ubi
641 2908 670 2927 v.
686 2899 849 2929 Kritzz'um.
883 2899 1002 2931 Forma

247 2946 407 2984 adoptatio
423 2941 550 2985 saepius
574 2941 661 2985 apud
682 2941 873 2973 Ciceronem
899 2943 1001 2975 oblit-

1102 1426 1214 1469 eloyia]
1250 1428 1359 1467 Eloyia
1388 1434 1480 1458 etant
1507 1432 1795 1457 monumentorum

1034 1470 1284 1512 inscriptiones,
1310 1471 1341 1502 in
1365 1472 1479 1514 quibus
1501 1478 1704 1502 ῐηιηωοιιιῐη
1729 1482 1794 1502 no·-

1035 1515 1133 1553 mina,
1158 1506 1310 1553 honores,
1336 1528 1385 1547 les
1410 1523 1480 1558 gest
1484 1528 1521 1547 ae
1542 1516 1685 1547 brevitet
1711 1527 1794 1547 con-

1035 1560 1160 1602 signata
1183 1567 1286 1592 erant.
1330 1560 1370 1592 de
1392 1563 1462 1593 Fin.
1485 1563 1523 1592 tl.
1546 1563 1597 1594 35.
1628 1560 1704 1592 116:
1726 1571 1793 1591 non

1035 1608 1133 1645 eloyia
1155 1613 1440 1637 monumentorum
1461 1606 1492 1637 id
1514 1605 1708 1648 significant,
1733 1616 1793 1635 ve-

1036 1650 1083 1680 lut
1107 1650 1171 1681 hoc
1195 1650 1237 1680 ad
1262 1657 1410 1692 portam:
1453 1653 1516 1682 Uno
1545 1661 1595 1682 ore
1624 1652 1673 1682 cni
1694 1651 1794 1689 pluri-

1035 1705 1104 1725 mae
1127 1698 1315 1727 consentiunt
1337 1700 1450 1735 gentes,
1477 1698 1585 1736 populi
1606 1697 1795 1735 primarium

1035 1741 1128 1779 fuisse
1150 1743 1260 1771 virum.
1295 1740 1336 1771 de
1355 1743 1428 1771 Sen.
1448 1741 1495 1777 17,
1513 1741 1566 1772 Ol.
1604 1740 1654 1770 Cf.
1671 1741 1793 1771 Schfflz.

1038 1785 1116 1814 Lex.
1146 1784 1210 1814 Cic..
1236 1785 1265 1817 h.
1290 1797 1319 1815 v.
1370 1785 1580 1816 Recentiores
1605 1796 1704 1826 saepe
1730 1784 1794 1815 hoc

1036 1829 1197 1859 vocabulo
1221 1840 1394 1871 perperam
1427 1836 1560 1860 utuntur
1591 1840 1652 1871 pro
1678 1828 1795 1859 lauda-

1036 1873 1136 1904 tione.
1184 1875 1336 1905 Ceterum
1368 1877 1516 1914 Orellius,
1554 1885 1672 1905 nomen
1705 1875 1796 1913 elogii

1038 1930 1075 1949 ex
1098 1917 1239 1960 ἐλεγεῖον
1261 1925 1449 1962 corruptum
1469 1931 1538 1950 esse
1559 1926 1590 1949 et
1612 1925 1688 1961 post
1707 1917 1794 1949 bella

1036 1964 1068 1994 in
1085 1965 1204 2005 Magna
1223 1964 1359 1996 Graecia
1379 1972 1412 1995 et
1429 1964 1537 1995 Sicilia
1557 1971 1648 2006 gesta
1669 1963 1700 1994 in
1724 1964 1793 1994 La-

1037 2008 1139 2039 tinam
1164 2008 1307 2050 linguam
1331 2010 1505 2051 migrasse,
1532 2009 1609 2040 satis
1634 2007 1792 2051 probabi-

1036 2053 1113 2084 liter
1137 2054 1262 2085 statuit.

1105 2100 1132 2140 ξ.
1153 2099 1206 2129 52.
1253 2109 1327 2130 ‘num
1353 2101 1489 2140 dubitas]
1527 2098 1715 2130 Sententiae
1749 2097 1796 2129 sic

1036 2142 1106 2172 fere
1131 2141 1325 2173 cohaerent:
1353 2144 1509 2174 Omnibus
1533 2143 1715 2174 hominibus
1739 2142 1795 2173 in-

1037 2193 1128 2216 natas
1154 2197 1223 2216 esse
1247 2187 1401 2218 maximas
1432 2199 1523 2217 curas
1548 2199 1678 2228 eorum,
1711 2198 1794 2230 quae

1038 2237 1111 2271 post
1131 2238 1268 2261 mortem
1289 2232 1397 2262 futura
1417 2232 1491 2269 sint,
1519 2243 1615 2274 quum
1634 2232 1695 2262 alia
1711 2243 1793 2272 pro-

1039 2276 1136 2311 baut,
1174 2287 1190 2305 e
1215 2276 1329 2318 quibus
1358 2288 1417 2307 nos
1443 2277 1550 2307 futura
1576 2276 1673 2306 etiam
1700 2276 1793 2318 cogi-

1036 2326 1106 2350 tare
1126 2327 1274 2361 apparet,
1298 2327 1366 2351 tum
1388 2321 1527 2352 maxime
1544 2321 1577 2357 ii,
1602 2321 1655 2364 qui
1676 2332 1711 2351 se
1733 2331 1794 2351 na—

1037 2371 1089 2395 tos
1114 2364 1154 2395 ad
1180 2364 1339 2396 iuvandos
1364 2366 1511 2398 homines
1537 2366 1747 2397 arbitrantur.

1104 2412 1255 2448 specimen
1269 2413 1414 2451 naturae}
1433 2411 1622 2453 Exemplum
1639 2409 1790 2453 muster)

1039 2454 1191 2496 cuiusque
1225 2455 1270 2486 rei
1307 2456 1377 2498 capi
1402 2456 1501 2487 debet
1536 2468 1573 2486 ex
1609 2455 1671 2493 eis,
1711 2465 1792 2498 quae

1038 2499 1162 2541 optima
1182 2506 1257 2530 sunt
1276 2500 1308 2530 in
1330 2512 1456 2543 quaque
1475 2513 1519 2532 re.
1568 2503 1603 2531 In
1624 2500 1793 2531 hominum

1037 2550 1145 2575 autem
1178 2556 1296 2587 genere
1329 2546 1488 2576 humanae
1520 2552 1653 2576 naturae
1680 2556 1794 2575 exem-

1037 2589 1124 2632 plum
1151 2597 1289 2632 apparet
1310 2590 1448 2621 maxime
1472 2590 1503 2620 in
1531 2590 1593 2627 eis,
1630 2589 1683 2632 qui
1707 2589 1793 2621 alio-

1037 2646 1105 2665 rum
1126 2634 1306 2665 commodis
1320 2634 1468 2664 iuvandis
1486 2635 1585 2665 vitam
1606 2646 1695 2665 suam
1711 2645 1794 2665 con-

1037 2686 1175 2710 secrant.
1227 2679 1249 2709 li
1275 2690 1352 2710 vero
1377 2690 1441 2709 non
1462 2691 1592 2721 semper
1614 2679 1644 2709 in
1667 2678 1794 2710 labori-

1037 2724 1095 2755 bus
1122 2731 1153 2755 et
1177 2723 1325 2766 periculis
1350 2723 1516 2761 viverent,
1544 2723 1604 2754 nisi
1627 2723 1658 2753 in
1682 2733 1792 2753 eorum

1037 2769 1199 2800 mentibus
1234 2768 1383 2798 haereret
1419 2779 1492 2809 spes
1527 2767 1791 2798 immortalitatis.

1039 2815 1122 2856 Ergo
1156 2824 1193 2844 ex
1219 2812 1342 2855 optima
1366 2812 1533 2843 hominum
1563 2819 1675 2842 natata
1701 2812 1790 2854 opti-

1036 2869 1123 2888 mum
1157 2857 1197 2888 de
1229 2856 1410 2888 animorum
1439 2856 1685 2888 immortalitate
1719 2856 1793 2888 duci

1037 2909 1131 2944 potes
1135 2909 1147 2933 t
1172 2908 1406 2943 argumentum.

1104 2949 1175 2987 capi
1198 2947 1315 2987 deceat]
1341 2945 1396 2977 Sic
1419 2952 1508 2977 recte
1533 2957 1559 2977 c.
1583 2946 1639 2977 W.
1663 2947 1792 2979 Orellius
