1832 3137
599 47 762 82 Linea
790 47 813 77 1.
843 44 904 86 14,
928 41 983 75 31.

11 145 82 186 ris.

14 226 100 268 tur3

15 305 128 340 eum,
177 299 288 341 quem
320 281 552 329 dileximus,

16 363 180 405 sentire.

19 450 92 492 que
123 432 315 475 doctrina.

1522 17 1578 62 79

144 138 275 181 Nemo
297 135 399 177 enim
422 137 571 173 maeret
593 142 663 170 suo
679 130 698 154 ⁷
724 122 996 171 incommodo3
1031 118 1162 159 dolent
1184 116 1351 155 fortasse
1370 117 1410 151 et
1428 121 1579 162 angun-

143 213 211 255 sed
238 212 301 252 illa
329 206 502 262 lugubris
528 200 752 245 lamentatio
779 198 969 250 fletusque
992 203 1173 233 maerens
1200 202 1253 228 ex
1276 200 1323 227 eo
1351 191 1433 234 est,
1479 180 1581 236 quod

595 275 701 317 vitae
734 269 946 312 commodis
979 266 1171 322 privatum
1203 260 1437 302 arbitramur
1466 255 1582 309 idque

244 359 374 411 Atque
397 355 494 395 liaeo
511 356 529 379 ⁸
554 351 606 391 ita
629 345 818 389 sentimus
842 349 980 382 natura
1005 340 1127 388 duce,
1162 335 1266 377 nulla
1286 332 1438 374 ratione
1460 328 1584 370 nulla-

133 505 252 548 XlV.
304 509 373 545 51.
405 498 625 542 Maximum
651 505 748 534 vero
779 492 1050 544 argumentum
1074 489 1155 533 est,
1190 487 1366 521 naturam
1391 477 1514 532 ipsam
1540 474 1587 514 de

23 580 312 624 immortalitate
341 576 554 617 animorum
591 567 745 609 tacitam
773 563 970 610 iudicare,
1005 557 1102 612 quod
1137 554 1313 594 omnibus
1340 563 1456 591 curae
1480 555 1586 598 sunt,

27 664 66 699 et
80 654 274 698 maximae
292 654 307 678 1
332 648 500 704 quidem,
525 655 622 698 quae
642 645 729 696 post
747 643 910 678 mortem
931 635 1060 674 futura
1077 629 1153 670 siut
1167 631 1182 655 1
1195 658 1203 666 .

118 765 140 799 7
166 764 252 797 Gud.
272 762 304 795 2.
330 764 421 794 sine
446 757 660 795 incommocl03

30 814 63 847 b.
88 814 119 856 (a
142 823 193 854 pr.
216 809 275 851 m.)
300 806 405 839 Rehd.
428 801 558 837 Gud.2.
583 811 648 832 uuo
675 801 735 833 Ox.

32 865 66 891 et
91 857 166 890 edd.
190 861 273 888 vett.
297 855 382 885 haec.
432 853 447 883 1
474 861 505 881 v.
531 846 616 880 Adn.

31 927 92 958 bus
113 935 210 956 nemo
230 920 404 964 reperitur,
430 917 483 960 qui
501 925 634 947 suorum
654 917 796 943 mortem

34 983 98 1003 non
123 982 163 1001 eo
190 969 319 1010 lugeat,
353 963 443 1007 quod
468 973 523 993 eos
549 959 684 991 orbatos
711 955 798 987 vitae

37 1013 218 1048 commodis
232 1011 420 1043 arbitretur.
457 1005 603 1038 Credunt
619 1003 719 1045 igitur
732 1001 798 1031 ho—

37 1061 160 1098 mines,
200 1057 390 1089 amissorum
425 1052 512 1083 vitae
550 1046 801 1080 commodorum

39 1116 169 1137 sensum
193 1102 236 1134 ad
259 1106 408 1132 mortuos
434 1095 608 1139 pertinere,
634 1099 732 1134 atque
756 1090 801 1120 ita

41 1151 167 1182 animos
192 1153 269 1190 post
293 1151 434 1176 mortem
460 1149 663 1184 permanere.
711 1136 802 1173 Quae

44 1194 157 1237 opinio
178 1192 239 1224 nisi
262 1191 295 1222 in
317 1188 484 1220 hominum
505 1182 621 1216 animis
643 1182 803 1217 haereret,

45 1240 87 1272 ob
111 1245 259 1270 mortuos
280 1233 456 1266 maximum
480 1230 571 1261 illum
590 1228 715 1258 luctum
739 1235 805 1255 nou

43 1284 260 1325 susciperent.

110 1331 247 1368 primum
267 1335 327 1356 non
347 1333 379 1355 eo
401 1324 514 1361 luyeass
533 1316 630 1359 quod]
654 1315 731 1346 Non
752 1324 808 1344 se-

47 1373 158 1418 quitur
181 1372 302 1409 deinde,
327 1370 511 1408 interrupta
538 1361 699 1396 oratione,
726 1368 808 1401 quae

47 1420 94 1451 sic
117 1417 254 1452 orditur,
280 1427 319 1445 ac
339 1413 365 1444 si
386 1417 558 1454 sequatur:
586 1407 706 1444 deinde,
727 1404 809 1443 quod

48 1475 137 1503 eum,
174 1471 262 1502 quem
295 1461 480 1495 dileximus,
525 1455 608 1486 vitae
643 1450 811 1482 commodis

47 1512 208 1550 privatum
229 1516 259 1537 se
284 1506 412 1542 sentire,
435 1503 631 1532 arbitremur.
681 1495 718 1526 V.
739 1492 810 1525 Ad-

49 1559 165 1586 notata
189 1552 221 1583 in
247 1551 303 1582 IV.
327 1549 389 1587 35,
415 1544 468 1580 ἰ’-’1.
505 1563 545 1568 —-
583 1543 631 1572 De
655 1551 722 1582 seq.
748 1538 813 1569 im-

53 1598 203 1641 perativo
227 1598 295 1628 tolle
319 1604 379 1636 pro
400 1588 624 1623 enuntiatione
646 1583 814 1617 conditio-

53 1643 118 1676 nali
140 1641 248 1686 posito
268 1652 299 1671 v.
319 1638 361 1670 ad
383 1639 405 1670 Ι.
421 1638 474 1674 ¹22,
499 1636 551 1666 52.
573 1639 605 1663 et
622 1633 661 1662 ΙΙ.
683 1630 721 1662 12
735 1654 742 1665 ,
760 1630 814 1660 'lti-

120 1686 250 1729 maeret]
282 1686 330 1715 De
354 1684 420 1714 hoc
444 1693 473 1712 v.
499 1678 623 1721 optime
649 1676 817 1714 Seyfferlus

55 1734 96 1766 ad
122 1732 212 1764 Lael.
235 1732 276 1768 ὃ,
307 1730 354 1761 11.
377 1740 410 1770 p.
427 1727 486 1759 ὑὸς
525 1725 674 1764 „Maeror
698 1720 740 1750 ist
765 1717 817 1748 die

56 1781 123 1819 liese
150 1774 359 1812 Betrssbniss,
394 1772 447 1802 die
470 1766 673 1803 Wehmuth,
708 1764 761 1794 die
786 1762 818 1792 in

56 1822 250 1867 Sympathie
285 1820 338 1851 fur
371 1815 514 1849 srerndes
547 1810 698 1853 Ungluck
733 1819 819 1838 wur-

58 1869 142 1905 zelt;
168 1868 262 1898 ssetus
282 1873 435 1902 maerens,
458 1858 613 1892 Thriinen
634 1855 693 1886 der
711 1852 822 1884 weh-

58 1913 162 1945 muth.
211 1909 396 1950 Allerdings
430 1905 520 1948 gicht
553 1902 622 1933 sicli
657 1899 715 1929 der
738 1906 823 1928 mae-

60 1969 111 1991 ror
144 1954 322 1988 {iusserlieh
357 1964 394 1983 zu
433 1950 620 1983 erkenneu,
659 1944 737 1975 aber
764 1953 824 1972 nur

62 2004 121 2034 auf
141 2009 280 2032 stumme
306 1997 371 2028 und
397 1992 629 2027 unmittellmre
653 1988 766 2020 lVeise
791 1986 824 2016 in

63 2048 185 2083 Miene,
202 2041 472 2086 Kiirperlmliung
487 2037 552 2070 und
567 2034 721 2077 Sprache,
736 2031 823 2062 wah-

64 2091 146 2124 rend
172 2091 230 2121 der
253 2092 351 2121 luctus
375 2087 407 2117 in
436 2085 538 2116 lautvr
561 2078 824 2119 lammerklagen

67 2137 148 2169 oder
162 2131 453 2167 konventionellen
467 2127 607 2161 Zeichen
626 2126 685 2156 der
700 2125 825 2155 Trauer

65 2182 135 2214 sich
159 2180 318 2212 aussert.“
356 2176 408 2208 Cf.
432 2176 519 2206 iufra
545 2173 598 2204 lV.
622 2172 661 2207 ὅ,
691 2168 741 2201 18.
784 2165 825 2198 ad

67 2226 167 2259 Attic.
184 2226 261 2264 XII,
285 2223 340 2256 ’28-
365 2229 536 2253 maerorem
556 2215 667 2253 minui,
692 2215 828 2245 dolorem

69 2283 129 2303 nec
152 2270 266 2313 potui,
293 2279 353 2299 nec
368 2291 377 2305 ,
401 2266 427 2297 si
453 2275 603 2307 possem,
629 2260 758 2291 vellem.

136 2317 223 2347 nulla
240 2316 358 2344 ratione
375 2313 521 2350 nullaque
542 2304 697 2348 doctrina]
724 2306 830 2345 Saepe

71 2362 152 2391 ratio
177 2365 210 2389 et
233 2359 373 2389 doctrina
398 2354 595 2393 iunguntur,
626 2357 660 2381 ut
683 2351 764 2381 ratio
788 2348 831 2379 sit

74 2411 163 2436 recta
187 2403 249 2440 via,
276 2411 372 2443 quam
395 2398 428 2429 in
449 2395 612 2428 discendis
631 2394 754 2426 artibus
777 2393 831 2423 in—

73 2449 225 2486 sistimus,
251 2447 391 2478 doclrina
413 2449 519 2474 autem
543 2439 668 2470 dicatur
692 2438 748 2469 illa
773 2449 833 2468 co-

74 2493 199 2537 gnitio,
225 2502 321 2535 quam
347 2487 506 2520 discendo
530 2483 735 2526 acquirimus.
781 2481 835 2512 Sic

75 2539 163 2571 infra
189 2539 246 2569 HI.
273 2539 299 2574 l,
325 2538 356 2570 2,
381 2535 421 2564 (le
441 2532 539 2563 Oi'tic.
565 2532 585 2560 l.
612 2528 665 2563 26,
691 2526 744 2558 90.
782 2525 835 2557 Sic

75 2594 192 2627 graece
226 2579 324 2623 λόγος
354 2578 412 2612 καὶ
443 2575 588 2610 παιδεία.
639 2573 676 2604 V.
705 2573 836 2609 Wytlen-

77 2631 163 2661 bach.
198 2626 308 2659 Schol.
331 2624 364 2655 in
391 2624 432 2655 N.
458 2623 496 2653 Ι).
527 2623 547 2652 l.
570 2619 601 2650 3.
627 2630 658 2660 p.
683 2616 756 2649 71³5.
784 2615 835 2645 Cr.

78 2673 234 2705 Similiter
252 2680 348 2714 supra
370 2681 394 2700 c⁴
415 2669 441 2707 1,
460 2667 486 2698 l.
508 2668 588 2698 ratio
608 2667 633 2694 et
652 2661 838 2699 disciplina:

81 2718 134 2749 ubi
158 2730 188 2751 v.
221 2716 342 2748 Aduot.
399 2715 492 2744 Loco
517 2716 631 2742 nostro
662 2702 838 2738 consimilis

83 2768 132 2793 est
161 2763 196 2794 C.
217 2762 258 2794 de
282 2759 390 2792 Divin.
416 2759 438 2790 l.
460 2760 501 2794 2,
526 2754 563 2787 4:
591 2764 687 2796 quum
713 2748 839 2780 duobus

82 2805 186 2857 modis
203 2805 312 2843 animi,
337 2807 402 2836 sine
416 2805 535 2835 ratione
550 2804 576 2832 el
590 2799 728 2834 scientia,
749 2800 841 2825 motu

83 2850 146 2894 lpsi
169 2862 247 2890 suo,
271 2850 380 2882 soluto
405 2854 438 2879 et
463 2847 566 2878 libero
591 2842 818 2874 incitarentur.

153 2906 231 2939 Cn.
252 2906 344 2938 XIV.
376 2907 404 2949 ξ.
429 2903 482 2936 31.
534 2898 675 2941 tacitam]
703 2894 842 2928 Gravius

684 751 785 784 Mich.
800 748 937 782 Weber.
965 743 1050 777 coni.
1073 751 1199 774 suorum
1219 738 1389 771 commodo.

758 795 836 828 Bak.
861 799 894 825 et
921 791 972 823 ed.
999 789 1057 821 vit.
1082 788 1123 821 H.
1147 785 1229 828 legit
1249 786 1326 824 hoc,·
1352 778 1471 823 reliqui
1495 776 1594 810 codd.

1252 624 1372 666 Serit
1391 622 1590 671 arbores,

1437 732 1459 766 8
1484 735 1539 764 Or.
1566 743 1593 763 c.

837 918 896 950 pro
926 906 1015 936 tacite
1045 900 1169 932 dietum
1197 909 1290 936 esse,
1328 900 1418 927 recte
1443 892 1598 924 observat

836 951 972 990 Wolfius.
1033 947 1084 977 Cf.
1110 945 1293 977 Ramshorn.
1319 942 1358 972 L.
1385 939 1444 970 Gr.
1466 939 1496 982 §.
1518 933 1596 967 203.

834 997 855 1028 l.
882 1008 908 1027 c.
957 994 1093 1025 Kithner.
1119 991 1155 1020 L.
1176 990 1231 1020 Gr.
1259 990 1287 1030 §-
1311 985 1393 1023 109,
1417 984 1449 1015 ὃ.

903 1040 1042 1070 omnibus
1067 1044 1158 1067 curae
1184 1036 1273 1071 suni,
1299 1034 1325 1061 ct
1349 1030 1508 1060 maximae
1532 1025 1600 1064 qui-

837 1084 921 1126 dem]
948 1082 1001 1113 sic
1025 1083 1078 1112 Or.
1100 1091 1126 1110 c.
1146 1077 1230 1109 Gud.
1251 1078 1278 1108 l.
1297 1077 1328 1106 2.
1355 1072 1468 1104 Duisb.
1495 1067 1602 1101 Rehd.

839 1137 872 1161 et
896 1125 1061 1160 nonnullis
1085 1123 1160 1155 edd.
1186 1128 1267 1154 vett.
1294 1130 1354 1163 pro
1377 1117 1509 1159 vulgata
1532 1123 1602 1145 ma-

839 1178 944 1207 xime:
969 1182 1051 1214 quae
1074 1169 1268 1201 adversatur
1292 1159 1521 1196 consuetudini
1546 1158 1604 1189 Ci-

843 1218 982 1255 cei-onis,
1003 1215 1057 1258 qui
1077 1224 1145 1245 non
1165 1211 1264 1243 dicit:
1291 1207 1415 1251 aliquid
1433 1205 1514 1237 mihi
1530 1203 1605 1235 val-

843 1265 895 1303 de,
920 1262 1034 1303 magis,
1060 1259 1176 1295 minus,
1200 1255 1363 1294 maxime,
1388 1251 1522 1283 minime
1545 1259 1606 1279 cu-

843 1321 898 1341 rae
923 1314 983 1346 est,
1007 1305 1083 1337 sed:
1111 1301 1233 1345 aliquid
1256 1298 1336 1331 mihi
1358 1307 1508 1339 magnae,
1532 1305 1607 1324 ma-

843 1354 906 1386 iori
933 1353 1024 1394 (ete.)
1056 1360 1152 1381 curae
1187 1353 1247 1377 est.
1305 1346 1405 1376 Moser
1438 1343 1608 1381 comparat

846 1411 894 1431 or.
917 1397 959 1430 ad
976 1397 1067 1436 Quir.
1092 1406 1123 1437 p.
1144 1391 1226 1423 Red.
1245 1390 1277 1427 9,
1307 1390 1362 1421 12:
1393 1385 1473 1417 mihi
1493 1381 1609 1415 maiori

847 1456 942 1476 curae
960 1449 1020 1473 est.
1052 1441 1147 1471 Verr.
1163 1438 1217 1468 IV.
1230 1436 1284 1473 33,
1305 1433 1366 1467 73:
1390 1441 1528 1473 maguae
1550 1439 1610 1460 cu-

847 1501 901 1521 rae
925 1487 986 1519 sibi
1013 1486 1096 1517 sore.
1145 1484 1235 1514 Fam.
1258 1481 1313 1518 X,
1342 1479 1378 1510 l:
1405 1475 1483 1508 mihi
1504 1473 1611 1505 maxi-

848 1546 920 1566 mae
942 1543 1038 1565 curae
1060 1536 1119 1562 est.
1159 1531 1228 1559 Att.
1249 1527 1273 1565 I,
1301 1527 1329 1556 1.
1352 1533 1440 1565 prc.:
1466 1529 1612 1551 summae

849 1591 945 1612 curae
970 1588 1050 1609 esse.

918 1633 997 1665 quoe
1021 1624 1090 1662 post
1113 1622 1239 1650 mortem
1269 1617 1376 1656 sutura
1405 1612 1479 1652 sint]
1515 1607 1614 1641 Pauci

852 1669 948 1703 codd,
975 1666 1155 1698 deteriores
1180 1669 1213 1693 et
1231 1658 1407 1693 nonnullae
1429 1655 1505 1687 edd.
1530 1660 1613 1686 vett.

851 1716 976 1748 habeut
996 1715 1077 1750 suut,
1098 1708 1187 1752 quod
1204 1706 1268 1739 loci
1289 1701 1472 1736 sententiae
1493 1699 1616 1731 adver-

854 1767 955 1792 satur.
1003 1755 1163 1788 Homines
1196 1752 1282 1783 enim
1315 1760 1382 1780 non
1419 1751 1533 1777 curant
1566 1755 1615 1782 ea,

855 1816 937 1849 quae
961 1808 1036 1846 post
1057 1806 1196 1831 mortem
1220 1797 1330 1827 futura
1350 1798 1437 1829 sunt,
1461 1789 1520 1821 sed
1542 1789 1618 1829 quid

853 1862 887 1892 p.
912 1860 953 1880 m.
978 1850 1120 1888 futurum
1143 1845 1193 1874 sit.

928 1895 1007 1926 Seri!
1031 1893 1173 1927 arbores,
1211 1895 1290 1926 quae
1312 1885 1401 1916 alleri
1423 1881 1523 1913 seculo
1545 1888 1619 1919 pro-

857 1940 931 1980 sint]
960 1937 993 1968 Si
1017 1935 1191 1967 verborum
1217 1932 1304 1962 alteri
1329 1935 1362 1959 et
1384 1928 1504 1966 prosint
1524 1923 1620 1955 sedes

860 1988 1074 2029 permutetur,
1101 1977 1188 2010 effici
1215 1974 1320 2019 possit
1339 1971 1496 2004 iambicus
1520 1979 1621 2000 sena-

859 2030 940 2062 rius:
969 2029 1049 2059 Serit
1071 2026 1207 2061 cirbores,
1230 2029 1309 2061 quae
1331 2019 1409 2049 seclo
1430 2017 1549 2055 prosint
1574 2014 1621 2045 cil-

858 2078 923 2108 teri.
961 2072 1103 2113 Antique
1119 2078 1250 2109 semper
1264 2066 1389 2102 seclum,
1409 2063 1544 2093 vinclum
1558 2065 1623 2090 etc.

861 2119 991 2158 dicitur,
1018 2115 1066 2147 uti
1086 2115 1119 2145 iu
1143 2111 1275 2155 optimis
1295 2108 1391 2140 codd.
1415 2105 1545 2148 legitur.
1583 2104 1623 2135 V.

862 2169 1007 2197 Goerenz.
1028 2160 1070 2192 ad
1093 2160 1193 2201 Legg.
1218 2157 1257 2188 11.
1282 2154 1337 2192 ¹23,
1362 2152 1415 2185 59.
1440 2163 1474 2194 p.
1494 2150 1566 2181 195.
1590 2155 1625 2179 et

862 2211 992 2242 Ellendt.
1018 2206 1060 2238 ad
1085 2205 1125 2235 de
1151 2206 1206 2234 Or.
1233 2203 1257 2232 1.
1283 2197 1348 2237 43,
1377 2194 1448 2229 194.
1495 2193 1572 2225 Vol.
1598 2194 1624 2224 Ι.

863 2268 894 2298 p.
925 2250 1016 2289 134.;
1053 2258 1238 2293 quanquam
1266 2243 1366 2275 etiam
1390 2240 1492 2271 altera
1518 2238 1627 2269 forma

862 2301 1022 2333 vinculum
1045 2296 1160 2326 Cicero
1182 2302 1255 2323 usus
1281 2294 1341 2325 est,
1367 2284 1414 2316 uti
1436 2285 1471 2314 V.
1495 2282 1551 2320 29,
1572 2282 1627 2315 52,

866 2354 979 2377 omnes
1004 2340 1079 2372 libri
1103 2338 1227 2369 habent
1249 2334 1385 2365 vincula.
1446 2329 1570 2359 Censor
1592 2326 1627 2358 in

870 2389 1042 2431 Ephemer.
1092 2379 1302 2419 Heidelberg.
1348 2372 1441 2407 1536.
1482 2384 1513 2415 p.
1535 2369 1626 2412 964„

869 2437 1046 2477 praeeunte
1068 2431 1105 2459 G.
1129 2428 1307 2458 Hermanno
1329 2421 1362 2452 in
1383 2418 1521 2461 Ephem.
1537 2416 1629 2459 Lips.

874 2483 966 2516 1:715).
995 2491 1026 2521 p.
1053 2477 1148 2514 171„
1173 2474 1328 2506 creticum
1353 2480 1481 2501 versum
1508 2467 1628 2510 (Lu-)

872 2529 1063 2569 constituit,
1088 2525 1189 2557 verbo
1214 2526 1286 2556 serit
1309 2521 1351 2553 ad
1375 2519 1630 2551 antecedentem

874 2586 1001 2607 versum
1014 2579 1122 2604 tracto
1143 2577 1177 2602 et
1191 2570 1309 2610 prosint
1329 2567 1360 2597 in
1377 2568 1522 2606 prostent,
1542 2562 1631 2606 quod

873 2623 904 2653 in
933 2621 1004 2651 Cat.
1028 2617 1093 2649 Mai
1124 2617 1153 2658 ξ.
1174 2612 1228 2646 2-1.
1262 2611 1400 2654 margini
1436 2609 1559 2641 codicis
1593 2609 1630 2639 R.

874 2665 972 2697 seculi
995 2662 1071 2695 noni
1087 2660 1289 2701 adscriptum
1312 2664 1370 2695 est,
1393 2662 1534 2686 mutato.
1568 2652 1633 2684 Sed

874 2710 1056 2742 accedimus
1087 2705 1270 2738 sententiae
1296 2703 1452 2742 Spen9elii
1484 2699 1528 2741 (in
1554 2697 1634 2729 edit.

875 2757 1026 2797 fragmm.
1067 2751 1185 2784 Caecil.
1229 2751 1312 2780 Stat.
1363 2747 1491 2777 Monac.
1540 2740 1634 2775 1329.

876 2814 907 2845 p.
927 2800 1015 2840 ost),
1054 2797 1107 2841 qui
1132 2796 1174 2827 ad
1198 2794 1278 2826 alios
1304 2790 1399 2823 Statii
1426 2800 1555 2825 versus,
1581 2784 1636 2828 qui

876 2852 951 2879 sunt
968 2845 1009 2876 N.
1029 2845 1068 2875 D.
1085 2843 1110 2873 1.
1125 2841 1157 2879 6,
1182 2840 1232 2873 13.
1256 2838 1338 2869 haec
1362 2834 1473 2867 addit:
1500 2844 1517 2863 e
1539 2841 1634 2868 nexu,

877 2903 959 2935 quae
981 2902 1032 2932 ap.
1060 2886 1180 2920 Caecil.
1206 2889 1320 2922 erant,
1345 2879 1443 2912 solvit
1465 2876 1578 2909 Cicero
1603 2881 1637 2907 et
