1863 3221
221 95 305 139 350

796 99 958 132 LIBER
983 99 1039 133 lv.
1067 98 1128 139 15,
1152 98 1210 133 34.

222 193 282 226 est
312 183 467 225 affectio
498 181 615 222 animi
649 185 832 220 constans
867 178 1206 231 conveniensque,
1249 178 1459 219 laudabiles
1494 178 1663 219 efficiens
1692 190 1787 228 e05,·

223 259 259 298 in
283 257 419 311 quibus
444 262 527 304 est,
574 261 612 293 et
631 253 716 307 ipsa
740 265 809 306 per
834 265 900 301 se,
944 265 1014 291 sua
1040 259 1202 305 sponte,
1249 259 1425 305 separata
1457 252 1572 293 etiam
1598 252 1778 302 utilitate,

222 329 421 371 laudabilis
435 345 444 378 3

501 341 555 366 ex
605 339 651 365 ea
698 325 995 379 proficiscuntur
1041 324 1227 364 honestae
1259 324 1500 375 voluntates,
1541 325 1775 373 sententiae,

221 404 395 444 actiones
415 400 615 452 omnisque
637 404 743 437 recta
768 397 890 448 ratio,
925 411 1142 450 quanquam
1166 397 1249 450 ipsa
1276 397 1399 437 virtus
1421 397 1652 437 brevissime
1672 403 1781 436 reeta

222 476 320 516 ratio
346 474 419 514 (lici
443 479 585 527 potest.

647 470 773 510 Huius
805 470 924 524 igitur
949 470 1104 510 virtutis
1142 470 1339 509 contraria
1363 479 1424 510 est
1444 470 1662 519 vitiositas,
1705 469 1780 522 (sic

221 549 320 588 enim
343 546 459 595 malo,
493 559 605 599 quain
631 544 815 584 malitiam
839 544 1030 597 appellare
1057 557 1158 592 eam,
1194 557 1305 596 quam
1324 541 1465 583 Graeci
1488 544 1629 582 κακίαν
1650 542 1780 596 appel-

220 621 323 669 lant,
355 633 441 659 nam
460 617 605 658 malitia
629 617 724 657 certi
742 616 941 656 cuiusdam
968 616 1050 655 vitii
1074 630 1213 655 nomen
1243 623 1317 665 est,
1350 616 1543 655 vitiositas
1568 615 1779 668 omniurn3)

220 708 272 734 ex
298 706 368 746 qua
391 692 666 732 concitantur2
698 689 1037 743 perturbationes,
1073 703 1169 742 quac
1198 695 1311 738 sunt,
1347 696 1387 728 ut
1410 689 1537 742 paullo
1563 696 1652 728 ante
1679 688 1780 728 dixi-

220 781 328 816 mus,
371 764 511 804 turbidi
537 763 751 803 animorum
782 762 1040 814 concitatique
1064 769 1213 810 motuS,
1263 762 1392 801 aversi
1420 775 1440 801 a
1468 761 1619 801 ratione
1646 768 1684 801 et
1706 760 1781 800 ini-

220 838 418 879 micissimi
451 837 591 877 mentis
627 837 804 889 vitaeque
833 834 1080 888 tranquillae.

308 956 329 989 2
354 969 384 988 v.
410 956 492 987 Adn.

219 1031 294 1068 post
333 1022 545 1066 parenthesin
587 1020 830 1063 perspicuitatis
871 1031 982 1052 caussa

218 1080 317 1100 unum
338 1067 390 1098 vel
410 1067 503 1109 plura
518 1066 677 1097 vocabula
692 1072 895 1108 repetuntur,
919 1064 980 1096 ad—

219 1113 296 1144 ditis
328 1111 495 1154 particulis
527 1114 641 1151 igitur,
677 1120 757 1150 er90.
809 1110 859 1141 Cf.
884 1121 980 1151 supra

218 1160 244 1190 I.
266 1158 296 1195 7,
326 1156 375 1190 14.
425 1156 580 1197 Exempla
615 1155 824 1186 coacervavit
849 1157 982 1187 Scheller

217 1203 249 1234 iu
272 1204 441 1244 Praecept.
465 1200 531 1232 stili
557 1199 665 1231 Latini
685 1201 725 1231 T.
747 1201 784 1231 11.
808 1211 840 1241 p.
855 1200 920 1231 599
932 1210 979 1241 sq.

219 1247 331 1278 Oratio
356 1253 464 1278 autem
488 1245 595 1276 hiulca
617 1250 686 1282 est,
712 1245 773 1275 nisi
796 1244 884 1275 forte
908 1255 980 1275 cum

217 1292 367 1323 Manutio
393 1291 440 1322 sic
463 1290 572 1332 legere
601 1289 727 1331 placet:
765 1290 909 1329 quando,
945 1295 981 1319 ut

217 1339 289 1368 aliis
309 1339 382 1368 locis
401 1338 438 1367 de
458 1345 486 1367 v.
510 1341 542 1366 et
561 1336 710 1373 diximus,
733 1338 760 1365 et
780 1343 871 1372 saepe
893 1335 923 1364 st.
945 1343 982 1371 e.,

218 1381 269 1413 vel
292 1381 402 1424 potius
425 1380 489 1411 sic:
526 1381 670 1419 quando,
705 1385 739 1408 ut
764 1383 790 1409 et
813 1380 885 1409 aliis
908 1380 982 1408 locis

217 1427 248 1457 ἀ.
271 1436 300 1457 υ.
325 1428 481 1463 diximus,
518 1428 545 1455 et
566 1433 590 1455 s.
613 1425 644 1454 d.
670 1432 694 1454 e.
742 1423 834 1462 Quae
866 1433 981 1452 emen-

218 1470 309 1501 datio
332 1470 373 1500 (le
398 1480 469 1500 mea
489 1467 622 1510 quidem
643 1467 807 1498 sententia
828 1477 980 1508 magnam

217 1526 297 1558 prae
318 1526 352 1545 se
375 1514 440 1544 sert
462 1513 606 1543 veritatis
627 1512 780 1553 speciem,
807 1523 905 1554 quum
925 1512 977 1542 sa-

221 1559 281 1590 cile
305 1563 338 1590 ut
367 1558 408 1590 ob
431 1569 568 1600 sequens
592 1561 619 1588 et
641 1556 791 1588 excidere
813 1556 976 1599 potuerit,

217 1615 353 1646 eamque
365 1602 549 1634 necessario
564 1602 746 1643 efflagitare
758 1601 886 1632 videtur
899 1612 976 1631 sen-

216 1649 393 1680 tentiarum
426 1659 536 1678 nexus.
586 1646 733 1688 Denique
765 1646 806 1676 de
839 1646 975 1677 coniun-

218 1693 326 1725 ctione
345 1694 470 1733 quando
493 1691 732 1723 observandum
746 1697 805 1727 est⁷
830 1702 901 1721 earn
916 1701 976 1732 pro

215 1741 361 1778 quoniam
391 1737 441 1768 vel
467 1737 717 1776 quandoquidem
748 1735 850 1766 rarius
877 1747 895 1766 a
921 1735 978 1765 Ci—

217 1794 336 1814 cerone
357 1780 503 1823 usurpari
530 1780 681 1821 <ofellius
699 1780 797 1811 affert
815 1791 873 1822 pro
894 1780 975 1810 Cae-

216 1827 287 1858 cina
313 1826 410 1870 §.3l.
449 1824 560 1856 parad.
582 1826 622 1863 V,
652 1825 678 1856 1.
715 1826 754 1855 N.
780 1825 816 1855 D.
843 1826 898 1862 111,
926 1824 976 1857 17.

218 1872 268 1904 Cf.
289 1873 473 1903 Ramshorn.
496 1872 523 1913 §-
544 1869 614 1902 191.
640 1881 671 1911 p.
687 1871 761 1901 3:50.
785 1869 835 1900 ed.
852 1871 896 1907 2.)
911 1894 918 1906 ‚
945 1876 978 1900 et

215 1916 379 1959 plerisque
410 1916 443 1946 in
472 1915 554 1946 locis
578 1926 595 1945 a
626 1913 766 1945 librariis
791 1921 979 1956 corruptam

215 1972 297 1991 esse.
345 1961 485 2002 Propter
519 1958 791 2001 compendiorum
823 1959 978 1990 similitu-

215 2006 326 2036 dinem
341 2007 467 2044 quando
489 2010 522 2035 et
538 2006 684 2043 quoniam
705 2003 737 2034 in
762 2003 858 2035 codd.
880 2015 978 2046 saepe

214 2056 401 2091 permutata
437 2055 531 2084 sunt,
576 2048 622 2077 uti
656 2048 688 2078 h.
718 2047 738 2078 l.
771 2059 832 2089 pro
866 2049 978 2090 priore

216 2093 341 2131 Rehd,
374 2104 434 2134 pro
460 2090 642 2133 posteriore
666 2103 746 2122 unus
773 2094 830 2124 Ox.
856 2093 979 2123 habent

215 2140 371 2178 quoniam.
408 2137 531 2167 Charis.
555 2147 606 2177 ap.
630 2136 759 2166 Putsch.
781 2148 813 2177 p.
829 2136 882 2169 ὃὸ.
905 2144 976 2168 tra-

217 2182 284 2213 dit:
321 2184 447 2221 quando
469 2187 564 2212 acuta
585 2180 689 2222 prima
720 2180 846 2222 syllaba
870 2181 977 2212 inter—

215 2226 421 2268 rogationem
443 2225 602 2267 temporis
625 2224 804 2267 significat3
830 2225 888 2256 sed
913 2237 978 2267 po—

213 2272 351 2303 steriore
370 2278 463 2302 acuta
480 2274 626 2310 quoniam
648 2269 698 2300 vel
715 2271 976 2310 quandoquidem.

217 2316 318 2347 Addit
340 2318 439 2347 Moser
461 2315 561 2346 Beier.
582 2314 624 2345 ad
649 2314 682 2345 C.
706 2316 793 2345 Brut.
816 2316 876 2350 55,
900 2315 975 2346 201.

214 2373 283 2402 pre.
321 2372 352 2402 p.
375 2362 441 2391 ‘392
459 2371 507 2402 sq.
543 2359 593 2390 ed.
622 2359 720 2390 Orell.
754 2358 832 2389 ibid.
857 2359 974 2400 Topic.

215 2407 254 2441 V,
279 2405 333 2436 26.
360 2416 391 2446 p.
408 2404 473 2437 <30¹7
488 2415 537 2446 sq.
574 2403 751 2442 Quomodo
775 2410 884 2434 autem
909 2407 976 2435 Otto

217 2449 257 2480 ad
290 2449 360 2479 Fin.
387 2450 409 2479 Ι.
435 2447 474 2487 4,
503 2451 553 2481 10.
587 2460 618 2491 p.
647 2449 694 2480 15.
712 2473 719 2485 ,
755 2451 879 2488 quando
916 2449 977 2480 hac

216 2499 384 2535 potestate
407 2499 596 2535 usurpatum
627 2505 783 2535 nusquam
808 2493 895 2536 apud
918 2493 972 2524 Ci-

219 2548 369 2568 ceronem
391 2539 535 2578 reperiri,
562 2538 729 2580 locosque,
756 2538 808 2569 ubi
830 2538 978 2580 reperia-

217 2589 290 2615 tur.
328 2589 500 2623 corruptos
532 2593 601 2612 esse
635 2589 667 2612 et
699 2594 757 2624 per
781 2586 928 2622 quoniam
961 2595 977 2614 e

218 2626 314 2658 codd.
338 2625 571 2663 emendandos,
597 2626 706 2657 dicere
729 2628 885 2669 potuerit,
911 2639 977 2659 non

215 2670 324 2703 video.

283 2718 381 2746 virtus
405 2717 447 2746 est
471 2716 591 2752 affectio
616 2717 714 2746 animi
738 2717 893 2759 constans]
923 2717 977 2748 Sic

216 2759 288 2790 Fin.
311 2760 369 2790 Ill.
392 2760 455 2795 20,
480 2759 540 2790 65:
568 2760 614 2788 Ex
634 2759 695 2789 hac
717 2760 898 2791 animorum
921 2761 976 2791 af-

217 2803 381 2835 fectione:
408 2803 461 2834 nbi
485 2805 627 2834 Goerenz.
650 2815 682 2844 p.
699 2802 774 2835 594.
798 2804 888 2840 dicit,
915 2817 976 2836 ex-

216 2860 361 2890 pressam
385 2848 444 2879 sibi
471 2846 573 2878 videri
600 2846 786 2878 Stoicorum
813 2847 975 2892 δςάξῑεσω)

216 2893 238 2925 i.
264 2904 291 2924 e.
331 2891 496 2935 cogitandi
536 2898 569 2922 et
602 2891 764 2922 sentiendi
803 2894 973 2932 rationem,

218 2948 300 2979 quae
326 2938 488 2969 inmores
520 2935 854 2979 consuetudinemque
874 2937 973 2977 abiit3

1142 833 1357 888 lmportant
1390 834 1490 873 enini
1517 834 1780 887 aegritudines

1017 1019 1063 1050 sic
1082 1019 1146 1050 hoc
1167 1019 1241 1051 loco
1261 1023 1361 1051 virtus
1381 1018 1534 1056 διάὶῗεσις
1556 1018 1669 1062 ψυχῆς
1695 1016 1779 1060 σύμ-

1017 1075 1126 1106 φωνος
1150 1061 1258 1107 αὑτῇ,
1285 1071 1319 1094 ut
1341 1075 1393 1105 ap.
1422 1064 1516 1095 Stob.
1539 1070 1587 1094 est
1612 1063 1680 1096 Ecl.
1701 1063 1777 1096 Eth.

1017 1110 1057 1140 Il.
1083 1120 1114 1151 p.
1134 1109 1205 1141 104.
1254 1109 1308 1140 Sic
1339 1108 1514 1139 Cleanthes
1543 1120 1595 1150 ap.
1620 1108 1716 1150 Diog.
1739 1108 1778 1138 L.

1017 1153 1047 1191 7,
1073 1153 1126 1185 0¹9.
1149 1153 1284 1191 statuit,
1321 1151 1381 1195 τὴν
1405 1149 1527 1195 ἀρετὴν
1558 1152 1708 1187 &dheora
1733 1149 1780 1185 εἷ-

1015 1210 1067 1231 ναι
1089 1198 1240 1241 αἱρετήν,
1267 1195 1304 1231 ου’
1326 1197 1384 1232 διά
1403 1210 1475 1231 τινα
1493 1195 1596 1242 φόβον
1615 1192 1638 1239 ἦ
1660 1196 1779 1231 ἐλπίδα

1015 1239 1039 1284 ἥ
1070 1255 1101 1276 τ’.
1130 1243 1195 1275 τῶν
1232 1242 1365 1282 ἕξωὲεν.
1413 1243 1465 1273 Cf.
1496 1245 1592 1275 Beier.
1616 1242 1658 1273 ad
1681 1241 1776 1273 Offic.

1019 1289 1057 1318 ΙΙ.
1078 1288 1119 1325 6,
1145 1288 1198 1320 29.
1225 1289 1350 1330 [Νέδα
1398 1288 1479 1319 Dein
1511 1287 1552 1318 de
1574 1291 1657 1319 recta
1693 1286 1726 1329 (i.
1748 1297 1777 1317 e.

1017 1332 1180 1366 absoluta]
1207 1333 1335 1364 ratione
1361 1330 1466 1376 (0²93sp
1489 1332 1592 1375 λόγῳ)
1625 1332 1669 1363 cf.
1692 1330 1778 1362 infra

1016 1379 1056 1407 V.
1083 1377 1141 1414 13.
1168 1377 1222 1409 5³).

1083 1421 1215 1464 κακίαν]

1015 1465 1136 1503 κακίας
1172 1466 1289 1498 Graeci
1325 1466 1516 1509 appellant,

1015 1522 1110 1554 quam
1144 1511 1284 1542 malitias
1314 1511 1494 1542 nominare.

1014 1555 1163 1587 vocabuli
1190 1557 1232 1587 cf.
1261 1557 1302 1586 N.
1326 1558 1362 1586 D.
1386 1558 1441 1587 Ill.
1463 1556 1517 1593 30,
1537 1555 1595 1587 75:
1619 1562 1669 1586 est
1691 1554 1778 1585 enim

1012 1603 1133 1631 malitia
1157 1607 1288 1631 versuta
1320 1608 1352 1631 et
1383 1600 1483 1631 fallax
1515 1599 1655 1631 nocendi
1680 1599 1776 1630 ratio.

1015 1646 1065 1676 Cf.
1091 1647 1191 1676 Klotz.
1226 1652 1258 1676 et
1280 1647 1405 1677 Iordan.
1435 1644 1477 1676 ad
1513 1656 1559 1675 or.
1587 1657 1620 1687 p.
1646 1644 1776 1676 Caecin-

1014 1691 1045 1729 1,
1071 1693 1103 1721 ζ’.

1079 1734 1283 1777 concitantur]
1319 1734 1373 1765 Sic
1397 1734 1522 1777 optime
1545 1734 1712 1765 Manutius
1737 1745 1776 1765 ex

1014 1778 1148 1821 antiquo
1173 1779 1256 1809 libro
1288 1779 1475 1810 emendavit
1507 1779 1658 1810 codicum
1691 1779 1775 1810 scri-

1013 1831 1143 1866 pturum
1175 1826 1358 1863 cogitantur.
1406 1825 1445 1854 V.
1478 1824 1519 1854 ad
1548 1825 1605 1856 Ill.
1631 1825 1689 1861 11,
1714 1824 1775 1855 ¹25:

1013 1871 1160 1900 bonorum
1181 1871 1322 1908 opinione
1343 1871 1515 1900 turbantur.
1556 1868 1645 1899 Aliae
1669 1868 1774 1898 minus

1013 1913 1201 1955 probabiles
1240 1914 1447 1945 coniecturae
1491 1920 1566 1944 sunt
1604 1916 1776 1952 agitantur,

1012 1961 1227 1997 coayitantur,
1285 1961 1482 1997 cooriuntur,
1537 1960 1776 1998 pr09i9nuntur.

1014 2003 1110 2042 Quod
1133 2010 1242 2034 autem
1262 2003 1372 2045 paullo
1394 2009 1469 2045 post
1488 2003 1622 2034 verbum
1641 2004 1776 2034 concita-

1013 2050 1093 2087 tique
1116 2048 1264 2086 recurrit,
1290 2047 1466 2079 offensioni
1489 2059 1557 2078 esse
1577 2059 1644 2078 non
1665 2047 1775 2078 debet.

1015 2092 1065 2122 Cf.
1086 2093 1171 2122 infra
1195 2104 1221 2124 c.
1235 2093 1289 2130 57,
1309 2094 1346 2124 >al
1364 2105 1369 2125 τ
1396 2093 1572 2135 depellitur
1593 2111 1635 2115 —-
1657 2091 1776 2134 depel-

1013 2136 1099 2166 litur.
1126 2138 1166 2166 V.
1187 2139 1345 2175 Wopkens.
1366 2138 1473 2168 Lectt.
1487 2137 1574 2168 Tull.
1598 2148 1629 2178 p.
1645 2137 1720 2169 259.
1733 2136 1776 2168 H.

1013 2183 1151 2220 Madvig).
1175 2180 1217 2211 ad
1242 2181 1312 2211 Fin.
1339 2182 1359 2211 I.
1389 2181 1445 2219 12,
1470 2179 1524 2213 41.
1549 2193 1580 2222 p.
1600 2181 1644 2213 ao
1659 2192 1708 2223 sq.
1742 2187 1776 2212 et

1015 2225 1156 2255 Iudicem
1182 2236 1210 2257 v.
1236 2227 1394 2264 Repetitio.

1079 2280 1173 2309 quam
1192 2289 1246 2309 —-,
1269 2272 1482 2309 impotentiam
1502 2288 1542 2294 -—-
1563 2271 1773 2311 dissidentem]

1012 2314 1120 2345 Verba
1146 2317 1355 2353 impotentiam
1379 2332 1422 2337 -—
1446 2316 1642 2346 dissidentem
1669 2314 1777 2345 inser-

1014 2358 1104 2389 viunt
1123 2359 1324 2401 explicandis
1342 2358 1448 2389 verbis
1467 2361 1649 2398 appetitione
1663 2361 1773 2399 nimia,

1012 2410 1047 2434 ut
1069 2404 1155 2435 hanc
1178 2404 1242 2434 vim
1266 2403 1426 2434 habeant:
1457 2406 1642 2443 appetitione
1664 2406 1774 2443 nimia,

1012 2450 1039 2479 h.
1053 2459 1077 2479 e.
1097 2451 1276 2488 impotentia
1299 2450 1693 2488 quadam—dissidente3
1716 2448 1775 2479 sed

1012 2493 1172 2524 eiusmodi
1187 2493 1421 2535 explicationes
1438 2493 1571 2523 Latinus
1586 2503 1693 2524 sermo
1707 2503 1773 2523 non

1012 2544 1168 2581 tanquam
1185 2538 1410 2581 appositiones
1426 2537 1635 2568 antecedenti
1649 2536 1773 2567 nomini

1012 2583 1180 2625 adiungit,
1216 2582 1275 2613 sed
1308 2582 1517 2624 subsequenti
1555 2580 1773 2612 enuntiationi

1013 2628 1170 2659 relativae
1203 2627 1378 2668 subiungit.
1426 2628 1464 2657 V.
1499 2637 1558 2657 nos
1590 2625 1623 2656 in
1650 2625 1706 2657 Gr.
1733 2626 1770 2658 L.

1012 2673 1040 2706 6.
1062 2674 1134 2705 145.
1159 2673 1236 2703 Not.
1262 2671 1311 2704 13.

1077 2716 1221 2759 ecfertur]
1257 2715 1310 2746 Sic
1340 2714 1454 2756 scripsi
1477 2725 1503 2745 e.
1529 2715 1568 2744 D.
1593 2714 1645 2745 ed.
1666 2714 1691 2746 1.
1715 2715 1771 2746 W.

1012 2763 1065 2793 Or.
1087 2773 1103 2791 e
1125 2760 1259 2792 Bentleii
1280 2759 1466 2791 coniectura
1489 2760 1650 2801 (effrenum,
1675 2759 1773 2790 etiam

1010 2805 1147 2837 Klotzio
1172 2805 1205 2836 in
1231 2804 1313 2836 Add.
1336 2815 1367 2846 p.
1386 2801 1448 2835 164
1462 2814 1528 2845 sq.‚
1566 2804 1773 2835 VVesenber-

1010 2850 1064 2892 gio
1095 2852 1164 2881 Em.
1188 2851 1243 2881 Ill.
1269 2861 1300 2891 p.
1318 2848 1369 2886 7.‚
1406 2848 1537 2878 Mosero
1570 2847 1601 2878 in
1638 2859 1772 2880 censura

1011 2895 1096 2926 laud.
1121 2907 1153 2937 p.
1175 2892 1249 2926 341.
1277 2892 1426 2935 probata.
1475 2893 1605 2923 Ducunt
1632 2892 1674 2924 ad
1699 2904 1770 2924 eam

1010 2939 1152 2981 optimus
1186 2938 1258 2969 eod.
1286 2936 1374 2975 Cot,
1410 2936 1443 2967 in
1469 2947 1532 2978 quo
1563 2943 1613 2968 est
1642 2939 1774 2977 affertur

1242 1422 1312 1453 Fin.
1336 1423 1392 1453 Ill.
1419 1421 1468 1460 11,
1492 1420 1554 1454 39:
1582 1421 1668 1459 Quas
1691 1419 1778 1451 enim

1562 1465 1640 1496 vitia
1678 1464 1777 1504 malo,

1543 1512 1591 1541 De
1619 1509 1651 1540 vi
1683 1509 1777 1540 huius
