1832 3137
623 102 784 135 Linea
813 101 937 143 n.20‚
962 102 1016 137 47.
1527 98 1606 142 227

39 185 95 220 tot
127 179 224 220 locis
261 181 504 234 perferatur,
540 187 678 222 natura
707 182 902 236 patiatur?
961 180 1030 223 Illa
1060 197 1155 224 vero
1189 198 1265 225 non
1297 186 1411 226 modo
1443 188 1601 240 patitur,

38 265 172 298 verum
206 252 319 293 etiam
354 254 538 308 postulat.
601 253 710 295 Nihil
741 255 843 295 enim
877 255 991 296 habet
1022 258 1310 311 praestantius,
1351 258 1466 310 nihil,
1500 262 1601 314 quod

37 325 159 380 magis
191 333 370 380 expetat,
405 340 518 380 quam
551 327 816 377 honestatem,
852 341 964 381 quam
997 329 1174 382 laudem,
1212 330 1325 385 quam
1357 332 1599 387 dignitatem,

35 412 148 453 quam
174 399 307 440 decus.
355 398 477 440 Hisce
497 415 569 454 ego
595 400 766 455 pluribus
792 400 1012 442 nominibus
1030 417 1144 444 unam
1173 419 1255 445 rem
1281 405 1472 446 declarari
1488 407 1595 458 volo,

34 472 101 512 sed
126 474 266 522 utor-2,
294 480 336 513 ut
358 487 468 527 quani
494 474 663 514 maxime
685 473 914 528 significem,
944 475 1132 528 pluribus.
1177 476 1279 519 Volo
1300 486 1427 520 autem
1448 480 1594 532 dicere,

32 544 126 586 illud
157 545 302 586 homini
332 546 447 601 longe
480 547 663 602 optimum
696 560 807 597 esse,
842 547 943 600 quod
974 548 1098 602 ipsum
1126 549 1177 589 sit
1208 552 1413 604 optandum
1439 566 1510 607 per
1531 567 1592 606 se,

33 632 54 658 a
79 618 224 660 virtute
252 621 467 674 profectum
493 621 556 660 vel
581 621 619 660 in
653 619 737 674 ipsa
765 620 909 661 virtute
944 620 1084 671 situm,
1118 635 1186 661 sua
1218 632 1355 677 sponte
1386 626 1592 678 laudabile,

1519 698 1594 740 At-

32 779 106 818 que
129 773 170 805 ut
194 765 290 806 haec
311 766 356 805 de
381 766 561 817 honesto,
596 766 651 806 sic
675 766 721 806 dc
745 767 844 820 turpi
869 767 1088 807 contraria:
1125 767 1218 808 nihil
1244 775 1320 808 tam
1343 776 1498 821 tetrum,
1534 772 1593 811 ni-

1116 847 1185 882 47.
1220 840 1334 895 Quod
1358 842 1391 882 si
1415 842 1481 882 tibi
1504 857 1593 898 per-

28 925 185 952 suasum
209 919 282 962 est,
318 912 523 966 (principio
549 913 650 952 enini
678 913 827 964 dixisti,
862 913 944 967 plus
972 913 1012 953 in
1033 914 1225 954 dedecore
1249 915 1335 955 mali
1358 915 1426 955 tibi
1447 916 1588 968 videri,

32 692 133 746 quod
157 693 308 746 quidem
336 692 448 733 citius
473 693 640 733 dixerim
665 693 805 742 solum,
842 707 955 747 quam
980 708 1057 734 non
1085 708 1277 735 summum
1298 696 1458 738 honuni.

31 837 83 878 hil
109 844 184 878 tam
210 839 512 893 aspernandum,
547 839 639 879 nihil
662 839 818 880 homine
839 840 1050 894 indignius.

29 998 141 1038 quain
163 983 202 1024 in
225 985 402 1040 doloreg)
434 986 622 1040 reliquum
648 993 723 1036 est,
758 993 799 1026 ut
821 993 900 1027 tute
926 985 993 1026 tibi
1021 987 1204 1040 imperes.
1260 987 1492 1042 Quanquam
1518 989 1590 1030 hoc

29 1058 162 1098 nescio
195 1072 269 1112 quo
295 1059 409 1098 modo
432 1059 581 1099 dicatur
597 1062 633 1109 3,
668 1059 776 1112 quasi
800 1060 873 1099 duo
899 1059 1044 1110 simus,
1079 1067 1120 1100 ut
1144 1060 1244 1100 alter
1271 1060 1457 1115 imperet,
1491 1062 1590 1103 alter

29 1138 185 1185 pareat,
220 1145 296 1171 non
328 1132 466 1171 inscite
500 1139 627 1172 tamen
660 1132 813 1172 dicitur.

135 1202 257 1244 XXI.
293 1203 367 1245 Est
390 1205 492 1247 enim
516 1205 667 1245 animus
689 1205 726 1244 in
754 1212 883 1258 partes
906 1205 1071 1246 tributus
1089 1209 1105 1232 1
1135 1206 1246 1257 duas,
1281 1221 1442 1260 quarum
1465 1208 1587 1249 altera

28 1277 191 1318 rationis
227 1285 286 1318 est
319 1277 535 1332 particeps,
569 1277 692 1318 altera
724 1292 882 1332 expers.
948 1276 1075 1331 Quum
1108 1279 1224 1333 igitur
1255 1280 1513 1335 praecipitur,
1547 1288 1588 1322 ut

113 1394 134 1427 2
158 1395 213 1427 Sic
234 1398 286 1428 Or.
310 1407 338 1427 c.
364 1395 450 1426 Gud.
473 1396 514 1426 11.
540 1396 630 1426 Mon.
643 1394 674 1426 2.
701 1395 934 1438 compluribus,
960 1401 996 1426 ut
1018 1395 1117 1434 vdtr.‚
1144 1398 1224 1428 Oxx.
1250 1408 1351 1438 marg.
1375 1398 1458 1428 Ven.
1481 1398 1584 1430 Alteri

23 1447 57 1472 et
76 1440 186 1472 multis
206 1440 281 1472 edd.
303 1446 383 1472 vett.
405 1450 465 1483 pro
489 1440 576 1482 vulg.
596 1443 690 1471 utar:
726 1440 814 1483 quod
835 1440 952 1471 iniuria
979 1440 1149 1472 revocavit
1162 1443 1238 1481 Kl.,·
1271 1441 1418 1473 futurum
1437 1442 1588 1484 ineptum

23 1493 90 1562 θεὲ,
126 1497 224 1529 quum
253 1497 323 1517 rem
356 1485 422 1517 iam
445 1485 592 1529 pluribus
626 1484 793 1517 vocabulis
825 1485 1069 1528 significaverit.
1115 1484 1137 1518 3
1161 1498 1193 1518 v.
1216 1485 1299 1518 Adn.
1356 1487 1455 1519 XXI.
1503 1486 1532 1520 1.
1554 1499 1586 1519 v.

21 1534 48 1563 A
76 1543 105 1564 n.

23 1600 66 1630 11.
89 1598 140 1637 b.,
167 1609 193 1629 c.
221 1600 341 1630 Klotzio
375 1604 409 1629 et
435 1599 586 1638 Tregdero
618 1598 781 1630 revocavi.

26 1643 165 1675 Gravius
181 1642 306 1674 dictum
320 1649 369 1674 est
385 1654 446 1685 pro
460 1655 465 1673 :
492 1643 563 1675 fieri
579 1654 643 1674 non
661 1649 784 1685 potest,

24 1695 60 1720 ut
84 1695 200 1720 natura
233 1688 395 1730 patiatur,
435 1687 532 1730 plane
555 1695 592 1719 ut
615 1699 675 1719 nos
701 1687 787 1719 dici-

24 1745 112 1765 mus:
139 1744 173 1765 es
198 1733 241 1764 ist
264 1732 463 1775 unmoglich.
495 1736 548 1766 Or.
572 1745 599 1765 c.
622 1734 660 1764 D.
681 1733 788 1764 Gebh.

25 1779 130 1810 Gron.
156 1785 189 1810 et
212 1777 325 1821 paucis
349 1778 568 1810 deterioribus
594 1777 691 1810 codd.
715 1780 790 1818 ferri

22 1834 52 1855 n.
81 1834 114 1863 p.
209 1857 216 1861 ,

91 1868 208 1911 Audio]
244 1867 298 1899 Sic
321 1879 418 1911 saepe
440 1870 536 1900 audio
557 1867 692 1910 ponitur
716 1879 787 1898 cum

23 1913 149 1952 ironia,
187 1912 242 1945 ubi
275 1913 346 1955 quis
371 1913 503 1945 alterius
528 1912 728 1943 sententiam
753 1923 788 1943 se

24 1958 166 2000 probare
199 1958 340 1990 simulat.
394 1958 484 1988 Nos:
522 1959 581 1989 das
614 1960 690 1989 lasst
724 1958 789 1989 sich

19 2004 122 2035 haren.

87 2050 228 2087 pluribus
248 2050 424 2080 nominibus
440 2057 537 2079 unam
551 2057 615 2079 rem
632 2048 789 2078 declarari

24 2092 107 2135 volo]
145 2092 197 2124 Sic
218 2104 316 2134 saepe
335 2092 422 2124 solet
446 2092 561 2123 Cicero
587 2103 684 2123 unam
706 2102 787 2128 rem,

24 2137 57 2168 in
90 2148 153 2180 qua
187 2137 318 2180 quidem
352 2137 528 2168 maximum
555 2135 787 2178 disputationis

24 2189 228 2214 momentum
249 2182 392 2225 positum
413 2188 463 2213 est
476 2207 483 2220 ‚
508 2181 655 2224 pluribus
675 2181 787 2212 nomi-

25 2227 120 2258 nibus
145 2227 324 2265 declarare,
351 2233 386 2258 ut
408 2226 477 2258 eius
504 2227 552 2258 vis
576 2238 614 2258 ac
637 2232 786 2268 potestas

26 2272 141 2304 clarius
164 2272 389 2316 perspiciatur.
420 2271 493 2303 Fin.
512 2272 568 2303 ΙΙΙ.
588 2270 619 2309 -l,
642 2269 696 2303 14:
724 2282 787 2302 una

24 2317 126 2348 virtus
147 2329 245 2348 unum
268 2316 374 2355 istud,
410 2316 499 2359 quod
522 2317 699 2348 honestum
723 2327 787 2358 ap—

26 2361 139 2404 pellas,
162 2369 299 2399 rectum‚
319 2361 494 2399 laudabile,
517 2361 685 2399 decorum,
711 2360 788 2402 (erit

27 2405 113 2437 enim
137 2406 263 2444 notius,
289 2406 383 2448 quale
404 2406 464 2443 sit,
488 2408 631 2444 pluribus
648 2409 788 2436 notatum

24 2453 184 2482 vocabulis
209 2452 292 2482 idem
322 2449 577 2490 declarantibus.)
616 2450 656 2480 N.
682 2450 721 2480 D.
747 2451 788 2481 II.

26 2495 57 2533 7,
89 2497 143 2528 lb:
180 2495 261 2526 illud
290 2502 417 2531 autem,
456 2493 544 2536 quod
570 2493 672 2524 vincit
704 2494 788 2525 haec

27 2540 146 2579 omnia,
171 2543 323 2572 rationem
347 2539 433 2575 dico⁷
460 2545 504 2577 et,
530 2537 556 2568 si
580 2537 690 2579 placet
717 2541 789 2577 plu-

25 2587 109 2616 ribus
141 2588 261 2624 verbis,
298 2588 452 2623 mentem,
487 2584 668 2621 consilium,
706 2585 789 2622 coyt·-

27 2632 192 2669 tationem,
228 2631 450 2669 prudentiam,
490 2627 544 2658 ubi
576 2625 787 2657 invenimus?

28 2674 128 2723 Legg.
162 2676 188 2706 1.
214 2674 245 2713 7,
270 2675 323 2706 21.
370 2675 410 2707 V.
445 2674 590 2706 Ochsner.
625 2671 693 2703 Ecl.
721 2671 787 2702 Cic.

97 2762 199 2805 citius]
234 2763 275 2794 H.
301 2774 330 2794 e.
365 2762 504 2795 facilius.
552 2761 595 2792 N.
622 2761 660 2791 D.
687 2761 711 2791 I.
735 2760 789 2798 21,

28 2805 91 2838 60:
118 2807 266 2839 omuibus
286 2807 357 2839 fere
374 2807 408 2838 in
430 2807 526 2839 rebus
548 2812 580 2837 et
600 2804 738 2836 maxime
756 2804 790 2835 in

29 2850 196 2892 physicis,
230 2852 308 2895 quid
337 2863 405 2884 non
438 2852 502 2891 sit,
537 2853 646 2890 citius,
683 2860 790 2892 quam,

30 2894 110 2938 quid
143 2895 202 2933 sit,
240 2898 383 2931 dixerim.
431 2898 472 2930 V.
509 2897 614 2928 Hand.
648 2893 788 2927 Tursell.

28 2939 160 2973 V01.11.
184 2951 216 2982 p.
233 2940 287 2973 78.

889 1601 1012 1639 solum,
1046 1609 1143 1639 quam
1175 1609 1236 1630 non
1269 1609 1426 1630 summum
1457 1598 1585 1642 bonum]

823 1643 1013 1676 Bouhierius
1035 1654 1107 1683 non,
1132 1654 1230 1686 quum
1251 1654 1318 1675 non
1338 1643 1381 1675 sit
1402 1643 1434 1675 in
1458 1643 1587 1675 duobus

823 1688 920 1722 codd.
940 1689 1071 1727 Leidd.‚
1095 1688 1129 1719 iu
1153 1688 1206 1720 ed.
1229 1699 1286 1719 sua
1310 1694 1375 1719 vet.
1399 1695 1432 1719 et
1454 1688 1486 1719 in
1509 1689 1587 1720 Ma-

823 1733 986 1771 nutianis,
1011 1733 1190 1765 delendum
1215 1739 1347 1774 censet,
1376 1733 1585 1765 adversanti—-

823 1779 882 1810 bus
916 1778 1051 1821 reliquis
1082 1777 1174 1809 libris
1208 1777 1368 1809 omnibus.
1413 1778 1586 1810 Sententia

825 1830 876 1855 est
894 1823 1010 1865 plana:
1036 1823 1201 1855 Virtutem
1215 1828 1344 1854 tantum
1359 1822 1453 1853 abest
1469 1828 1504 1853 ut
1520 1833 1585 1854 non

822 1879 983 1899 summum
1006 1868 1130 1898 bonum
1154 1878 1224 1898 esse
1249 1866 1374 1902 dicam,
1412 1873 1447 1897 ut
1477 1866 1585 1898 solum

823 1913 947 1944 bonum
965 1912 1117 1947 iudicem.
1142 1911 1211 1942 vel:
1238 1911 1328 1942 Malo
1348 1911 1504 1942 virtutem
1524 1922 1585 1943 so-

823 1957 890 1989 lum
913 1957 1036 1989 bonum
1058 1956 1224 1994 iudicare,
1260 1967 1356 1998 quam
1392 1955 1585 1995 concedere,

822 2001 912 2034 aliud
931 2001 1010 2045 quid
1031 2012 1102 2033 esse
1123 2001 1227 2032 maius
1248 2000 1381 2039 bonum,
1405 2012 1503 2043 quam
1515 2000 1586 2033 vir-

821 2054 936 2079 tutem.

890 2092 919 2133 55.
944 2088 997 2124 47.
1043 2094 1104 2122 tute
1134 2092 1203 2131 tibi]
1241 2089 1295 2120 Sic
1327 2088 1368 2120 de
1401 2089 1498 2121 Offic.
1523 2091 1579 2121 III.

823 2137 855 2177 2,
878 2138 917 2170 ὓς
954 2146 1038 2167 neve
1059 2135 1257 2172 committas,
1281 2141 1326 2173 ut,
1352 2145 1450 2176 quum
1475 2134 1584 2167 omnia

822 2180 1034 2224 suppeditata
1064 2179 1130 2212 siut
1157 2191 1176 2211 a
1205 2178 1321 2219 nobis,
1357 2183 1418 2211 tute
1443 2182 1497 2211 tibi
1521 2179 1585 2211 de-

823 2226 923 2258 fuisse
948 2225 1090 2256 videare.

891 2272 1079 2310 Quanquam
1100 2271 1155 2301 hoc
1168 2287 1206 2292 —
1225 2270 1361 2308 dicatur]
1384 2268 1485 2299 Recte
1500 2269 1586 2300 Orel-

822 2319 881 2348 lius
902 2321 1028 2353 monet,
1052 2316 1177 2345 dicatur
1194 2324 1258 2344 nou
1276 2324 1294 2343 a
1311 2322 1504 2351 quanquam,
1526 2311 1586 2342 sed

823 2373 840 2392 a
864 2362 964 2392 nescio
983 2358 1141 2402 pendere.
1180 2359 1226 2388 De
1248 2367 1428 2396 quanquam
1453 2368 1479 2387 c.
1501 2355 1585 2388 coni.

822 2405 934 2437 iuncto
968 2416 997 2435 v.
1036 2402 1078 2434 ad
1109 2403 1148 2433 V.
1182 2401 1248 2439 30,
1282 2401 1336 2433 ὃὸ.
1398 2401 1587 2440 Wesenberg.

823 2451 893 2481 Em.
912 2451 934 2480 Ι.
959 2460 990 2490 p.
1014 2448 1053 2479 10
1067 2458 1135 2488 sq.‚
1160 2445 1353 2476 Ciceronem
1377 2455 1444 2476 non
1467 2456 1502 2476 se
1524 2456 1588 2476 ne—

823 2494 906 2525 scire
929 2493 1038 2524 dicere
1060 2498 1169 2529 ratus,
1205 2500 1270 2532 quo
1300 2488 1401 2521 modo
1425 2489 1507 2521 illud
1531 2489 1586 2520 di-

824 2545 936 2574 catur,
970 2535 1029 2567 sed
1051 2535 1133 2566 illud
1157 2536 1294 2575 quodam
1319 2536 1412 2566 modo
1440 2534 1488 2566 ita
1509 2533 1585 2574 dici,

825 2582 916 2624 quasi
948 2581 1014 2612 duo
1046 2580 1163 2617 simus,
1197 2578 1372 2622 legendum
1403 2579 1587 2622 suspicatur

824 2629 948 2658 dicitur.
985 2624 1084 2663 Quod
1107 2624 1247 2667 probare
1266 2623 1358 2655 nullo
1379 2623 1480 2655 modo
1503 2635 1583 2666 pos·

824 2682 906 2702 sum.
952 2669 1041 2701 Dicit
1071 2669 1158 2701 enim
1181 2669 1317 2707 Cicero,
1354 2667 1492 2700 difficile
1517 2679 1586 2700 esse

824 2715 1015 2752 intellectu,
1049 2725 1114 2757 quo
1144 2713 1245 2745 modo
1269 2720 1305 2744 tu
1334 2712 1395 2745 tibi
1425 2713 1586 2756 imperare

826 2759 890 2791 dici
913 2758 1030 2802 possis,
1055 2770 1153 2801 quum
1177 2765 1212 2790 tu
1237 2770 1317 2789 unus
1337 2758 1390 2795 sis,
1417 2769 1483 2789 non
1507 2757 1584 2788 duo.

895 2804 973 2836 Gar.
993 2804 1092 2835 XXI.
1139 2804 1284 2846 tributus]
1320 2803 1383 2834 Alii
1408 2802 1587 2834 deteriores

825 2849 899 2881 libri
920 2849 1034 2891 legunt
1057 2850 1259 2888 distributus;
1283 2846 1342 2878 scd
1361 2850 1502 2884 tribuere,
1524 2843 1587 2876 ad-

828 2893 905 2926 ditis
938 2894 1048 2926 verbis
1081 2895 1115 2926 in
1145 2896 1271 2934 partes,
1307 2891 1435 2933 saepius
1468 2889 1589 2921 dicitur

828 2949 890 2982 pro
911 2937 1117 2972 distribuere.
1154 2939 1275 2969 Orator
1294 2949 1319 2969 c.
1337 2936 1398 2969 35:
1424 2940 1459 2966 ut
1479 2933 1513 2966 in
1534 2944 1588 2966 eas

1162 2981 1261 3021 15*
