1832 3137
645 62 989 95 PROLEGOMENA.
1565 49 1592 91 9

38 144 183 196 dialogi
206 144 353 182 formae
375 143 568 195 specimen
591 143 798 191 exhibent,
829 144 870 181 in
897 158 974 195 qua
996 144 1143 193 oratio,
1174 143 1272 181 artis
1296 143 1440 194 regulis
1463 142 1591 179 minus

36 212 235 260 adstricta,
265 211 427 249 liberius
452 217 640 263 evagatur
658 217 697 248 et
719 217 868 261 gratam
894 212 1088 262 quandam
1110 211 1382 263 negligentiam
1399 210 1593 261 sequitur.

148 280 191 317 In
213 280 392 317 omnibus
410 279 606 317 Ciceronis
627 278 673 316 de
688 277 944 329 philosophia
959 279 1119 331 scriptis
1138 280 1221 317 eius
1241 279 1439 330 ingenium
1452 308 1461 326 ,
1491 290 1591 329 poe-

37 348 89 385 sis
111 348 321 385 veneribus
344 348 596 398 omniumque
617 346 891 383 doctrinarum
917 347 1108 385 varietate
1135 354 1172 385 et
1198 347 1311 398 copia
1335 346 1534 384 excultum
1556 351 1595 382 et

36 414 314 466 philosophiae
346 415 565 453 subtilitate
599 414 802 451 subactum
839 413 999 463 eiusque
1028 416 1208 452 ubertate
1243 414 1439 452 nutritum
1472 426 1592 464 prae-

40 482 144 520 clare
177 483 368 521 enitescit.
427 483 579 521 Etenim
605 482 648 519 in
676 480 959 531 coniungendis
986 482 1118 519 sobrie
1145 483 1421 532 moderateque
1451 480 1596 518 orandi

39 551 258 602 praeceptis
293 565 380 588 cum
412 549 683 602 philosophiae
712 549 906 599 gravitate
937 554 1054 598 atque
1091 551 1299 586 severitate
1329 548 1596 586 admirabilem

42 618 235 667 quandam
260 626 381 655 artem
407 618 608 669 probavit.
666 616 773 653 Inter
796 616 993 666 publicam
1022 616 1123 653 enim
1151 616 1412 666 eloquentiam
1435 623 1473 653 et
1497 630 1596 653 con-

0 719 1 731 ζ
40 685 181 722 tritum
213 686 504 735 vulgaremque,
544 691 660 734 atque
694 684 881 721 tetricum
911 698 956 720 ac
989 683 1185 721 difficilem
1223 696 1440 720 sermonem
1477 696 1597 732 quum

39 764 188 802 semper
216 753 385 789 medium
413 759 546 790 tenere
573 752 792 799 studuerit,
829 751 1032 802 aequabile
1056 751 1253 801 quoddam
1281 757 1316 788 et
1342 756 1599 801 temperatum

40 818 292 869 quietumque
324 821 478 858 exstitit
506 819 701 858 orationis
736 833 870 870 genus.
929 820 1076 856 Verum
1105 819 1176 857 etsi
1213 818 1418 856 maximam
1449 824 1599 868 partem

0 927 1 932 Ἰ
40 885 80 922 in
103 885 379 938 philosophiae
399 888 744 938 disquisitionibus
772 887 854 924 eius
875 901 1003 924 sermo
1020 887 1167 938 placidi
1190 886 1363 923 fluminis
1382 886 1509 922 instar
1529 885 1598 922 de—

41 954 183 1002 currit,
213 969 364 1006 semper
381 963 508 993 tamen
526 956 747 1006 prudenter
771 955 903 992 stilum
928 955 977 992 ad
1002 955 1060 992 rei
1088 968 1204 1005 quani
1227 953 1491 1004 pertractavit
1513 966 1600 989 mo—

41 1028 214 1058 mentum
250 1023 482 1074 composuit.
540 1024 584 1060 In
624 1022 902 1060 subtilioribus
943 1023 1044 1059 enim
1080 1022 1318 1072 argumentis
1357 1020 1602 1071 exponendis

43 1089 172 1125 oratio
189 1090 269 1126 fere
290 1103 390 1140 pura
415 1097 473 1127 est
492 1096 608 1139 atque
630 1089 818 1136 dilucida,
849 1090 968 1126 nullis
989 1089 1178 1126 adhibitis
1197 1088 1387 1125 sermonis
1408 1088 1600 1125 illecebris

44 1169 88 1192 ac
121 1156 344 1205 lenociniis,
385 1170 505 1206 quum
537 1163 664 1192 autem
700 1156 745 1192 de
780 1156 897 1192 rebus
934 1155 1236 1206 grandioribus,
1278 1154 1339 1192 uti
1373 1154 1420 1192 de
1459 1154 1601 1192 divino

44 1223 204 1260 numine
223 1224 385 1273 eiusque
403 1224 635 1269 virtutibus,
667 1223 714 1259 de
733 1223 868 1258 mundi
887 1222 1200 1273 pulchritudine,
1231 1221 1372 1258 ordine
1394 1228 1511 1270 atque
1529 1236 1599 1258 or-

41 1296 160 1336 natu,
192 1290 238 1326 de
257 1290 414 1326 moralis
440 1289 644 1326 doctrinae
668 1289 906 1339 gravissimis
931 1289 1172 1339 argumentis
1194 1289 1314 1326 verba
1341 1288 1454 1336 facit,
1484 1295 1602 1339 atque

43 1356 148 1408 ipsae
171 1370 230 1393 res
254 1357 374 1395 verba
398 1356 580 1406 rapiunt,
610 1362 695 1393 tum
719 1356 851 1393 oratio
871 1356 1103 1393 sublimiore
1125 1356 1237 1406 quasi
1258 1355 1406 1406 spiritu
1427 1357 1604 1407 exsurgit

43 1432 82 1461 et
101 1438 250 1461 summo
274 1424 439 1461 Romani
461 1423 649 1460 sermonis
667 1423 876 1474 splendore
896 1438 940 1461 ac
957 1425 1175 1473 maiestate,
1207 1431 1244 1461 et
1264 1422 1483 1461 beatissima
1501 1437 1601 1474 qua-

44 1491 132 1529 dam
162 1491 311 1543 ingenii
340 1492 520 1529 ubertate
550 1491 741 1542 elucet-⁹³).

430 1601 506 1642 IX.
568 1601 639 1642 De
668 1603 825 1643 critica
860 1601 1215 1645 Tecsculmmrum.

158 1695 210 1731 l)e
236 1694 370 1731 critica
397 1694 541 1731 horum
566 1695 762 1732 librorum
790 1702 879 1746 post
903 1695 1153 1745 Lambinum,
1197 1695 1437 1744 Bentleium,
1479 1696 1602 1733 Davi-

45 1762 163 1810 sium,
205 1761 378 1799 homines
399 1768 437 1799 et
460 1763 741 1800 eruditissimos
765 1769 801 1799 et
831 1764 1093 1811 acutissimos,
1133 1764 1280 1814 optime
1300 1769 1533 1801 meruerunt
1563 1765 1603 1799 F.

44 1830 100 1868 A.
123 1830 302 1881 [Volsius
326 1836 365 1866 et
388 1830 418 1866 I.
436 1830 476 1867 C.
499 1831 690 1867 Orellc'zas.
752 1831 879 1875 Quam
903 1830 1007 1866 viam
1031 1831 1069 1866 in
1096 1830 1370 1867 constituenda
1401 1830 1604 1880 scriptura

44 1896 251 1933 institisset
279 1896 464 1951 Wolfins,
505 1897 588 1945 ipse
617 1896 659 1932 in
694 1896 938 1946 praefatione
971 1896 1019 1933 ad
1052 1898 1311 1945 Tusculanas,
1350 1912 1371 1934 a
1400 1911 1438 1934 se
1469 1897 1605 1944 editas,

46 1964 244 2013 exposuit.
303 1963 473 1999 Orellius
499 1962 628 1999 Wolfii
662 1963 836 2013 vestigiis
865 1963 1029 2011 institit,
1070 1971 1116 2001 ut
1145 1971 1274 2001 tamen
1305 1977 1348 2001 ea
1378 1979 1460 2001 non
1491 1964 1608 2001 anxie

44 2036 249 2080 premeret,
280 2030 358 2077 sed,
389 2043 502 2067 suum
522 2029 604 2080 ipse
626 2036 783 2067 secutus
806 2030 1018 2079 iudicium,
1049 2032 1183 2069 multis
1208 2032 1305 2069 locis
1330 2032 1377 2069 ab
1400 2031 1453 2068 eis
1476 2031 1604 2068 disce-

46 2096 167 2134 deret.
230 2098 388 2134 Praeter
418 2103 496 2133 tres
528 2098 680 2134 codices
716 2098 1005 2148 manuscriptos
1036 2099 1229 2149 plurimos
1263 2100 1330 2149 qui
1353 2100 1426 2135 sub
1451 2112 1606 2136 censum

46 2163 181 2201 venire
205 2171 370 2215 possunt
395 2164 517 2202 libros
545 2165 670 2202 editos
702 2166 949 2216 comparavit
978 2172 1094 2215 atque
1116 2167 1158 2204 in
1184 2167 1261 2204 hoc
1285 2166 1439 2204 difficili
1461 2173 1499 2203 et
1520 2179 1605 2203 mo-

46 2231 142 2268 lesto
168 2231 326 2282 negotio
354 2238 463 2269 tanta
488 2245 583 2270 cura
605 2240 723 2283 atque
749 2233 951 2284 diligentia
973 2241 1153 2271 versatus
1177 2241 1251 2282 est,
1291 2240 1438 2283 quanta
1459 2246 1607 2280 eorum,

48 2298 116 2347 qui
140 2305 229 2335 ante
251 2313 337 2336 eum
361 2300 403 2336 in
431 2299 491 2337 his
522 2300 635 2337 libris
660 2301 797 2337 critica
819 2300 905 2337 luce
934 2301 1178 2338 illustrandis
1204 2314 1364 2351 operam
1392 2313 1499 2336 suam
1522 2299 1607 2336 col-

47 2364 299 2412 locaverant,
326 2379 464 2402 nemo.
525 2368 601 2404 Nec
627 2381 773 2418 paucos
796 2368 927 2416 locos,
974 2369 1060 2417 qui,
1106 2381 1226 2416 quum
1254 2380 1390 2404 eorum
1415 2366 1607 2403 sententia

48 2432 291 2469 reconditior
310 2438 407 2470 esset
430 2446 500 2469 nec
525 2435 722 2471 communi
746 2435 1025 2484 intelligentiae
1048 2440 1222 2484 pateret,
1253 2434 1300 2471 ab
1325 2434 1452 2471 doctis
1475 2433 1607 2470 homi-

46 2498 162 2536 nibus
188 2505 328 2536 temere
355 2500 418 2537 vel
444 2499 678 2538 coniecturis
702 2502 843 2539 tentati
867 2508 904 2538 et
927 2501 1150 2550 sollicitati,
1188 2502 1253 2539 vel
1279 2502 1374 2539 adeo
1408 2508 1453 2538 ut
1478 2501 1606 2552 spurii

45 2565 161 2617 plane
193 2566 394 2604 exturbati
427 2574 539 2615 sunt,
581 2567 778 2618 ingeniosa
811 2582 855 2605 ac
885 2569 1001 2605 docta
1035 2569 1296 2620 explicatione
1326 2569 1546 2606 vindicavit
1573 2575 1611 2605 et

47 2633 235 2671 restituit.

160 2702 253 2739 Post
275 2701 467 2739 Orellium
492 2702 725 2739 Remoldas
748 2704 960 2748 Klotzius,
999 2706 1204 2755 Georgius
1226 2707 1433 2741 Hem-teas
1460 2705 1607 2740 ,llos-er.

50 2769 210 2805 Paulas
231 2770 503 2820 ,Hagen-aptas
538 2770 714 2821 Tregder
736 2770 786 2807 ad
808 2772 1048 2810 Tusculanas
1075 2773 1211 2810 critica
1234 2774 1389 2810 ratione
1411 2771 1606 2820 castigan-

49 2833 117 2871 das
156 2841 272 2885 atque
310 2837 569 2874 emendandas
604 2851 762 2888 operam
798 2852 905 2876 suani
939 2841 1199 2878 contulerunt
1229 2847 1267 2877 et
1307 2839 1453 2891 partim
1497 2836 1609 2874 novis

141 2920 176 2964 3)
201 2923 241 2954 V.
264 2922 382 2955 librum
406 2924 531 2957 dictum
555 2927 592 2957 de
618 2928 771 2958 Ciceronis
795 2928 828 2958 in
845 2928 957 2967 philos.
983 2938 1058 2960 mer.
1083 2939 1115 2971 p.
1139 2927 1184 2961 83
1199 2939 1270 2970 sqq.
