1863 3221
211 89 294 134 442

211 182 321 221 tam-'²
348 186 470 235 putat,
493 192 608 233 quum
630 190 760 216 rerum
779 188 940 215 caussas
962 174 1059 214 alias
1077 187 1130 214 ex
1148 173 1235 214 aliis
1255 180 1364 229 aptas
1384 181 1424 215 et
1447 175 1681 217 necessitate
1701 189 1769 216 ne-

211 267 285 294 xas
307 253 434 303 videt,
469 251 605 305 quibus
624 249 670 289 ab
693 255 854 289 aeterno
878 255 1050 302 tempore
1077 247 1282 287 fluentibus
1301 247 1339 287 in
1362 256 1564 290 aeternum
1592 249 1690 289 ratio
1711 256 1770 289 ta-

802 96 966 128 LIBER
990 97 1030 128 V.
1050 94 1114 135 25,
1136 94 1190 128 71.

213 340 300 366 men
317 338 503 378 mensque
527 323 766 362 moderatur.
829 328 897 362 71.
932 321 1042 361 Haec
1069 320 1134 361 ille
1155 321 1313 361 intuens
1334 329 1447 375 atque
1470 322 1688 376 suspiciens
1707 322 1772 363 vel

213 399 339 454 potius
366 411 500 438 omnes
522 403 650 450 partes
674 409 840 449 orasque
866 393 1184 448 circumspiciens
1208 401 1352 448 quanta
1369 409 1503 435 rursus
1523 394 1640 435 animi
1668 402 1772 435 tran-

212 471 398 526 quillitate
421 470 584 509 humana
610 476 648 508 et
675 468 860 509 citeriora
893 467 1136 508 considerat!
1180 466 1283 507 Hinc
1319 466 1385 508 illa
1419 468 1591 521 cognitio
1617 467 1771 508 virtutis

213 543 392 594 exsistit,
427 543 674 582 efflorescunt
696 555 841 596 genera
863 549 1071 596 partesque
1093 540 1302 591 virtutum,
1337 541 1558 591 invenitur,
1593 541 1683 595 quid
1702 541 1767 591 sit,

213 617 312 670 quod
335 623 472 656 natura
493 623 643 670 spectet
662 622 881 656 extremum
902 615 940 655 in
962 615 1088 665 bonis,
1122 614 1210 668 quid
1227 617 1245 640 ⁶
1268 614 1307 654 in
1333 613 1442 654 malis
1465 613 1662 664 ultimum,
1696 628 1771 668 quo

1673 685 1771 740 Qui-

214 762 285 803 bus
306 770 346 803 et
369 762 508 803 talibus
530 762 645 802 rebus
670 761 877 816 exquisitis
902 761 973 802 hoc
996 761 1058 800 vel
1082 761 1251 800 maxime
1273 761 1450 810 efficitur,
1485 761 1585 814 quod
1604 760 1675 800 hac
1694 760 1772 800 dis-

212 690 419 729 referenda
442 690 520 730 sint
542 689 662 729 officia
677 720 687 739 ,
722 702 818 743 quae
841 688 1041 742 degendae
1067 686 1207 728 aetatis
1230 687 1329 727 ratio
1353 687 1557 740 deligenda
1573 689 1610 727 ⁷.

215 836 414 891 putatione
441 836 642 889 agi11111s8‚
679 843 717 876 ut
739 835 862 876 virtus
883 835 929 875 ad
953 835 1065 875 beate
1085 834 1295 875 vivendum
1319 833 1369 874 sit
1394 848 1437 874 se
1459 834 1544 888 ipsa
1572 841 1771 875 contenta.

307 954 328 985 5
352 955 443 986 Wes.
469 955 537 985 Em.
566 954 606 984 Π.
630 965 662 995 p.
687 952 741 985 42.
766 965 794 984 c.
821 953 860 986 D.
883 964 900 984 e
923 951 1009 984 Pith.
1040 954 1223 984 collocatum
1254 952 1429 994 legendum
1461 959 1592 992 censet,
1626 953 1772 984 referens

217 998 259 1030 ad
275 1001 445 1038 sapientem
470 998 512 1029 ob
536 1005 641 1029 antee.
664 1000 810 1030 tractanti
832 997 893 1039 (sc.
915 996 1068 1039 sapienti)
1099 1003 1132 1028 et
1157 997 1198 1028 ob
1222 1008 1312 1039 seqq.
1335 999 1410 1029 haec
1442 999 1517 1028 ille
1537 999 1679 1038 intuens,·
1712 997 1771 1029 sed

216 1046 400 1075 collocatam
421 1042 557 1074 defendi
577 1048 710 1085 potest,
735 1042 761 1073 si
784 1042 927 1074 refertur
949 1041 991 1073 acl
1011 1046 1153 1073 mentem.
1199 1039 1220 1073 6
1245 1042 1298 1073 Sic
1319 1042 1356 1073 R.
1383 1042 1418 1073 P.
1437 1041 1470 1073 b.
1498 1041 1583 1073 Gud.
1605 1041 1636 1075 2.
1659 1043 1772 1075 Duisb.

217 1088 323 1119 Murb.
346 1099 426 1118 unus
449 1090 506 1120 Ox,
530 1087 628 1119 Vind.
645 1088 671 1118 l.
696 1086 727 1118 ¹2.
752 1088 844 1119 Mon.
868 1086 895 1118 l.
918 1085 951 1117 2.
981 1086 1070 1117 Med.
1097 1086 1176 1119 Ball.
1201 1085 1265 1118 duo
1288 1086 1428 1125 Leidd.;
1455 1088 1509 1117 Or.
1531 1098 1557 1118 c.
1574 1087 1660 1129 vulg.
1680 1090 1771 1127 quod.

218 1137 261 1164 At
285 1133 383 1164 verba
405 1132 452 1163 sic
476 1132 696 1164 construenda
718 1139 808 1163 sunt:
836 1131 1018 1170 invenitur,
1056 1131 1134 1174 quid
1156 1131 1218 1169 sit,
1255 1131 1344 1174 quod
1367 1138 1482 1162 natura
1506 1139 1637 1174 spectet
1660 1139 1773 1163 extre—

216 1189 304 1209 mum
327 1177 359 1208 in
382 1177 476 1209 bonis
491 1203 498 1216 7
524 1177 602 1219 quid
620 1177 672 1215 sit,
699 1176 787 1220 quod
809 1183 925 1208 natura
946 1182 1076 1219 spectet
1096 1176 1129 1207 in
1150 1176 1241 1208 malis
1266 1176 1425 1207 ultimum.
1472 1175 1493 1208 7
1522 1177 1577 1208 Sic
1601 1177 1773 1220 pleraeque

218 1222 294 1254 edd.
315 1229 398 1254 vett.
423 1229 455 1253 et
478 1223 573 1265 pauci
597 1222 694 1254 codd.
717 1222 920 1259 deteriores3
943 1221 1092 1264 plerique
1116 1221 1224 1260 codd,
1249 1222 1347 1253 etiarn
1371 1222 1404 1253 R.
1429 1223 1460 1252 P.
1486 1221 1571 1253 Gud.
1588 1222 1616 1253 1.
1641 1224 1680 1254 ΙΙ.
1702 1225 1773 1254 dili-

216 1270 328 1308 9enda.
377 1266 399 1299 8
422 1268 476 1298 Sic
496 1270 549 1298 Or.
577 1279 602 1298 c.
631 1268 668 1298 R.
696 1268 727 1299 P.
756 1267 842 1298 Gud.
866 1268 895 1298 l.
918 1269 957 1300 Il.
980 1266 1115 1310 aliisque
1138 1267 1248 1298 multis
1271 1273 1303 1297 et
1328 1266 1548 1310 compluribus
1572 1267 1647 1300 edd.
1672 1274 1772 1306 vett.;

217 1312 272 1344 alii
292 1315 470 1353 a9itamus:
494 1312 582 1355 qnod
607 1312 662 1344 Kl.
682 1313 828 1355 recepit,
855 1323 941 1343 nunc
960 1319 1069 1343 autem
1088 1311 1121 1343 in
1142 1312 1227 1343 Add.
1252 1311 1368 1343 reiicit.

219 1379 283 1411 duo
308 1379 426 1411 Leidd.
452 1386 518 1410 tres
544 1382 624 1411 Oxx.
653 1382 778 1422 (eorum
804 1391 883 1410 unus
908 1389 977 1410 mu-

217 1425 319 1465 tandi)
351 1435 412 1466 pro
438 1424 523 1466 vulg.
546 1427 741 1464 imitandae,
774 1436 871 1467 quam
895 1423 976 1454 reti—

218 1470 290 1500 nuit
314 1472 455 1501 Orellius.
492 1471 515 1500 E
540 1469 778 1500 recentioribus
796 1468 977 1500 editoribus

219 1514 301 1545 illud
318 1516 456 1545 Klotzius
481 1521 513 1545 et
532 1516 630 1546 Moser
650 1521 856 1556 receperunt.
887 1514 979 1544 Haec

220 1559 421 1591 constructio
445 1559 552 1590 multis
581 1559 661 1590 locis
686 1572 704 1591 a
727 1559 865 1590 librariis
888 1558 978 1589 falsis

218 1604 388 1647 scripturis
413 1604 602 1635 oblitterata
627 1611 688 1636 est.
734 1606 913 1644 Madvigius
937 1603 979 1634 ad

219 1649 290 1680 Fin.
313 1651 337 1680 I.
362 1649 411 1690 18,
433 1648 486 1681 (30.
509 1661 539 1691 p.
560 1649 629 1681 113.
655 1649 740 1681 hanc
761 1649 980 1681 constructio-

219 1705 294 1725 nem
317 1705 334 1725 e
353 1693 489 1724 duarum
509 1694 541 1724 in
567 1705 660 1724 unam
678 1694 873 1725 confusione
893 1696 980 1736 (stu—

219 1738 308 1770 dium
339 1740 485 1770 imitandi
508 1742 660 1778 sapientes
693 1746 726 1770 et
755 1739 899 1770 studium
922 1749 980 1770 sa-

215 1786 366 1823 pientium
393 1784 628 1824 imitandorum)
667 1784 824 1826 originem
852 1783 980 1814 duxisse

220 1828 395 1865 existimat,
421 1828 674 1870 explicationem
698 1836 806 1860 autem
829 1841 919 1859 suam
942 1839 980 1859 eo

219 1873 315 1904 valde
339 1872 534 1912 confirmari,
552 1874 641 1916 quod
662 1885 758 1905 nemo
781 1874 829 1905 sic
849 1873 978 1911 dixerit,

218 1918 279 1949 nisi
311 1918 342 1948 in
375 1918 501 1960 plurali.
560 1922 602 1949 At
629 1919 710 1950 haec
744 1919 921 1961 explicatio
948 1925 981 1949 et

218 1962 258 1993 ab
283 1963 371 1994 omni
397 1963 630 2005 probabilitate
654 1964 821 2002 abhorret,
848 1975 909 1995 nec
928 1975 980 2002 eo,

219 2008 307 2050 quod
332 2008 425 2045 dixit,
446 2008 667 2045 confirmatur,
685 2009 730 2039 uti
746 2016 777 2040 et
797 2010 860 2045 hic,
884 2020 978 2051 quem

219 2052 431 2083 cummaxime
445 2059 632 2089 tractamus,
650 2053 740 2084 locus
763 2061 796 2084 et
817 2054 883 2092 alii,
897 2065 978 2096 quos

218 2104 333 2138 postea
360 2097 707 2135 commemorabimus,
740 2098 978 2130 demonstrant.

218 2141 325 2172 Multo
351 2141 531 2182 simplicior
550 2153 587 2172 ac
608 2142 716 2174 verior
736 2155 771 2173 ea
797 2154 892 2186 quam
914 2143 977 2174 iam

217 2185 273 2217 alii
302 2186 467 2217 iniverunt
498 2193 546 2217 cst
567 2187 671 2224 ratio,
708 2199 769 2229 qua
795 2187 977 2219 substanti-

217 2242 293 2262 vum
327 2243 442 2273 regens
477 2243 548 2263 cum
579 2232 726 2273 genitivo
760 2232 908 2274 gerundii
944 2232 975 2263 in

217 2286 314 2307 unam
358 2277 526 2308 notionem
569 2279 727 2319 (studium
759 2279 903 2309 imitandi
932 2292 976 2304 =

218 2321 571 2364 Nuchahmnngseiser)
597 2323 752 2353 coaluisse
775 2330 807 2354 et
830 2322 906 2353 inde
926 2323 976 2354 al-

217 2371 268 2397 ter
291 2367 452 2409 genitivus
475 2367 618 2409 pendere
638 2368 809 2399 iudicatur.
857 2369 895 2399 V.
917 2379 976 2399 nos

217 2410 249 2441 in
274 2412 330 2443 Gr.
347 2413 382 2444 L.
405 2413 433 2454 6.
452 2414 522 2444 151.
545 2413 697 2445 Not.15:
726 2412 777 2444 ubi
795 2412 885 2444 allati
900 2419 976 2443 sunt

217 2455 250 2486 hi
274 2456 356 2487 loci:
385 2457 483 2488 Acad.
503 2458 540 2488 ll.
561 2455 613 2493 41,
641 2460 714 2490 ize-s.
742 2459 834 2489 Verr.
852 2458 906 2489 JV.
921 2456 974 2495 -17,

219 2498 293 2532 104.
320 2504 386 2532 [Ην.
411 2503 449 2532 11.
473 2505 504 2540 ζ’,
528 2504 557 2533 ὃ.
584 2502 665 2533 Phil.
693 2504 732 2533 V.
753 2503 784 2539 3,
810 2502 842 2535 5.
867 2502 907 2533 de
922 2504 975 2534 Or.

217 2545 275 2575 ΙΙΙ.
297 2546 359 2582 3·“Ἶ“.
387 2546 477 2583 156.;
513 2546 597 2578 adde
620 2559 715 2589 quem
736 2547 846 2579 attulit
867 2550 976 2587 Moser,

216 2588 302 2621 Tim.
333 2602 358 2620 c.
385 2590 423 2620 Q:
471 2594 688 2630 „reliquorum
722 2595 859 2624 siderum
894 2604 976 2635 quae

217 2644 328 2666 caussa
361 2637 532 2666 collocandi
566 2637 663 2667 suerit
689 2649 836 2679 quaeque
862 2649 974 2668 eorum

218 2679 440 2715 collocatio,“
465 2685 498 2710 et
523 2691 602 2720 quos
626 2681 689 2712 iam
715 2685 861 2714 Davisius
883 2682 972 2713 exci-

218 2725 311 2761 tavit,
330 2724 409 2755 (lod.
424 2725 500 2755 lust.
516 2723 570 2755 lib.
582 2725 621 2755 V.
643 2726 695 2756 tit.
711 2728 764 2758 37.
788 2729 810 2757 1.
824 2730 885 2758 ¹52:
911 2727 974 2758 huc

217 2769 365 2807 accedit,
401 2769 489 2811 quod
522 2771 621 2808 ipsius
651 2774 821 2810 pecuniae,
854 2771 886 2802 in
912 2783 974 2814 qua

217 2815 317 2849 robur
341 2825 436 2844 omne
460 2813 732 2856 patrimoniorum
758 2822 885 2846 veteres
911 2828 974 2858 po·-

217 2866 362 2897 suerunt,
388 2861 549 2900 fenerandi
566 2868 639 2890 usus
654 2858 705 2889 vix
720 2859 900 2898 diuturnus,
922 2861 975 2892 vix

219 2905 392 2935 continuus
419 2911 451 2934 et
474 2903 599 2934 stabilis
624 2910 683 2934 est.
717 2905 792 2935 Ter.
815 2905 894 2936 Hec.
918 2906 973 2937 lll.

217 2948 249 2986 3,
277 2950 333 2982 13:
361 2958 422 2991 ego
446 2952 512 2981 eius
537 2948 714 2991 (feminin.)
740 2950 867 2981 videndi
890 2953 975 2989 cupi-

1013 1381 1071 1411 dus
1098 1380 1172 1422 (pro
1190 1380 1257 1410 eius
1274 1378 1437 1410 videndae
1458 1379 1559 1421 cup).
1583 1381 1724 1412 Klotzius
1739 1380 1770 1411 in

1013 1424 1098 1456 Add.
1130 1424 1260 1467 p.19&.
1294 1423 1406 1455 addit:
1443 1425 1579 1455 Sueton.
1604 1425 1772 1456 Octavian.

1014 1481 1040 1502 c.
1054 1469 1117 1502 95:
1152 1475 1266 1500 exacta
1290 1468 1422 1500 iocandi
1444 1471 1566 1501 licentia
1588 1471 1772 1509 diripiendi-

1011 1525 1069 1554 que
1087 1524 1250 1554 pomorum
1264 1520 1296 1545 et
1310 1516 1504 1546 obsoniorum
1523 1524 1685 1554 rerumque
1700 1518 1774 1546 mis-

1011 1562 1127 1591 silium.
1157 1559 1309 1597 Gell.IV‚
1333 1560 1371 1590 15
1386 1565 1485 1589 extr:
1511 1558 1674 1601 elegantia
1695 1571 1772 1591 ora—

1012 1604 1113 1635 tionis
1139 1603 1285 1634 Sallustii
1318 1605 1540 1643 verborumque
1571 1606 1708 1644 fingyendi
1741 1611 1774 1635 et

1013 1650 1152 1681 novandi
1174 1650 1321 1680 studium.
1355 1649 1447 1687 XVI,
1469 1652 1510 1680 ὅτ
1536 1648 1654 1680 fecisse
1677 1649 1773 1680 vide-

1014 1700 1068 1725 tur
1093 1705 1166 1725 eum
1190 1693 1307 1724 librum
1327 1693 1435 1724 Aelius
1459 1692 1507 1724 sui
1532 1694 1633 1735 magis
1653 1694 1773 1726 admo-

1014 1739 1134 1777 nendi,
1183 1749 1280 1781 quam
1321 1741 1456 1770 aliorum
1487 1740 1617 1770 docendi
1658 1743 1773 1780 granu.

1015 1787 1154 1816 Haasius
1186 1783 1227 1815 ad
1255 1782 1388 1826 Reisig-ii
1422 1782 1462 1814 de
1498 1784 1554 1814 Gr.
1583 1785 1619 1815 L.
1644 1784 1773 1816 scholas

1016 1842 1046 1872 p.
1060 1830 1136 1863 772.
1160 1840 1267 1871 comp.
1280 1830 1437 1859 Frontou.
1452 1840 1526 1871 epp.
1541 1828 1583 1859 ad
1603 1841 1665 1860 am.
1684 1831 1703 1867 l,
1717 1827 1771 1861 '3-1.

1016 1887 1046 1917 p.
1067 1875 1144 1906 1525:
1171 1878 1274 1906 tantus
1289 1884 1364 1905 usus
1378 1875 1552 1905 studiorum
1565 1876 1774 1914 bonarumque

1014 1921 1129 1951 ar-tium
1149 1921 1411 1951 communicandi.
1449 1918 1532 1949 Dict.
1557 1918 1701 1950 Cretens.
1720 1920 1773 1957 IV,

1014 1966 1052 1997 ὅτ
1078 1963 1166 1994 missi
1185 1964 1224 1994 ab
1238 1963 1391 1995 Troianis
1414 1962 1466 2005 qui
1487 1970 1637 2004 peterent
1656 1974 1773 2004 eornm,

1015 2008 1067 2052 qui
1089 2009 1119 2039 in
1144 2008 1232 2040 bello
1251 2008 1448 2045 ceciderant,
1474 2010 1625 2040 humandi
1640 2011 1773 2040 veniam.

1015 2061 1047 2085 et
1074 2057 1204 2085 Gronov.
1230 2060 1262 2084 et
1287 2055 1441 2085 Drakenb.
1466 2053 1509 2084 ad
1543 2053 1615 2085 Liv.
1644 2054 1772 2085 XXIV.

1013 2098 1066 2136 23,
1095 2101 1122 2130 1.
1174 2101 1254 2129 Voss.
1282 2098 1323 2129 de
1349 2105 1471 2131 constr.
1498 2110 1524 2130 e.
1537 2098 1590 2131 53.
1624 2100 1773 2130 Raddim.

1013 2144 1052 2173 ΙΙ.
1076 2155 1108 2185 p.
1123 2141 1188 2174 246
1200 2154 1247 2185 sq.
1270 2149 1302 2173 et
1314 2145 1411 2174 Kritz.
1424 2143 1465 2173 ad
1485 2142 1562 2174 Sall.
1585 2143 1654 2174 Cat.
1673 2144 1726 2181 51,
1741 2145 1771 2175 ὗ.

1012 2190 1112 2219 Moser
1128 2186 1240 2218 laudat
1256 2191 1401 2218 Garaton.
1417 2188 1457 2218 ad
1472 2187 1609 2229 Philipp.
1625 2200 1654 2229 p.
1672 2187 1715 2219 9&
1723 2200 1772 2230 sq.

1012 2232 1063 2262 ed.
1078 2231 1235 2263 Wernsd.
1251 2233 1379 2263 Benech.
1403 2232 1443 2262 ad
1460 2232 1526 2263 Cic.
1548 2232 1642 2263 Catil.
1661 2233 1682 2262 l.
1696 2232 1726 2270 3,
1740 2232 1770 2265 7.

1012 2289 1044 2320 p.
1065 2277 1118 2310 57.
1172 2279 1315 2309 Wiillner.
1343 2277 1422 2308 'uber
1454 2276 1484 2307 d.
1517 2276 1588 2308 Cas.
1624 2288 1652 2308 u.
1679 2276 1771 2307 Mod.

1013 2333 1045 2365 p.
1065 2319 1126 2353 106
1139 2333 1187 2364 sq.
1228 2324 1360 2361 Kr1'29er.
1382 2322 1463 2353 iiber
1483 2321 1514 2353 d.
1539 2326 1624 2353 Attr.
1650 2333 1681 2364 p.
1700 2322 1769 2353 15.)-

1080 2369 1189 2406 quibus
1213 2386 1255 2390 —
1280 2366 1480 2409 moderatur]
1517 2378 1596 2409 quas
1622 2385 1662 2389 —-
1687 2366 1771 2397 ratio

1012 2418 1121 2443 tamen
1139 2411 1250 2443 divina
1266 2423 1421 2454 mensque
1442 2411 1526 2453 regit
1547 2418 1580 2443 et
1600 2411 1770 2454 gubernat.

1012 2457 1103 2488 Haec
1123 2457 1221 2488 verba
1243 2456 1397 2487 videntur
1416 2456 1544 2488 adiecta
1569 2469 1587 2488 a
1611 2457 1770 2487 Cicerone

1013 2508 1127 2534 contra
1150 2501 1337 2533 Stoicorum
1363 2501 1566 2544 opinionem,
1591 2502 1644 2544 qui
1668 2501 1770 2532 fatum

1012 2558 1081 2577 esse
1105 2547 1306 2578 statuebant.
1354 2548 1393 2578 V.
1422 2558 1480 2577 nos
1512 2546 1543 2577 in
1569 2546 1654 2577 libro
1679 2545 1770 2576 dicto

1011 2594 1047 2624 cle
1075 2594 1170 2624 Cicer.
1196 2594 1229 2624 in
1251 2594 1327 2631 phil.
1351 2601 1425 2622 mer.
1453 2603 1484 2633 p.
1500 2593 1565 2623 20&
1576 2602 1623 2633 sq.

1078 2637 1169 2678 §.71.
1204 2637 1360 2680 citeriora]
1388 2636 1429 2667 H.
1444 2647 1470 2666 e.
1499 2635 1675 2666 terrestria.
1716 2634 1766 2665 Cs.

1011 2682 1110 2724 Legg.
1132 2682 1188 2712 ΙΙΙ.
1210 2684 1240 2720 2,
1264 2680 1303 2713 4:
1331 2688 1365 2712 ut
1389 2680 1431 2712 ad
1448 2681 1529 2711 haec
1549 2682 1691 2711 citeriora
1709 2691 1768 2711 ve·-

1009 2738 1106 2758 mam.

1076 2781 1190 2811 9enera
1211 2772 1388 2811 partesque]
1415 2770 1454 2801 V.
1476 2768 1517 2800 ad
1543 2770 1598 2800 ΙΙΙ.
1628 2768 1686 2807 11,
1713 2766 1766 2800 [²4.

1080 2814 1274 2856 ea'ctremum]
1313 2816 1391 2846 lines
1415 2814 1577 2845 bonorum
1603 2820 1634 2844 et
1659 2813 1766 2845 malo-

1010 2872 1091 2892 rum.
1129 2861 1181 2892 Cf.
1197 2861 1284 2891 infra
1308 2861 1400 2897 e.2>5‚
1423 2859 1474 2891 ol.
1500 2866 1533 2889 et
1556 2870 1615 2890 nos
1638 2859 1670 2889 in
1686 2858 1768 2889 libro

1010 2905 1041 2936 d.
1065 2918 1096 2948 p.
1111 2906 1163 2938 55.
1187 2905 1271 2937 Adn.
1286 2905 1331 2945 ὃ).
1368 2903 1598 2945 Signilicuntur
1615 2904 1648 2936 h.
1660 2903 1681 2934 l.
1704 2910 1768 2934 tres

1010 2957 1131 2993 partes,
1157 2950 1190 2982 in
1212 2961 1290 2993 quas
1312 2947 1415 2981 Stoici
1438 2948 1596 2981 moralem
1615 2948 1767 2992 philoso-
