1832 3137
635 101 798 134 LIBER
823 103 863 134 11.
891 101 952 142 11,
978 97 1031 135 26.

51 180 186 235 quiris.

249 178 425 221 Videsne
456 178 654 221 abundare
693 194 755 220 me
791 180 897 221 otio?

1527 90 1609 133 205

964 180 1017 221 Α.
1059 177 1162 234 Quid
1203 180 1310 220 tum?
1379 179 1444 221 M.
1481 178 1610 221 Fuisti

51 266 183 308 saepe,
207 253 340 302 credo,
360 267 475 307 quum
492 252 657 293 Athenis
676 267 803 303 esses,
827 253 866 293 in
885 253 1028 295 scholis
1045 253 1376 308 philosophorum.
1409 253 1463 294 A.
1485 253 1608 306 Vero,

50 340 94 366 ac
117 326 284 366 libenter
312 325 480 379 quidem.

545 326 607 366 ssl.
640 326 996 367 Animadvertebas
1023 327 1156 380 igitur,
1191 327 1262 367 etsi
1287 333 1363 367 tum
1387 341 1501 368 nemo
1526 335 1612 369 erat

51 399 255 439 admodum
289 398 493 453 copiosus,
527 406 783 439 veruntamen
815 412 955 439 versus
989 399 1035 440 ab
1069 400 1150 439 iisl
1185 400 1390 441 admisceri
1425 401 1608 442 orationi.

49 471 102 512 A.
134 472 195 512 Ac
219 472 360 512 multos
386 462 538 526 quidem
561 487 582 512 a
603 471 796 527 Dionysio
825 470 976 512 Stoico.
1040 472 1104 512 M.
1137 471 1266 514 Probe
1295 474 1406 514 dicis.
1470 472 1549 515 Sed
1578 475 1611 516 is

52 545 162 599 quasi
193 546 336 585 dictata
362 546 467 585 nullo
499 546 683 585 delectu2
701 576 711 595 ‚
747 545 848 584 nulla
877 545 1091 598 elegantia3
1124 544 1237 586 Philo
1262 555 1300 586 et
1323 546 1518 601 proprium
1542 563 1612 588 nu-

141 646 202 676 Xl.

51 691 75 722 1.
99 689 140 730 3,
166 692 198 724 Ξ).
245 690 266 722 2
296 703 326 723 v.
351 691 434 723 Adn.

52 752 234 784 firmativae
259 759 292 783 et
315 752 506 794 negativae,
534 752 729 784 confusione
755 753 815 796 (vi-

51 799 170 829 desne?
194 813 239 824 =
264 799 375 829 vides?
410 800 532 829 videsne
545 798 573 830 5²5
611 805 716 829 ortam
743 797 814 828 exi-

52 842 183 873 stimat:
215 853 354 884 namque
380 842 430 882 is,
456 842 508 885 qui
535 842 704 873 indefinite
728 843 816 874 alte-

54 898 124 918 rum
149 886 344 929 interrogat,
368 887 512 918 incertus
532 893 594 926 est,
622 894 728 918 utrum
752 887 815 918 ali-

52 931 129 974 quid
165 943 240 963 vere
274 931 338 972 sit,
380 943 484 964 necne
516 931 570 963 sit.
619 932 682 963 Ubi
716 932 816 974 igitur

51 976 189 1019 simplex
209 987 246 1008 ne
266 983 455 1019 usurpatum
475 977 605 1008 videtur
628 988 687 1019 pro
705 987 816 1016 nonne,

52 1021 85 1052 h.
110 1033 137 1054 e.
164 1021 217 1053 ubi
242 1021 287 1059 is,
314 1021 369 1064 qui
393 1022 598 1063 interrogat,
626 1029 718 1054 certo
742 1022 815 1059 scit,

55 1066 195 1097 alterum
215 1066 460 1109 responsionem
477 1067 715 1098 affirmaturum
734 1078 814 1104 esse,

54 1111 196 1143 orationi
220 1122 319 1154 saepe
342 1112 435 1143 color
459 1111 591 1154 quidam
614 1111 740 1143 ironiae
754 1111 814 1142 ad-

53 1155 218 1187 miscetur.
254 1158 292 1187 V.
307 1168 366 1188 nos
386 1156 418 1187 in
436 1157 491 1188 Gr.
504 1157 541 1186 L.
559 1156 586 1197 ἓ.
603 1157 675 1188 158.
691 1157 771 1188 Not.
784 1155 816 1188 6.

120 1202 224 1241 credo]
252 1200 375 1233 urbane
392 1211 469 1243 pro:
495 1203 559 1232 sine
576 1203 679 1232 dubio.
707 1200 818 1231 Omni-

53 1257 96 1277 no
122 1245 313 1284 tenendum.
338 1253 478 1284 veteres,
504 1245 698 1276 urbanitatis
720 1256 817 1276 sensu

55 1291 183 1326 ducum,
209 1302 308 1333 saepe
331 1302 399 1322 rem
423 1289 636 1322 certissimam
656 1301 694 1321 ac
717 1289 818 1320 mini-

53 1347 105 1366 me
125 1335 256 1366 dubiam
279 1335 469 1366 dubitanter
490 1341 522 1364 et
545 1334 695 1366 modeste
715 1334 817 1365 effer-

54 1391 98 1411 re.
147 1381 194 1410 Ex
219 1379 335 1410 eodem
372 1379 564 1411 urbanitatis
598 1390 695 1410 sensu
724 1378 818 1409 fluxit

55 1425 210 1466 frequens
242 1424 332 1455 verbi
366 1426 466 1456 videri
502 1430 534 1456 et
559 1423 647 1466 apud
673 1423 817 1455 Graecos

52 1468 144 1501 verbi
177 1471 285 1503 δοκεῖν
321 1480 396 1500 usus
421 1469 462 1500 de
496 1468 592 1500 rebus
627 1467 817 1511 exploratiS,

55 1524 153 1556 porro
198 1514 322 1545 locutio
358 1516 458 1546 nescio
491 1525 533 1546 an
569 1513 611 1545 de
655 1513 818 1544 sententia

56 1566 155 1590 certa.
205 1559 285 1590 Aliis
316 1559 396 1590 locis
430 1561 539 1598 credo,
576 1565 666 1590 extra
699 1570 818 1589 nexum

55 1603 212 1635 orationis
238 1604 392 1646 positum,
416 1603 517 1635 habet
530 1604 652 1635 ironiae
674 1603 751 1642 vim,
773 1603 820 1634 uti

55 1649 225 1680 docuimus
249 1649 291 1680 ad
318 1649 340 1679 Ι.
362 1648 424 1686 22,
449 1649 503 1680 5⁴2.

126 1696 212 1733 Vero,
236 1704 274 1726 ac
298 1696 422 1725 libenter
446 1693 584 1736 quidem]
610 1693 663 1724 Sic
683 1695 818 1724 Terent.

56 1737 158 1770 Andr.
192 1739 233 1770 ΙΙ.
262 1739 297 1778 1,
322 1738 386 1771 37:
434 1749 495 1779 ego
529 1749 600 1770 vero
633 1749 670 1770 ac
704 1741 818 1770 lubens.

56 1783 107 1816 Cf.
129 1785 287 1815 Ruhnken.
311 1782 430 1814 Dictat.
455 1783 489 1814 in
512 1784 648 1815 Terent.
671 1784 753 1814 Eun.
779 1784 818 1814 V.

55 1830 95 1864 3,
121 1827 152 1859 6.
202 1827 253 1859 Ad
278 1839 308 1858 v.
330 1828 461 1860 veroin
484 1828 700 1870 responsione
725 1828 819 1859 affir-

55 1872 177 1904 mativa
202 1872 462 1904 enuntiationem
488 1873 619 1904 ordiens
660 1873 703 1904 cf.
733 1874 820 1906 Brut.

54 1917 117 1955 ῠῗ,
142 1917 227 1949 500:
264 1917 329 1947 Sed
352 1924 389 1948 tu
414 1917 580 1948 orationes
605 1917 700 1948 nobis
725 1923 820 1947 vete—

56 1973 107 1993 res
132 1960 338 2003 explicabis?
391 1964 487 2001 Vero,
521 1961 673 2004 inquam,
709 1962 816 1992 Bru*e.

59 2006 152 2038 Adde
177 2008 332 2038 Moserum
357 2012 390 2037 et
422 2009 558 2037 Giesium
588 2006 629 2037 ad
665 2005 770 2037 Divin.
795 2007 819 2037 Ι.

57 2050 111 2087 -16,
133 2048 205 2082 104.
233 2051 334 2092 Legg.
358 2052 381 2081 1.
405 2049 458 2088 24,
485 2052 539 2083 63.
567 2062 597 2093 p.
617 2051 687 2082 151.
713 2051 821 2096 1171&

58 2094 111 2126 «15.
138 2106 170 2136 p.
184 2095 260 2127 301.
309 2095 360 2125 Cf.
390 2094 510 2126 Adnot.
536 2095 567 2126 in
597 2097 617 2126 1.
648 2095 696 2131 11,
721 2098 774 2126 24.

124 2139 305 2182 admisceri]
334 2139 395 2171 Hic
417 2139 626 2171 exornandae
647 2146 746 2182 atque
761 2151 822 2170 ex-

58 2183 248 2215 hilarandae
284 2184 442 2215 orationis
477 2196 588 2216 caussa
613 2196 724 2216 versus
760 2184 823 2215 ad-

57 2228 217 2259 miscendi
249 2240 319 2260 mos
355 2229 442 2271 apud
472 2229 666 2271 posterioris
690 2229 822 2261 demum

57 2273 175 2304 aetatis
200 2273 416 2316 philosophos
440 2281 473 2305 et
492 2274 642 2306 rhetores
664 2274 820 2313 invaluit3

59 2317 153 2349 Plato
180 2325 213 2348 et
238 2318 433 2349 Aristoteles
457 2322 630 2361 poetarum
654 2331 766 2350 versus
790 2319 822 2350 in

61 2368 170 2403 partes
195 2362 359 2393 vocabant
393 2363 436 2393 ad
459 2364 657 2394 sententiam
681 2364 823 2406 aliquam

61 2412 117 2437 aut
148 2406 353 2447 probandam
389 2413 445 2438 aut
483 2407 740 2447 confutandam,
776 2408 823 2439 uti

60 2456 148 2481 recte
174 2452 307 2482 Orellius
327 2450 452 2481 docuit.

126 2497 218 2534 quasi
251 2496 382 2535 dictata]
428 2497 553 2526 Diclata
586 2502 661 2526 sunt
698 2496 822 2535 ζὲέσεις,

60 2545 247 2582 praecepta,
269 2539 415 2579 decreta,
441 2550 522 2582 quae
544 2551 561 2570 a
586 2540 748 2582 magistris
768 2554 823 2572 ar-

61 2584 103 2615 t-is
127 2583 261 2615 alicuius
285 2584 452 2626 discipulis
486 2584 659 2616 scribenda
683 2585 825 2616 tradun—

61 2634 133 2667 tur,
170 2635 206 2659 ut
229 2628 270 2660 ab
295 2628 340 2660 eis
367 2628 571 2668 ediscantur,
610 2629 656 2660 uti
681 2629 826 2671 explicat

62 2674 220 2704 Ernestius
245 2673 279 2704 in
305 2673 395 2705 Clav.
423 2673 571 2705 Ciceron.
596 2674 628 2705 h.
655 2686 685 2706 v.
718 2674 760 2705 ad
785 2676 825 2713 Q.

64 2716 118 2747 Fr.
141 2717 206 2756 111,
234 2719 269 2750 l:
308 2730 415 2750 meam
447 2718 480 2749 in
514 2718 605 2750 illum
641 2718 824 2750 orationem

65 2770 175 2791 omnes
210 2762 302 2803 pueri
333 2770 490 2806 tanquam
515 2765 631 2795 dictata
663 2763 824 2794 ediscunt.

67 2803 120 2835 Cf.
146 2805 185 2836 N.
215 2806 251 2837 D.
276 2808 300 2838 l.
323 2807 386 2849 26,
411 2808 464 2841 72.
512 2808 583 2839 Fin.
619 2809 655 2839 11.
680 2808 743 2846 ⁴29,
770 2808 823 2840 95.

66 2848 123 2880 IV·
149 2846 186 2887 4,
214 2851 264 2882 10.
314 2852 465 2884 Ceterum
489 2852 566 2884 huic
590 2852 665 2884 loco
689 2852 743 2883 lux
768 2852 824 2883 af—

65 2891 216 2924 funditur
234 2904 251 2925 e
275 2896 382 2928 verbis
400 2897 629 2940 sequentibus:
656 2899 745 2929 Philo
769 2907 824 2929 ηο-

64 2940 126 2968 ster
155 2956 196 2961 —-
225 2940 422 2980 odiun9ebal.
479 2942 613 2974 Scilicet
647 2941 824 2984 Dionysius

256 647 268 677 1
297 646 350 678 Sic
381 646 497 689 scripsi
521 658 547 678 c.
572 646 675 678 Rehd.
711 645 796 679 Gud.
824 645 935 677 Duisb.
971 652 1004 677 et
1036 645 1111 678 edd.
1137 652 1219 677 vett.
1242 648 1291 678 SE
1315 659 1376 690 pro
1399 649 1456 680 his.
1503 649 1543 680 V.
1570 649 1613 681 ad

851 764 962 784 versus
987 752 1119 796 quidem
1143 752 1345 785 admiscebat
1372 754 1529 793 orationi,
1555 755 1614 786 sed

851 809 907 829 eos
942 809 1009 830 non
1043 798 1267 840 distinguebat
1298 799 1435 841 proprio
1470 799 1613 842 quodam

850 854 986 874 numero
1010 854 1027 873 a
1056 843 1208 882 dictatis,
1250 843 1280 874 h.
1307 855 1334 874 e.
1361 855 1472 875 versus
1497 844 1613 875 eodem

851 899 915 930 quo
952 887 1030 919 artis
1066 888 1198 919 decreta
1236 900 1319 919 sono
1354 889 1516 921 recitabat
1553 901 1614 920 nec

851 936 1038 975 po‘e'matum
1064 932 1229 964 delectum
1253 933 1405 972 habebat,
1430 934 1462 966 h.
1477 946 1504 966 e.
1528 937 1614 976 poe—

851 985 939 1008 mata
963 984 1040 1020 apta
1062 977 1182 1020 ineptis
1206 977 1373 1015 miscebat,
1398 990 1459 1010 nec
1473 979 1615 1022 denique

851 1034 963 1053 versus
990 1034 1061 1054 cum
1094 1022 1276 1065 eleganti-⁷1,
1312 1022 1344 1054 h.
1369 1035 1396 1056 e.
1425 1031 1502 1066 apto
1526 1024 1614 1064 loco,

851 1067 1061 1109 adiungebat.
1101 1069 1149 1098 De
1168 1067 1268 1098 verbo
1283 1070 1451 1107 eleqanciae
1474 1081 1502 1100 v.
1518 1080 1615 1111 supra

852 1111 893 1142 ad
928 1114 952 1143 1.
978 1113 1040 1148 25,
1069 1113 1121 1143 55.
1174 1114 1220 1142 De
1246 1112 1402 1151 Philone,
1441 1113 1528 1144 cuius
1554 1125 1615 1145 au-

854 1156 1040 1188 ctoritatem
1073 1168 1171 1199 saepe
1203 1156 1273 1188 aliis
1304 1168 1433 1200 quoque
1454 1158 1535 1190 locis
1559 1169 1615 1190 se—

853 1201 981 1244 quitur,
1019 1213 1049 1232 v.
1075 1212 1134 1232 nos
1168 1202 1198 1232 in
1233 1201 1317 1233 libro
1341 1201 1362 1232 d
1398 1214 1428 1244 p.
1445 1202 1499 1236 67.
1522 1203 1554 1245 3)
1582 1209 1616 1235 et

852 1257 885 1288 p.
902 1245 956 1278 56.
981 1245 1015 1276 in
1042 1245 1165 1276 Adnot.

919 1291 1050 1331 delectu]
1078 1293 1178 1322 Moser
1201 1302 1226 1322 e.
1244 1291 1279 1322 R.
1299 1291 1448 1333 (Tregd.)
1467 1292 1524 1323 Gr.
1540 1293 1614 1326 Vat.

853 1333 940 1365 Gud.
966 1336 991 1366 1.
1019 1335 1057 1366 11.
1083 1335 1209 1376 aliquot
1245 1336 1343 1367 codd.
1369 1336 1482 1367 Lamb.
1513 1337 1616 1368 tribus

853 1378 932 1411 Pall.
957 1385 990 1410 et
1016 1379 1090 1410 edd.
1105 1386 1184 1410 vett.
1203 1380 1307 1411 Gebh.
1322 1381 1418 1412 Verb.
1447 1381 1550 1413 Gron.
1578 1383 1616 1413 D.

852 1422 957 1454 edidit
976 1425 1088 1455 dilectu
1111 1434 1171 1465 pro
1192 1425 1278 1466 vulg.
1296 1427 1423 1457 delectu.
1462 1426 1617 1457 Distinxit

852 1469 996 1499 dilectum
1031 1480 1048 1499 a
1082 1471 1198 1500 delectu
1232 1469 1273 1500 ad
1315 1469 1356 1500 de
1391 1470 1471 1512 Rep.
1507 1472 1536 1509 1,
1562 1469 1616 1503 34.

853 1524 885 1555 p.
904 1512 974 1544 141.
1001 1513 1073 1545 coll.
1097 1513 1139 1544 ib.
1166 1514 1202 1551 11,
1233 1515 1283 1546 12.
1307 1513 1427 1556 1›.245.
1457 1521 1489 1545 et
1510 1515 1551 1546 ad
1576 1515 1618 1547 de

858 1556 964 1589 Divin.
988 1559 1022 1596 l,
1047 1557 1100 1590 45.
1132 1570 1162 1600 p.
1181 1559 1269 1596 2233
1306 1571 1367 1590 nec
1400 1571 1478 1591 sane
1512 1560 1619 1592 forma

854 1604 983 1634 dilectus
1007 1603 1163 1640 haberet,
1191 1615 1247 1635 cur
1270 1604 1448 1635 reiicienda
1470 1612 1566 1643 esset,
1592 1605 1620 1637 si

856 1647 971 1679 eadem
1003 1649 1096 1680 notio
1130 1648 1228 1679 etiam
1248 1648 1279 1680 in
1314 1650 1447 1681 verbum
1469 1651 1620 1690 diliqendi

856 1692 1008 1731 caderet,
1047 1693 1136 1736 quod
1167 1705 1233 1724 non
1264 1694 1310 1725 ita
1332 1701 1391 1725 est.
1441 1695 1480 1727 V.
1505 1695 1546 1726 de
1571 1695 1620 1726 his

854 1737 962 1769 verbis
991 1750 1061 1769 cum
1086 1749 1210 1769 summa
1234 1738 1527 1781 circumspectione
1550 1739 1620 1771 dis-

854 1788 1027 1824 putantem
1048 1785 1204 1814 Krilzium
1227 1783 1268 1814 ad
1299 1784 1376 1815 Sall.
1401 1784 1472 1815 Cat.
1495 1784 1559 1823 36,
1585 1784 1618 1818 3.

855 1838 887 1869 p.
916 1827 987 1860 166.

923 1873 1012 1903 Philo
1035 1876 1062 1904 et
1092 1875 1255 1912 proprium
1287 1884 1450 1905 numerum
1485 1877 1511 1904 et
1545 1875 1622 1905 lecta

852 1916 1013 1959 poemata]
1050 1917 1216 1948 Revocavi
1241 1929 1312 1948 cum
1334 1920 1456 1950 Klotzio
1478 1918 1511 1949 in
1537 1917 1621 1949 Add.

856 1971 887 2002 p.
913 1959 956 1992 79
978 1972 1026 2003 sq.
1073 1961 1157 1992 hanc
1200 1962 1416 2004 scripturam,
1465 1974 1548 2005 quae
1587 1968 1623 1993 et

859 2004 1003 2037 omnium
1032 2005 1102 2036 fere
1125 2005 1200 2037 edd.
1214 2013 1295 2038 vett.
1316 2007 1516 2039 auctoritate
1538 2006 1622 2038 niti-

856 2056 920 2087 tur,
945 2056 980 2080 et
1001 2049 1033 2081 in
1059 2050 1221 2093 scriptura
1245 2051 1446 2093 optimorum
1471 2052 1568 2084 codd.
1584 2052 1620 2083 R.

859 2093 946 2125 Gud.
976 2096 1002 2126 l.
1037 2094 1242 2138 aliorumque
1272 2096 1352 2127 latet
1388 2098 1430 2138 (v.
1454 2098 1494 2128 V.
1525 2096 1620 2135 Ser.)-

858 2140 964 2170 Verae
991 2139 1173 2182 scripturae
1205 2141 1391 2183 corruptela
1419 2141 1490 2172 sine
1523 2141 1623 2173 dubio

857 2190 929 2215 orta
962 2191 1031 2223 est,
1070 2185 1116 2215 uti
1140 2185 1307 2216 verissime
1339 2193 1452 2217 monet
1472 2189 1623 2227 Klotzius,

859 2240 898 2260 ex
927 2240 987 2268 eo,
1025 2229 1115 2271 quod
1147 2230 1344 2262 vocabulum
1375 2241 1539 2262 numerum
1563 2242 1624 2272 per

859 2273 1091 2315 compendium
1107 2276 1180 2316 ruric
1198 2282 1253 2306 aut
1268 2274 1344 2313 ηῗᾶ)
1362 2275 1520 2317 scriptum
1534 2281 1623 2313 erat3

859 2318 903 2350 cf.
930 2319 1015 2350 Gud.
1043 2320 1070 2350 l.
1092 2319 1123 2349 in
1148 2320 1185 2351 V.
1212 2322 1298 2355 Scr.;
1338 2319 1372 2350 id
1395 2326 1505 2350 autem
1528 2330 1624 2350 corn-

859 2363 1015 2405 pendium
1060 2370 1175 2405 postea
1219 2376 1238 2395 a
1283 2363 1447 2394 nonnullis
1484 2363 1624 2396 librariis

859 2419 932 2439 cum
967 2407 1165 2450 compendio
1194 2411 1241 2439 ἣν.
1283 2407 1385 2450 (quod
1408 2419 1483 2439 vere
1517 2408 1623 2440 estin

860 2452 1018 2492 Gud.11.)
1044 2458 1263 2493 permutatum
1288 2458 1319 2482 et
1345 2456 1445 2484 noster
1464 2453 1623 2495 scriptum

861 2503 903 2534 et,
931 2508 1028 2538 quum
1051 2496 1085 2526 id
1107 2495 1222 2538 inepto
1241 2497 1316 2528 loco
1337 2503 1432 2534 esset,
1459 2505 1535 2539 post
1557 2509 1622 2529 no-

859 2552 931 2572 men
961 2542 1049 2571 Philo
1071 2540 1211 2582 positum
1235 2548 1294 2572 est.
1323 2542 1492 2573 Vocabula
1513 2550 1622 2574 autem

857 2587 1019 2625 proprium
1041 2595 1205 2617 numerum
1240 2586 1365 2628 optime
1391 2586 1422 2618 in
1456 2586 1544 2619 hunc
1568 2587 1623 2619 lo-

860 2641 933 2661 cum
956 2628 1126 2671 quadrant.
1176 2632 1213 2662 V.
1236 2630 1513 2671 Adnotationem‚
1540 2643 1623 2675 quae

860 2673 1017 2716 sequitur.

924 2721 1086 2758 proprium
1108 2721 1286 2762 numerum]
1313 2721 1504 2752 Sententia:
1530 2721 1622 2753 Philo

862 2774 1010 2793 versuum
1037 2764 1204 2806 proprium
1226 2776 1396 2796 numerum
1418 2772 1473 2796 aut
1496 2764 1622 2807 ῥυθμὸν

860 2807 1129 2850 pronuntiatione
1155 2809 1336 2852 exprimere
1359 2810 1524 2841 studebat.
1573 2811 1622 2840 De

860 2851 962 2884 verbo
977 2855 1097 2885 numeri
1112 2865 1140 2885 v.
1155 2853 1246 2886 locos
1264 2866 1282 2885 a
1299 2856 1442 2886 Schiitzio
1463 2854 1495 2884 in
1511 2853 1622 2886 Lexic.

862 2896 1008 2929 Ciceron.
1029 2897 1063 2930 h.
1074 2910 1105 2930 v.
1128 2900 1222 2941 p.55.
1243 2899 1411 2931 collectos.
1443 2897 1507 2936 Qui
1523 2897 1622 2930 verba

860 2945 888 2973 et
907 2943 1069 2982 proprium
1091 2952 1266 2983 numerum,
1290 2943 1322 2974 in
1342 2941 1508 2974 nonnullis
1524 2941 1620 2975 codd.
