<?xml version="1.0" encoding="UTF-8"?>
<!DOCTYPE html PUBLIC "-//W3C//DTD XHTML 1.0 Transitional//EN"
    "http://www.w3.org/TR/xhtml1/DTD/xhtml1-transitional.dtd">
<html xmlns="http://www.w3.org/1999/xhtml" xml:lang="en" lang="en">
 <head>
  <title>
</title>
<meta http-equiv="Content-Type" content="text/html;charset=utf-8" />
  <meta name='ocr-system' content='tesseract 3.04.00' />
  <meta name='ocr-capabilities' content='ocr_page ocr_carea ocr_par ocr_line ocrx_word'/>
</head>
<body>
  <div class='ocr_page' id='page_1' title='image "./tusculanaedisput00ciceuoft_0499.png"; bbox 0 0 1832 3137; ppageno 0'>
   <div class='ocr_carea' id='block_1_1' title="bbox 674 98 838 130">
    <p class='ocr_par' dir='ltr' id='par_1_1' title="bbox 674 98 838 130">
     <span class='ocr_line' id='line_1_1' title="bbox 674 98 838 130; baseline 0.006 -1"><span class='ocrx_word' id='word_1_1' title='bbox 674 98 838 130; x_wconf 76' lang='lat' dir='ltr'><strong>LtssER</strong></span> 
     </span>
    </p>
   </div>
   <div class='ocr_carea' id='block_1_2' title="bbox 865 93 1656 138">
    <p class='ocr_par' dir='ltr' id='par_1_2' title="bbox 865 93 1656 138">
     <span class='ocr_line' id='line_1_2' title="bbox 865 93 1656 138; baseline 0.009 -8"><span class='ocrx_word' id='word_1_2' title='bbox 865 99 902 131; x_wconf 91' lang='lat' dir='ltr'><strong>v.</strong></span> <span class='ocrx_word' id='word_1_3' title='bbox 928 96 992 138; x_wconf 82' lang='lat'><strong>28,</strong></span> <span class='ocrx_word' id='word_1_4' title='bbox 1017 97 1072 130; x_wconf 84' lang='lat'><strong>81.</strong></span> <span class='ocrx_word' id='word_1_5' title='bbox 1570 93 1656 137; x_wconf 79' lang='lat'><strong>449</strong></span> 
     </span>
    </p>
   </div>
   <div class='ocr_carea' id='block_1_3' title="bbox 74 174 1647 231">
    <p class='ocr_par' dir='ltr' id='par_1_3' title="bbox 74 174 1647 231">
     <span class='ocr_line' id='line_1_3' title="bbox 74 174 1647 231; baseline 0.004 -16"><span class='ocrx_word' id='word_1_6' title='bbox 74 174 279 224; x_wconf 86' lang='lat' dir='ltr'><strong>iustitiam,</strong></span> <span class='ocrx_word' id='word_1_7' title='bbox 313 174 610 229; x_wconf 73' lang='lat' dir='ltr'>temperantiam</span> <span class='ocrx_word' id='word_1_8' title='bbox 635 175 671 215; x_wconf 90' lang='lat' dir='ltr'><strong>in</strong></span> <span class='ocrx_word' id='word_1_9' title='bbox 692 176 903 230; x_wconf 78' lang='lat' dir='ltr'>primisque</span> <span class='ocrx_word' id='word_1_10' title='bbox 925 176 1207 227; x_wconf 86' lang='lat' dir='ltr'><strong>fortitudinem,</strong></span> <span class='ocrx_word' id='word_1_11' title='bbox 1242 178 1544 231; x_wconf 80' lang='lat' dir='ltr'><strong>magnitudinem</strong></span> <span class='ocrx_word' id='word_1_12' title='bbox 1565 183 1647 222; x_wconf 88' lang='lat' dir='ltr'><strong>ani-</strong></span> 
     </span>
    </p>
   </div>
   <div class='ocr_carea' id='block_1_4' title="bbox 72 246 1644 302">
    <p class='ocr_par' dir='ltr' id='par_1_4' title="bbox 72 246 1644 302">
     <span class='ocr_line' id='line_1_4' title="bbox 72 246 1644 302; baseline 0.004 -16"><span class='ocrx_word' id='word_1_13' title='bbox 72 246 149 298; x_wconf 90' lang='lat' dir='ltr'><strong>mi,</strong></span> <span class='ocrx_word' id='word_1_14' title='bbox 191 246 454 300; x_wconf 83' lang='lat' dir='ltr'><strong>patientiam2</strong></span> <span class='ocrx_word' id='word_1_15' title='bbox 481 255 709 302; x_wconf 87' lang='lat' dir='ltr'><strong>prosecuta,</strong></span> <span class='ocrx_word' id='word_1_16' title='bbox 745 263 859 302; x_wconf 91' lang='lat' dir='ltr'><strong>quum</strong></span> <span class='ocrx_word' id='word_1_17' title='bbox 892 249 1050 289; x_wconf 85' lang='lat' dir='ltr'><strong>tortoris</strong></span> <span class='ocrx_word' id='word_1_18' title='bbox 1078 263 1124 290; x_wconf 92' lang='lat' dir='ltr'><strong>os</strong></span> <span class='ocrx_word' id='word_1_19' title='bbox 1149 249 1315 300; x_wconf 85' lang='lat' dir='ltr'><strong>viderit,</strong></span> <span class='ocrx_word' id='word_1_20' title='bbox 1351 252 1541 292; x_wconf 83' lang='lat' dir='ltr'><strong>consistet</strong></span> <span class='ocrx_word' id='word_1_21' title='bbox 1564 254 1644 294; x_wconf 89' lang='lat' dir='ltr'><strong>vir-</strong></span> 
     </span>
    </p>
   </div>
   <div class='ocr_carea' id='block_1_5' title="bbox 76 319 1642 379">
    <p class='ocr_par' dir='ltr' id='par_1_5' title="bbox 76 319 1642 379">
     <span class='ocr_line' id='line_1_5' title="bbox 76 319 1642 379; baseline 0.005 -20"><span class='ocrx_word' id='word_1_22' title='bbox 76 319 299 373; x_wconf 84' lang='lat' dir='ltr'><strong>tutibusque</strong></span> <span class='ocrx_word' id='word_1_23' title='bbox 336 320 515 361; x_wconf 84' lang='lat' dir='ltr'><strong>omnibus</strong></span> <span class='ocrx_word' id='word_1_24' title='bbox 551 321 637 362; x_wconf 86' lang='lat' dir='ltr'><strong>sine</strong></span> <span class='ocrx_word' id='word_1_25' title='bbox 673 321 751 361; x_wconf 93' lang='lat' dir='ltr'><strong>ullo</strong></span> <span class='ocrx_word' id='word_1_26' title='bbox 786 321 902 361; x_wconf 88' lang='lat' dir='ltr'><strong>animi</strong></span> <span class='ocrx_word' id='word_1_27' title='bbox 942 328 1094 362; x_wconf 79' lang='lat' dir='ltr'><strong>terrore</strong></span> <span class='ocrx_word' id='word_1_28' title='bbox 1129 323 1173 362; x_wconf 84' lang='lat' dir='ltr'><strong>ad</strong></span> <span class='ocrx_word' id='word_1_29' title='bbox 1209 324 1418 364; x_wconf 84' lang='lat' dir='ltr'><strong>cruciatum</strong></span> <span class='ocrx_word' id='word_1_30' title='bbox 1456 326 1642 379; x_wconf 84' lang='lat' dir='ltr'><strong>profectis</strong></span> 
     </span>
    </p>
   </div>
   <div class='ocr_carea' id='block_1_6' title="bbox 73 392 826 447">
    <p class='ocr_par' dir='ltr' id='par_1_6' title="bbox 73 392 826 447">
     <span class='ocr_line' id='line_1_6' title="bbox 73 392 826 447; baseline 0.001 -15"><span class='ocrx_word' id='word_1_31' title='bbox 73 392 232 432; x_wconf 78' lang='lat' dir='ltr'><strong>resistet</strong></span> <span class='ocrx_word' id='word_1_32' title='bbox 257 399 370 433; x_wconf 84' lang='lat' dir='ltr'><strong>extra</strong></span> <span class='ocrx_word' id='word_1_33' title='bbox 397 394 501 433; x_wconf 88' lang='lat' dir='ltr'><strong>fores</strong></span> <span class='ocrx_word' id='word_1_34' title='bbox 525 393 582 447; x_wconf 87' lang='lat' dir='ltr'><strong>(ut</strong></span> <span class='ocrx_word' id='word_1_35' title='bbox 606 401 695 433; x_wconf 89' lang='lat' dir='ltr'><strong>ante</strong></span> <span class='ocrx_word' id='word_1_36' title='bbox 723 393 826 446; x_wconf 78' lang='lat' dir='ltr'><strong>dixi)</strong></span> 
     </span>
    </p>
   </div>
   <div class='ocr_carea' id='block_1_7' title="bbox 854 393 1639 449">
    <p class='ocr_par' dir='ltr' id='par_1_7' title="bbox 854 393 1639 449">
     <span class='ocr_line' id='line_1_7' title="bbox 854 393 1639 449; baseline 0.01 -17"><span class='ocrx_word' id='word_1_37' title='bbox 854 393 1047 447; x_wconf 84' lang='lat' dir='ltr'>limenque</span> <span class='ocrx_word' id='word_1_38' title='bbox 1076 396 1264 435; x_wconf 84' lang='lat' dir='ltr'><strong>carceris.</strong></span> <span class='ocrx_word' id='word_1_39' title='bbox 1329 395 1430 449; x_wconf 84' lang='lat' dir='ltr'><strong>Quid</strong></span> <span class='ocrx_word' id='word_1_40' title='bbox 1462 398 1563 438; x_wconf 91' lang='lat' dir='ltr'><strong>enim</strong></span> <span class='ocrx_word' id='word_1_41' title='bbox 1591 412 1639 440; x_wconf 84' lang='lat' dir='ltr'><strong>ea</strong></span> 
     </span>
    </p>
   </div>
   <div class='ocr_carea' id='block_1_8' title="bbox 72 464 1636 525">
    <p class='ocr_par' dir='ltr' id='par_1_8' title="bbox 72 464 1636 525">
     <span class='ocr_line' id='line_1_8' title="bbox 72 464 1636 525; baseline 0.005 -21"><span class='ocrx_word' id='word_1_42' title='bbox 72 464 237 514; x_wconf 86' lang='lat' dir='ltr'><strong>foedius,</strong></span> <span class='ocrx_word' id='word_1_43' title='bbox 269 465 356 519; x_wconf 92' lang='lat' dir='ltr'><strong>quid</strong></span> <span class='ocrx_word' id='word_1_44' title='bbox 377 465 589 506; x_wconf 77' lang='lat' dir='ltr'>deformius</span> <span class='ocrx_word' id='word_1_45' title='bbox 611 467 693 506; x_wconf 87' lang='lat' dir='ltr'><strong>sola</strong></span> <span class='ocrx_word' id='word_1_46' title='bbox 716 466 867 516; x_wconf 87' lang='lat' dir='ltr'><strong>relicta,</strong></span> <span class='ocrx_word' id='word_1_47' title='bbox 898 479 918 505; x_wconf 87' lang='lat' dir='ltr'><strong>a</strong></span> <span class='ocrx_word' id='word_1_48' title='bbox 941 467 1151 507; x_wconf 81' lang='lat' dir='ltr'><strong>comitatu²</strong></span> <span class='ocrx_word' id='word_1_49' title='bbox 1171 468 1430 522; x_wconf 84' lang='lat' dir='ltr'><strong>pulcherrimo</strong></span> <span class='ocrx_word' id='word_1_50' title='bbox 1450 484 1636 525; x_wconf 78' lang='lat' dir='ltr'><strong>segrega·</strong></span> 
     </span>
    </p>
   </div>
   <div class='ocr_carea' id='block_1_9' title="bbox 69 538 134 578">
    <p class='ocr_par' dir='ltr' id='par_1_9' title="bbox 69 538 134 578">
     <span class='ocr_line' id='line_1_9' title="bbox 69 538 134 578; baseline 0 -1"><span class='ocrx_word' id='word_1_51' title='bbox 69 538 134 578; x_wconf 82' lang='lat' dir='ltr'><strong>ta?</strong></span> 
     </span>
    </p>
   </div>
   <div class='ocr_carea' id='block_1_10' title="bbox 67 609 1329 665">
    <p class='ocr_par' dir='ltr' id='par_1_10' title="bbox 67 609 1329 665">
     <span class='ocr_line' id='line_1_10' title="bbox 67 609 1329 665; baseline 0.002 -15"><span class='ocrx_word' id='word_1_52' title='bbox 67 609 183 651; x_wconf 87' lang='lat' dir='ltr'><strong>beata</strong></span> <span class='ocrx_word' id='word_1_53' title='bbox 207 611 285 651; x_wconf 87' lang='lat' dir='ltr'><strong>vita</strong></span> <span class='ocrx_word' id='word_1_54' title='bbox 320 611 533 651; x_wconf 87' lang='lat' dir='ltr'><strong>cohaerere</strong></span> <span class='ocrx_word' id='word_1_55' title='bbox 562 618 745 665; x_wconf 81' lang='lat' dir='ltr'><strong>possunt,</strong></span> <span class='ocrx_word' id='word_1_56' title='bbox 789 624 860 651; x_wconf 84' lang='lat' dir='ltr'><strong>nec</strong></span> <span class='ocrx_word' id='word_1_57' title='bbox 892 610 957 650; x_wconf 87' lang='lat' dir='ltr'><strong>illa</strong></span> <span class='ocrx_word' id='word_1_58' title='bbox 990 610 1075 651; x_wconf 90' lang='lat' dir='ltr'><strong>sine</strong></span> <span class='ocrx_word' id='word_1_59' title='bbox 1104 612 1329 654; x_wconf 84' lang='lat' dir='ltr'><strong>virtutibus.</strong></span> 
     </span>
    </p>
   </div>
   <div class='ocr_carea' id='block_1_11' title="bbox 195 535 1032 592">
    <p class='ocr_par' dir='ltr' id='par_1_11' title="bbox 195 535 1032 592">
     <span class='ocr_line' id='line_1_11' title="bbox 195 535 1032 592; baseline 0.001 -15"><span class='ocrx_word' id='word_1_60' title='bbox 195 535 308 590; x_wconf 82' lang='lat' dir='ltr'><strong>Quod</strong></span> <span class='ocrx_word' id='word_1_61' title='bbox 339 544 466 578; x_wconf 85' lang='lat' dir='ltr'><strong>tamen</strong></span> <span class='ocrx_word' id='word_1_62' title='bbox 493 538 575 578; x_wconf 87' lang='lat' dir='ltr'><strong>lieri</strong></span> <span class='ocrx_word' id='word_1_63' title='bbox 607 539 711 578; x_wconf 93' lang='lat' dir='ltr'><strong>nullo</strong></span> <span class='ocrx_word' id='word_1_64' title='bbox 745 545 858 592; x_wconf 89' lang='lat' dir='ltr'><strong>pacto</strong></span> <span class='ocrx_word' id='word_1_65' title='bbox 890 545 1032 590; x_wconf 84' lang='lat' dir='ltr'><strong>potest.</strong></span> 
     </span>
    </p>
   </div>
   <div class='ocr_carea' id='block_1_12' title="bbox 1094 539 1633 670">
    <p class='ocr_par' dir='ltr' id='par_1_12' title="bbox 1094 539 1633 670">
     <span class='ocr_line' id='line_1_12' title="bbox 1094 539 1633 584; baseline 0.011 -5"><span class='ocrx_word' id='word_1_66' title='bbox 1094 539 1182 580; x_wconf 92' lang='lat' dir='ltr'><strong>Nec</strong></span> <span class='ocrx_word' id='word_1_67' title='bbox 1214 541 1315 580; x_wconf 89' lang='lat' dir='ltr'><strong>enim</strong></span> <span class='ocrx_word' id='word_1_68' title='bbox 1351 542 1515 583; x_wconf 83' lang='lat' dir='ltr'><strong>virtutes</strong></span> <span class='ocrx_word' id='word_1_69' title='bbox 1548 544 1633 584; x_wconf 89' lang='lat' dir='ltr'><strong>sine</strong></span> 
     </span>
     <span class='ocr_line' id='line_1_13' title="bbox 1392 614 1632 670; baseline 0.017 -16"><span class='ocrx_word' id='word_1_70' title='bbox 1392 620 1460 655; x_wconf 80' lang='lat'><strong>81.</strong></span> <span class='ocrx_word' id='word_1_71' title='bbox 1498 614 1632 670; x_wconf 84' lang='lat' dir='ltr'><strong>Itaque</strong></span> 
     </span>
    </p>
   </div>
   <div class='ocr_carea' id='block_1_13' title="bbox 68 683 1631 742">
    <p class='ocr_par' dir='ltr' id='par_1_13' title="bbox 68 683 1631 742">
     <span class='ocr_line' id='line_1_14' title="bbox 68 683 1631 742; baseline 0.005 -20"><span class='ocrx_word' id='word_1_72' title='bbox 68 696 150 723; x_wconf 90' lang='lat' dir='ltr'><strong>eam</strong></span> <span class='ocrx_word' id='word_1_73' title='bbox 179 683 432 737; x_wconf 87' lang='lat' dir='ltr'><strong>tergiversari</strong></span> <span class='ocrx_word' id='word_1_74' title='bbox 458 698 533 723; x_wconf 90' lang='lat' dir='ltr'><strong>non</strong></span> <span class='ocrx_word' id='word_1_75' title='bbox 558 684 689 723; x_wconf 88' lang='lat' dir='ltr'><strong>sinent</strong></span> <span class='ocrx_word' id='word_1_76' title='bbox 709 697 919 737; x_wconf 80' lang='lat' dir='ltr'><strong>secumque</strong></span> <span class='ocrx_word' id='word_1_77' title='bbox 943 683 1122 737; x_wconf 81' lang='lat' dir='ltr'><strong>rapient,</strong></span> <span class='ocrx_word' id='word_1_78' title='bbox 1163 685 1209 724; x_wconf 90' lang='lat' dir='ltr'><strong>ad</strong></span> <span class='ocrx_word' id='word_1_79' title='bbox 1235 699 1501 740; x_wconf 81' lang='lat' dir='ltr'><strong>quemcunque</strong></span> <span class='ocrx_word' id='word_1_80' title='bbox 1524 688 1631 742; x_wconf 85' lang='lat' dir='ltr'><strong>ipsae</strong></span> 
     </span>
    </p>
   </div>
   <div class='ocr_carea' id='block_1_14' title="bbox 66 755 793 809">
    <p class='ocr_par' dir='ltr' id='par_1_14' title="bbox 66 755 793 809">
     <span class='ocr_line' id='line_1_15' title="bbox 66 755 793 809; baseline 0 -14"><span class='ocrx_word' id='word_1_81' title='bbox 66 755 239 796; x_wconf 91' lang='lat' dir='ltr'><strong>dolorem</strong></span> <span class='ocrx_word' id='word_1_82' title='bbox 269 756 558 809; x_wconf 83' lang='lat' dir='ltr'><strong>cruciatumque</strong></span> <span class='ocrx_word' id='word_1_83' title='bbox 589 756 793 796; x_wconf 83' lang='lat' dir='ltr'><strong>ducentur.</strong></span> 
     </span>
    </p>
   </div>
   <div class='ocr_carea' id='block_1_15' title="bbox 858 754 1627 812">
    <p class='ocr_par' dir='ltr' id='par_1_15' title="bbox 858 754 1627 812">
     <span class='ocr_line' id='line_1_16' title="bbox 858 754 1627 812; baseline 0.007 -16"><span class='ocrx_word' id='word_1_84' title='bbox 858 754 1056 810; x_wconf 88' lang='lat' dir='ltr'><strong>Sapientis</strong></span> <span class='ocrx_word' id='word_1_85' title='bbox 1082 763 1143 796; x_wconf 84' lang='lat' dir='ltr'><strong>est</strong></span> <span class='ocrx_word' id='word_1_86' title='bbox 1165 756 1268 796; x_wconf 88' lang='lat' dir='ltr'><strong>enim</strong></span> <span class='ocrx_word' id='word_1_87' title='bbox 1298 759 1492 812; x_wconf 83' lang='lat' dir='ltr'><strong>proprium</strong></span> <span class='ocrx_word' id='word_1_88' title='bbox 1517 760 1627 812; x_wconf 90' lang='lat' dir='ltr'><strong>nihil,</strong></span> 
     </span>
    </p>
   </div>
   <div class='ocr_carea' id='block_1_16' title="bbox 65 827 1627 884">
    <p class='ocr_par' dir='ltr' id='par_1_16' title="bbox 65 827 1627 884">
     <span class='ocr_line' id='line_1_17' title="bbox 65 827 1627 884; baseline 0.004 -17"><span class='ocrx_word' id='word_1_89' title='bbox 65 828 165 881; x_wconf 88' lang='lat' dir='ltr'><strong>quod</strong></span> <span class='ocrx_word' id='word_1_90' title='bbox 192 828 392 882; x_wconf 83' lang='lat' dir='ltr'><strong>poenitere</strong></span> <span class='ocrx_word' id='word_1_91' title='bbox 416 828 560 882; x_wconf 80' lang='lat' dir='ltr'><strong>possit,</strong></span> <span class='ocrx_word' id='word_1_92' title='bbox 603 829 756 878; x_wconf 77' lang='lat' dir='ltr'><strong>facere,</strong></span> <span class='ocrx_word' id='word_1_93' title='bbox 790 827 883 868; x_wconf 87' lang='lat' dir='ltr'><strong>nihil</strong></span> <span class='ocrx_word' id='word_1_94' title='bbox 908 828 1096 879; x_wconf 89' lang='lat' dir='ltr'><strong>invitum,</strong></span> <span class='ocrx_word' id='word_1_95' title='bbox 1128 829 1351 883; x_wconf 85' lang='lat' dir='ltr'><strong>splendide,</strong></span> <span class='ocrx_word' id='word_1_96' title='bbox 1386 838 1627 884; x_wconf 82' lang='lat' dir='ltr'><strong>constanter,</strong></span> 
     </span>
    </p>
   </div>
   <div class='ocr_carea' id='block_1_17' title="bbox 62 900 1624 955">
    <p class='ocr_par' dir='ltr' id='par_1_17' title="bbox 62 900 1624 955">
     <span class='ocr_line' id='line_1_18' title="bbox 62 900 1624 955; baseline 0.003 -15"><span class='ocrx_word' id='word_1_97' title='bbox 62 900 237 954; x_wconf 83' lang='lat' dir='ltr'><strong>graviter</strong></span> <span class='ocrx_word' id='word_1_98' title='bbox 254 903 291 951; x_wconf 82' lang='lat'><strong>³,</strong></span> <span class='ocrx_word' id='word_1_99' title='bbox 326 900 489 941; x_wconf 88' lang='lat' dir='ltr'><strong>honeste</strong></span> <span class='ocrx_word' id='word_1_100' title='bbox 515 901 659 951; x_wconf 82' lang='lat' dir='ltr'><strong>onmia,</strong></span> <span class='ocrx_word' id='word_1_101' title='bbox 696 900 789 941; x_wconf 90' lang='lat' dir='ltr'><strong>nihil</strong></span> <span class='ocrx_word' id='word_1_102' title='bbox 815 901 868 940; x_wconf 81' lang='lat' dir='ltr'><strong>ita</strong></span> <span class='ocrx_word' id='word_1_103' title='bbox 892 908 1141 955; x_wconf 85' lang='lat' dir='ltr'><strong>exspectare,</strong></span> <span class='ocrx_word' id='word_1_104' title='bbox 1177 902 1284 955; x_wconf 83' lang='lat' dir='ltr'><strong>quasi</strong></span> <span class='ocrx_word' id='word_1_105' title='bbox 1308 909 1417 942; x_wconf 91' lang='lat' dir='ltr'><strong>certo</strong></span> <span class='ocrx_word' id='word_1_106' title='bbox 1439 904 1624 955; x_wconf 80' lang='lat' dir='ltr'><strong>futurum,</strong></span> 
     </span>
    </p>
   </div>
   <div class='ocr_carea' id='block_1_18' title="bbox 62 973 815 1027">
    <p class='ocr_par' dir='ltr' id='par_1_18' title="bbox 62 973 815 1027">
     <span class='ocr_line' id='line_1_19' title="bbox 62 973 815 1027; baseline 0 -14"><span class='ocrx_word' id='word_1_107' title='bbox 62 973 177 1023; x_wconf 87' lang='lat' dir='ltr'><strong>nihil,</strong></span> <span class='ocrx_word' id='word_1_108' title='bbox 219 987 334 1027; x_wconf 90' lang='lat' dir='ltr'><strong>quum</strong></span> <span class='ocrx_word' id='word_1_109' title='bbox 357 973 568 1023; x_wconf 85' lang='lat' dir='ltr'><strong>acciderit,</strong></span> <span class='ocrx_word' id='word_1_110' title='bbox 612 973 815 1023; x_wconf 84' lang='lat' dir='ltr'><strong>admirari,</strong></span> 
     </span>
    </p>
   </div>
   <div class='ocr_carea' id='block_1_19' title="bbox 61 1045 1469 1096">
    <p class='ocr_par' dir='ltr' id='par_1_19' title="bbox 61 1045 1469 1096">
     <span class='ocr_line' id='line_1_20' title="bbox 61 1045 1469 1096; baseline 0.001 -11"><span class='ocrx_word' id='word_1_111' title='bbox 61 1045 263 1096; x_wconf 82' lang='lat' dir='ltr'><strong>videatur,</strong></span> <span class='ocrx_word' id='word_1_112' title='bbox 297 1046 427 1086; x_wconf 89' lang='lat' dir='ltr'><strong>omnia</strong></span> <span class='ocrx_word' id='word_1_113' title='bbox 445 1046 490 1085; x_wconf 91' lang='lat' dir='ltr'><strong>ad</strong></span> <span class='ocrx_word' id='word_1_114' title='bbox 511 1059 621 1085; x_wconf 90' lang='lat' dir='ltr'><strong>suum</strong></span> <span class='ocrx_word' id='word_1_115' title='bbox 644 1046 844 1085; x_wconf 89' lang='lat' dir='ltr'><strong>arbitrium</strong></span> <span class='ocrx_word' id='word_1_116' title='bbox 865 1047 1037 1096; x_wconf 86' lang='lat' dir='ltr'><strong>referre,</strong></span> <span class='ocrx_word' id='word_1_117' title='bbox 1073 1047 1154 1086; x_wconf 91' lang='lat' dir='ltr'><strong>suis</strong></span> <span class='ocrx_word' id='word_1_118' title='bbox 1174 1053 1280 1086; x_wconf 88' lang='lat' dir='ltr'><strong>stare</strong></span> <span class='ocrx_word' id='word_1_119' title='bbox 1302 1047 1469 1088; x_wconf 90' lang='lat' dir='ltr'><strong>iudiciis.</strong></span> 
     </span>
    </p>
   </div>
   <div class='ocr_carea' id='block_1_20' title="bbox 862 973 1626 1027">
    <p class='ocr_par' dir='ltr' id='par_1_20' title="bbox 862 973 1626 1027">
     <span class='ocr_line' id='line_1_21' title="bbox 862 973 1626 1027; baseline 0.007 -14"><span class='ocrx_word' id='word_1_120' title='bbox 862 981 904 1014; x_wconf 82' lang='lat' dir='ltr'><strong>ut</strong></span> <span class='ocrx_word' id='word_1_121' title='bbox 926 973 1165 1027; x_wconf 86' lang='lat' dir='ltr'><strong>inopinatum</strong></span> <span class='ocrx_word' id='word_1_122' title='bbox 1192 988 1235 1014; x_wconf 86' lang='lat' dir='ltr'><strong>ac</strong></span> <span class='ocrx_word' id='word_1_123' title='bbox 1261 989 1403 1015; x_wconf 90' lang='lat' dir='ltr'><strong>novum</strong></span> <span class='ocrx_word' id='word_1_124' title='bbox 1437 977 1626 1018; x_wconf 82' lang='lat' dir='ltr'><strong>accidisse</strong></span> 
     </span>
    </p>
   </div>
   <div class='ocr_carea' id='block_1_21' title="bbox 1533 1047 1625 1101">
    <p class='ocr_par' dir='ltr' id='par_1_21' title="bbox 1533 1047 1625 1101">
     <span class='ocr_line' id='line_1_22' title="bbox 1533 1047 1625 1101; baseline 0 -12"><span class='ocrx_word' id='word_1_125' title='bbox 1533 1047 1625 1101; x_wconf 75' lang='lat' dir='ltr'><strong>Quo</strong></span> 
     </span>
    </p>
   </div>
   <div class='ocr_carea' id='block_1_22' title="bbox 63 1107 1623 1174">
    <p class='ocr_par' dir='ltr' id='par_1_22' title="bbox 63 1107 1623 1174">
     <span class='ocr_line' id='line_1_23' title="bbox 63 1107 1623 1174; baseline 0.003 -16"><span class='ocrx_word' id='word_1_126' title='bbox 63 1118 152 1173; x_wconf 88' lang='lat' dir='ltr'><strong>quid</strong></span> <span class='ocrx_word' id='word_1_127' title='bbox 173 1118 224 1158; x_wconf 88' lang='lat' dir='ltr'><strong>sit</strong></span> <span class='ocrx_word' id='word_1_128' title='bbox 245 1118 420 1169; x_wconf 86' lang='lat' dir='ltr'><strong>beatius,</strong></span> <span class='ocrx_word' id='word_1_129' title='bbox 455 1118 545 1158; x_wconf 89' lang='lat' dir='ltr'><strong>mihi</strong></span> <span class='ocrx_word' id='word_1_130' title='bbox 568 1126 675 1159; x_wconf 86' lang='lat' dir='ltr'><strong>certe</strong></span> <span class='ocrx_word' id='word_1_131' title='bbox 699 1118 736 1158; x_wconf 93' lang='lat' dir='ltr'><strong>in</strong></span> <span class='ocrx_word' id='word_1_132' title='bbox 761 1125 929 1158; x_wconf 87' lang='lat' dir='ltr'><strong>mentem</strong></span> <span class='ocrx_word' id='word_1_133' title='bbox 949 1107 1085 1159; x_wconf 73' lang='lat' dir='ltr'><strong>venire</strong></span> <span class='ocrx_word' id='word_1_134' title='bbox 1101 1114 1182 1159; x_wconf 36' lang='lat' dir='ltr'><strong>*non</strong></span> <span class='ocrx_word' id='word_1_135' title='bbox 1206 1126 1348 1174; x_wconf 84' lang='lat' dir='ltr'><strong>potest.</strong></span> <span class='ocrx_word' id='word_1_136' title='bbox 1410 1126 1480 1161; x_wconf 82' lang='lat'><strong>82.</strong></span> <span class='ocrx_word' id='word_1_137' title='bbox 1516 1119 1623 1162; x_wconf 77' lang='lat' dir='ltr'><strong>Stoi-</strong></span> 
     </span>
    </p>
   </div>
   <div class='ocr_carea' id='block_1_23' title="bbox 152 1246 1623 1287">
    <p class='ocr_par' dir='ltr' id='par_1_23' title="bbox 152 1246 1623 1287">
     <span class='ocr_line' id='line_1_24' title="bbox 152 1246 1623 1287; baseline 0.001 -8"><span class='ocrx_word' id='word_1_138' title='bbox 152 1246 174 1279; x_wconf 83' lang='lat'>3</span> <span class='ocrx_word' id='word_1_139' title='bbox 191 1248 253 1279; x_wconf 62' lang='lat' dir='ltr'><strong>*Tr.</strong></span> <span class='ocrx_word' id='word_1_140' title='bbox 275 1258 301 1279; x_wconf 89' lang='lat' dir='ltr'><strong>c.</strong></span> <span class='ocrx_word' id='word_1_141' title='bbox 327 1247 364 1278; x_wconf 82' lang='lat' dir='ltr'><strong>R.</strong></span> <span class='ocrx_word' id='word_1_142' title='bbox 388 1246 500 1280; x_wconf 79' lang='lat' dir='ltr'><strong>Duisb.</strong></span> <span class='ocrx_word' id='word_1_143' title='bbox 522 1251 676 1287; x_wconf 68' lang='lat' dir='ltr'><strong>graviter,</strong></span> <span class='ocrx_word' id='word_1_144' title='bbox 701 1251 894 1287; x_wconf 82' lang='lat' dir='ltr'><strong>constanter;</strong></span> <span class='ocrx_word' id='word_1_145' title='bbox 918 1255 952 1279; x_wconf 85' lang='lat' dir='ltr'><strong>at</strong></span> <span class='ocrx_word' id='word_1_146' title='bbox 972 1248 1015 1279; x_wconf 76' lang='lat' dir='ltr'><strong>ct&#39;.</strong></span> <span class='ocrx_word' id='word_1_147' title='bbox 1040 1259 1066 1279; x_wconf 90' lang='lat' dir='ltr'><strong>c.</strong></span> <span class='ocrx_word' id='word_1_148' title='bbox 1090 1247 1130 1286; x_wconf 86' lang='lat'><strong>5,</strong></span> <span class='ocrx_word' id='word_1_149' title='bbox 1159 1247 1208 1279; x_wconf 86' lang='lat'><strong>12.</strong></span> <span class='ocrx_word' id='word_1_150' title='bbox 1234 1247 1284 1280; x_wconf 87' lang='lat'><strong>13.</strong></span> <span class='ocrx_word' id='word_1_151' title='bbox 1310 1260 1337 1280; x_wconf 89' lang='lat' dir='ltr'><strong>c.</strong></span> <span class='ocrx_word' id='word_1_152' title='bbox 1359 1246 1420 1287; x_wconf 85' lang='lat'><strong>36,</strong></span> <span class='ocrx_word' id='word_1_153' title='bbox 1448 1248 1524 1280; x_wconf 76' lang='lat'><strong>104.</strong></span> <span class='ocrx_word' id='word_1_154' title='bbox 1570 1250 1623 1281; x_wconf 87' lang='lat' dir='ltr'><strong>De</strong></span> 
     </span>
    </p>
   </div>
   <div class='ocr_carea' id='block_1_24' title="bbox 61 1291 835 1336">
    <p class='ocr_par' dir='ltr' id='par_1_24' title="bbox 61 1291 835 1336">
     <span class='ocr_line' id='line_1_25' title="bbox 61 1291 835 1336; baseline -0.001 -12"><span class='ocrx_word' id='word_1_155' title='bbox 61 1291 372 1336; x_wconf 78' lang='lat' dir='ltr'><strong>transpositionibus</strong></span> <span class='ocrx_word' id='word_1_156' title='bbox 392 1292 627 1323; x_wconf 89' lang='lat' dir='ltr'><strong>vocabulorum</strong></span> <span class='ocrx_word' id='word_1_157' title='bbox 650 1303 679 1325; x_wconf 83' lang='lat' dir='ltr'><strong>v.</strong></span> <span class='ocrx_word' id='word_1_158' title='bbox 703 1294 835 1325; x_wconf 75' lang='lat' dir='ltr'><strong>Wesenb.</strong></span> 
     </span>
    </p>
   </div>
   <div class='ocr_carea' id='block_1_25' title="bbox 60 1369 826 1453">
    <p class='ocr_par' dir='ltr' id='par_1_25' title="bbox 60 1369 826 1453">
     <span class='ocr_line' id='line_1_26' title="bbox 62 1369 826 1409; baseline -0.001 -8"><span class='ocrx_word' id='word_1_159' title='bbox 62 1369 202 1401; x_wconf 87' lang='lat' dir='ltr'><strong>alterurn</strong></span> <span class='ocrx_word' id='word_1_160' title='bbox 225 1372 311 1401; x_wconf 79' lang='lat' dir='ltr'><strong>dabit</strong></span> <span class='ocrx_word' id='word_1_161' title='bbox 335 1375 368 1400; x_wconf 91' lang='lat' dir='ltr'><strong>et</strong></span> <span class='ocrx_word' id='word_1_162' title='bbox 390 1369 526 1401; x_wconf 90' lang='lat' dir='ltr'><strong>verbum</strong></span> <span class='ocrx_word' id='word_1_163' title='bbox 548 1372 677 1409; x_wconf 81' lang='lat' dir='ltr'><strong>inquam</strong></span> <span class='ocrx_word' id='word_1_164' title='bbox 701 1370 826 1401; x_wconf 86' lang='lat' dir='ltr'><strong>confir—</strong></span> 
     </span>
     <span class='ocr_line' id='line_1_27' title="bbox 60 1413 822 1453; baseline 0.001 -7"><span class='ocrx_word' id='word_1_165' title='bbox 60 1414 200 1446; x_wconf 88' lang='lat' dir='ltr'><strong>mandae</strong></span> <span class='ocrx_word' id='word_1_166' title='bbox 222 1420 351 1445; x_wconf 87' lang='lat' dir='ltr'><strong>tantum</strong></span> <span class='ocrx_word' id='word_1_167' title='bbox 371 1414 556 1445; x_wconf 85' lang='lat' dir='ltr'><strong>sententiae</strong></span> <span class='ocrx_word' id='word_1_168' title='bbox 574 1414 638 1445; x_wconf 89' lang='lat' dir='ltr'><strong>iam</strong></span> <span class='ocrx_word' id='word_1_169' title='bbox 661 1425 687 1446; x_wconf 86' lang='lat' dir='ltr'><strong>e.</strong></span> <span class='ocrx_word' id='word_1_170' title='bbox 700 1413 754 1453; x_wconf 74' lang='lat'><strong>26,</strong></span> <span class='ocrx_word' id='word_1_171' title='bbox 770 1414 822 1447; x_wconf 78' lang='grc'><strong>75.</strong></span> 
     </span>
    </p>
   </div>
   <div class='ocr_carea' id='block_1_26' title="bbox 65 1458 822 1546">
    <p class='ocr_par' dir='ltr' id='par_1_26' title="bbox 65 1458 822 1546">
     <span class='ocr_line' id='line_1_28' title="bbox 65 1458 651 1502; baseline -0.003 -11"><span class='ocrx_word' id='word_1_172' title='bbox 65 1459 258 1502; x_wconf 84' lang='lat' dir='ltr'><strong>propositae</strong></span> <span class='ocrx_word' id='word_1_173' title='bbox 282 1458 439 1490; x_wconf 85' lang='lat' dir='ltr'><strong>inservire</strong></span> <span class='ocrx_word' id='word_1_174' title='bbox 462 1459 651 1490; x_wconf 86' lang='lat' dir='ltr'><strong>arbitratur.</strong></span> 
     </span>
     <span class='ocr_line' id='line_1_29' title="bbox 127 1503 822 1546; baseline 0 -11"><span class='ocrx_word' id='word_1_175' title='bbox 127 1503 327 1546; x_wconf 81' lang='lat' dir='ltr'><strong>patientiam]</strong></span> <span class='ocrx_word' id='word_1_176' title='bbox 356 1504 428 1535; x_wconf 83' lang='lat' dir='ltr'><strong>Vat.</strong></span> <span class='ocrx_word' id='word_1_177' title='bbox 452 1504 535 1535; x_wconf 87' lang='lat' dir='ltr'><strong>R.P.</strong></span> <span class='ocrx_word' id='word_1_178' title='bbox 563 1503 648 1534; x_wconf 85' lang='lat' dir='ltr'><strong>Gud.</strong></span> <span class='ocrx_word' id='word_1_179' title='bbox 666 1504 746 1534; x_wconf 88' lang='lat'><strong>1.11.</strong></span> <span class='ocrx_word' id='word_1_180' title='bbox 766 1504 822 1535; x_wconf 89' lang='lat' dir='ltr'><strong>Gr.</strong></span> 
     </span>
    </p>
   </div>
   <div class='ocr_carea' id='block_1_27' title="bbox 55 1546 822 3016">
    <p class='ocr_par' dir='ltr' id='par_1_27' title="bbox 57 1546 822 1766">
     <span class='ocr_line' id='line_1_30' title="bbox 63 1546 821 1591; baseline -0.001 -12"><span class='ocrx_word' id='word_1_181' title='bbox 63 1548 206 1591; x_wconf 85' lang='lat' dir='ltr'><strong>quinque</strong></span> <span class='ocrx_word' id='word_1_182' title='bbox 229 1547 309 1580; x_wconf 84' lang='lat' dir='ltr'><strong>Pall.</strong></span> <span class='ocrx_word' id='word_1_183' title='bbox 324 1547 389 1579; x_wconf 90' lang='lat' dir='ltr'><strong>duo</strong></span> <span class='ocrx_word' id='word_1_184' title='bbox 409 1550 489 1579; x_wconf 77' lang='lat' dir='ltr'><strong>Oxx.</strong></span> <span class='ocrx_word' id='word_1_185' title='bbox 511 1548 618 1578; x_wconf 87' lang='lat' dir='ltr'><strong>Marb.</strong></span> <span class='ocrx_word' id='word_1_186' title='bbox 636 1547 733 1579; x_wconf 85' lang='lat' dir='ltr'><strong>Vind.</strong></span> <span class='ocrx_word' id='word_1_187' title='bbox 750 1546 776 1579; x_wconf 90' lang='lat'><strong>1.</strong></span> <span class='ocrx_word' id='word_1_188' title='bbox 791 1548 821 1579; x_wconf 81' lang='lat'><strong>2.</strong></span> 
     </span>
     <span class='ocr_line' id='line_1_31' title="bbox 57 1592 822 1633; baseline -0.004 -8"><span class='ocrx_word' id='word_1_189' title='bbox 57 1595 221 1633; x_wconf 81' lang='lat' dir='ltr'><strong>patientia,</strong></span> <span class='ocrx_word' id='word_1_190' title='bbox 237 1592 434 1623; x_wconf 80' lang='lat' dir='ltr'><strong>adversante</strong></span> <span class='ocrx_word' id='word_1_191' title='bbox 451 1592 635 1629; x_wconf 83' lang='lat' dir='ltr'><strong>sententia3</strong></span> <span class='ocrx_word' id='word_1_192' title='bbox 653 1604 720 1624; x_wconf 90' lang='lat' dir='ltr'><strong>non</strong></span> <span class='ocrx_word' id='word_1_193' title='bbox 734 1592 822 1622; x_wconf 90' lang='lat' dir='ltr'><strong>enim</strong></span> 
     </span>
     <span class='ocr_line' id='line_1_32' title="bbox 60 1636 820 1679; baseline -0.003 -11"><span class='ocrx_word' id='word_1_194' title='bbox 60 1637 103 1668; x_wconf 90' lang='lat' dir='ltr'><strong>de</strong></span> <span class='ocrx_word' id='word_1_195' title='bbox 128 1637 304 1679; x_wconf 83' lang='lat' dir='ltr'><strong>patientia,</strong></span> <span class='ocrx_word' id='word_1_196' title='bbox 330 1636 389 1668; x_wconf 86' lang='lat' dir='ltr'><strong>sed</strong></span> <span class='ocrx_word' id='word_1_197' title='bbox 411 1636 452 1667; x_wconf 88' lang='lat' dir='ltr'><strong>de</strong></span> <span class='ocrx_word' id='word_1_198' title='bbox 476 1636 544 1668; x_wconf 86' lang='lat' dir='ltr'><strong>vita</strong></span> <span class='ocrx_word' id='word_1_199' title='bbox 567 1637 664 1668; x_wconf 85' lang='lat' dir='ltr'><strong>beata</strong></span> <span class='ocrx_word' id='word_1_200' title='bbox 690 1636 820 1678; x_wconf 81' lang='lat' dir='ltr'><strong>patien-</strong></span> 
     </span>
     <span class='ocr_line' id='line_1_33' title="bbox 60 1680 821 1724; baseline -0.003 -11"><span class='ocrx_word' id='word_1_201' title='bbox 60 1682 141 1713; x_wconf 84' lang='lat' dir='ltr'><strong>tiam</strong></span> <span class='ocrx_word' id='word_1_202' title='bbox 167 1681 372 1724; x_wconf 87' lang='lat' dir='ltr'><strong>reliquasque</strong></span> <span class='ocrx_word' id='word_1_203' title='bbox 395 1682 532 1712; x_wconf 74' lang='lat' dir='ltr'><strong>virtutes</strong></span> <span class='ocrx_word' id='word_1_204' title='bbox 555 1688 729 1724; x_wconf 85' lang='lat' dir='ltr'><strong>prosecuta</strong></span> <span class='ocrx_word' id='word_1_205' title='bbox 748 1680 821 1722; x_wconf 77' lang='lat' dir='ltr'><strong>agi-</strong></span> 
     </span>
     <span class='ocr_line' id='line_1_34' title="bbox 59 1726 508 1766; baseline 0.002 -8"><span class='ocrx_word' id='word_1_206' title='bbox 59 1732 132 1766; x_wconf 88' lang='lat' dir='ltr'><strong>tur,</strong></span> <span class='ocrx_word' id='word_1_207' title='bbox 160 1726 205 1757; x_wconf 86' lang='lat' dir='ltr'><strong>uti</strong></span> <span class='ocrx_word' id='word_1_208' title='bbox 230 1733 319 1757; x_wconf 85' lang='lat' dir='ltr'><strong>recte</strong></span> <span class='ocrx_word' id='word_1_209' title='bbox 345 1726 445 1758; x_wconf 85' lang='lat' dir='ltr'><strong>docet</strong></span> <span class='ocrx_word' id='word_1_210' title='bbox 471 1727 508 1759; x_wconf 87' lang='lat' dir='ltr'><strong>D.</strong></span> 
     </span>
    </p>

    <p class='ocr_par' dir='ltr' id='par_1_28' title="bbox 125 1770 549 1812">
     <span class='ocr_line' id='line_1_35' title="bbox 125 1770 549 1812; baseline -0.002 -10"><span class='ocrx_word' id='word_1_211' title='bbox 125 1775 159 1803; x_wconf 84' lang='lat' dir='ltr'><strong>ut</strong></span> <span class='ocrx_word' id='word_1_212' title='bbox 183 1775 254 1802; x_wconf 84' lang='lat' dir='ltr'><strong>ante</strong></span> <span class='ocrx_word' id='word_1_213' title='bbox 277 1773 359 1812; x_wconf 74' lang='lat' dir='ltr'><strong>dixi]</strong></span> <span class='ocrx_word' id='word_1_214' title='bbox 388 1782 414 1802; x_wconf 89' lang='lat' dir='ltr'><strong>c.</strong></span> <span class='ocrx_word' id='word_1_215' title='bbox 430 1771 469 1806; x_wconf 79' lang='grc' dir='ltr'><strong>ὁ,</strong></span> <span class='ocrx_word' id='word_1_216' title='bbox 498 1770 549 1803; x_wconf 85' lang='grc'><strong>13.</strong></span> 
     </span>
    </p>

    <p class='ocr_par' dir='ltr' id='par_1_29' title="bbox 55 1814 820 2972">
     <span class='ocr_line' id='line_1_36' title="bbox 125 1814 820 1857; baseline -0.004 -10"><span class='ocrx_word' id='word_1_217' title='bbox 125 1826 144 1846; x_wconf 89' lang='lat' dir='ltr'><strong>a</strong></span> <span class='ocrx_word' id='word_1_218' title='bbox 168 1817 329 1857; x_wconf 83' lang='lat' dir='ltr'><strong>comitatu]</strong></span> <span class='ocrx_word' id='word_1_219' title='bbox 356 1814 477 1846; x_wconf 84' lang='lat' dir='ltr'><strong>Addidi</strong></span> <span class='ocrx_word' id='word_1_220' title='bbox 498 1826 525 1845; x_wconf 92' lang='lat' dir='ltr'><strong>c.</strong></span> <span class='ocrx_word' id='word_1_221' title='bbox 550 1815 588 1846; x_wconf 91' lang='lat' dir='ltr'><strong>L.</strong></span> <span class='ocrx_word' id='word_1_222' title='bbox 611 1820 644 1845; x_wconf 80' lang='lat' dir='ltr'><strong>et</strong></span> <span class='ocrx_word' id='word_1_223' title='bbox 661 1815 728 1851; x_wconf 66' lang='lat' dir='ltr'><strong>W„</strong></span> <span class='ocrx_word' id='word_1_224' title='bbox 755 1825 820 1844; x_wconf 88' lang='lat' dir='ltr'><strong>nu-</strong></span> 
     </span>
     <span class='ocr_line' id='line_1_37' title="bbox 60 1856 820 1904; baseline -0.004 -12"><span class='ocrx_word' id='word_1_225' title='bbox 60 1872 118 1904; x_wconf 90' lang='lat' dir='ltr'><strong>per</strong></span> <span class='ocrx_word' id='word_1_226' title='bbox 149 1859 249 1891; x_wconf 84' lang='lat' dir='ltr'><strong>etiam</strong></span> <span class='ocrx_word' id='word_1_227' title='bbox 271 1860 431 1891; x_wconf 85' lang='lat' dir='ltr'><strong>W&#39;esenb.</strong></span> <span class='ocrx_word' id='word_1_228' title='bbox 456 1861 526 1891; x_wconf 86' lang='lat' dir='ltr'><strong>Em.</strong></span> <span class='ocrx_word' id='word_1_229' title='bbox 554 1860 610 1890; x_wconf 86' lang='lat' dir='ltr'><strong>Ill.</strong></span> <span class='ocrx_word' id='word_1_230' title='bbox 637 1871 668 1901; x_wconf 89' lang='lat' dir='ltr'><strong>p.</strong></span> <span class='ocrx_word' id='word_1_231' title='bbox 690 1856 763 1896; x_wconf 56' lang='lat'><strong>24„</strong></span> <span class='ocrx_word' id='word_1_232' title='bbox 803 1870 820 1889; x_wconf 92' lang='lat' dir='ltr'><strong>e</strong></span> 
     </span>
     <span class='ocr_line' id='line_1_38' title="bbox 58 1903 819 1946; baseline -0.005 -9"><span class='ocrx_word' id='word_1_233' title='bbox 58 1904 142 1938; x_wconf 86' lang='lat' dir='ltr'><strong>coni.</strong></span> <span class='ocrx_word' id='word_1_234' title='bbox 168 1904 444 1946; x_wconf 80' lang='lat' dir='ltr'><strong>praepositionem</strong></span> <span class='ocrx_word' id='word_1_235' title='bbox 466 1915 497 1943; x_wconf 91' lang='lat' dir='ltr'><strong>a,</strong></span> <span class='ocrx_word' id='word_1_236' title='bbox 524 1903 598 1946; x_wconf 90' lang='lat' dir='ltr'><strong>quia</strong></span> <span class='ocrx_word' id='word_1_237' title='bbox 622 1903 754 1934; x_wconf 89' lang='lat' dir='ltr'><strong>verbum</strong></span> <span class='ocrx_word' id='word_1_238' title='bbox 774 1913 819 1934; x_wconf 86' lang='lat' dir='ltr'><strong>se-</strong></span> 
     </span>
     <span class='ocr_line' id='line_1_39' title="bbox 55 1947 820 1990; baseline -0.005 -9"><span class='ocrx_word' id='word_1_239' title='bbox 55 1952 208 1990; x_wconf 81' lang='lat' dir='ltr'><strong>9re9andi</strong></span> <span class='ocrx_word' id='word_1_240' title='bbox 242 1961 338 1981; x_wconf 91' lang='lat' dir='ltr'><strong>nemo</strong></span> <span class='ocrx_word' id='word_1_241' title='bbox 381 1949 524 1990; x_wconf 84' lang='lat' dir='ltr'><strong>scriptor</strong></span> <span class='ocrx_word' id='word_1_242' title='bbox 568 1960 639 1979; x_wconf 87' lang='lat' dir='ltr'><strong>cum</strong></span> <span class='ocrx_word' id='word_1_243' title='bbox 680 1947 820 1990; x_wconf 84' lang='lat' dir='ltr'><strong>simplici</strong></span> 
     </span>
     <span class='ocr_line' id='line_1_40' title="bbox 56 1993 818 2034; baseline -0.003 -9"><span class='ocrx_word' id='word_1_244' title='bbox 56 1994 202 2025; x_wconf 88' lang='lat' dir='ltr'><strong>ablativo</strong></span> <span class='ocrx_word' id='word_1_245' title='bbox 237 1993 361 2031; x_wconf 62' lang='lat' dir='ltr'><strong>iunxit,</strong></span> <span class='ocrx_word' id='word_1_246' title='bbox 399 1993 459 2024; x_wconf 92' lang='lat' dir='ltr'><strong>nisi</strong></span> <span class='ocrx_word' id='word_1_247' title='bbox 484 1993 599 2024; x_wconf 84' lang='lat' dir='ltr'><strong>Accius</strong></span> <span class='ocrx_word' id='word_1_248' title='bbox 636 1999 732 2034; x_wconf 83' lang='lat' dir='ltr'><strong>poeta</strong></span> <span class='ocrx_word' id='word_1_249' title='bbox 766 2004 818 2033; x_wconf 86' lang='lat' dir='ltr'><strong>ap.</strong></span> 
     </span>
     <span class='ocr_line' id='line_1_41' title="bbox 57 2036 820 2077; baseline -0.004 -8"><span class='ocrx_word' id='word_1_250' title='bbox 57 2039 145 2070; x_wconf 86' lang='lat' dir='ltr'><strong>Non.</strong></span> <span class='ocrx_word' id='word_1_251' title='bbox 165 2050 216 2069; x_wconf 84' lang='lat' dir='ltr'><strong>vv.</strong></span> <span class='ocrx_word' id='word_1_252' title='bbox 236 2039 374 2077; x_wconf 74' lang='lat' dir='ltr'><strong>faventia</strong></span> <span class='ocrx_word' id='word_1_253' title='bbox 398 2044 431 2069; x_wconf 90' lang='lat' dir='ltr'><strong>et</strong></span> <span class='ocrx_word' id='word_1_254' title='bbox 451 2040 657 2070; x_wconf 82' lang='lat' dir='ltr'><strong>obscaenum:</strong></span> <span class='ocrx_word' id='word_1_255' title='bbox 692 2036 820 2068; x_wconf 82' lang='lat' dir='ltr'><strong>Edicite</strong></span> 
     </span>
     <span class='ocr_line' id='line_1_42' title="bbox 58 2081 818 2126; baseline -0.004 -12"><span class='ocrx_word' id='word_1_256' title='bbox 58 2094 116 2126; x_wconf 87' lang='lat' dir='ltr'><strong>per</strong></span> <span class='ocrx_word' id='word_1_257' title='bbox 142 2082 274 2121; x_wconf 83' lang='lat' dir='ltr'><strong>urbem,</strong></span> <span class='ocrx_word' id='word_1_258' title='bbox 310 2089 345 2114; x_wconf 87' lang='lat' dir='ltr'><strong>ut</strong></span> <span class='ocrx_word' id='word_1_259' title='bbox 376 2094 489 2114; x_wconf 85' lang='lat' dir='ltr'><strong>omnes</strong></span> <span class='ocrx_word' id='word_1_260' title='bbox 521 2082 683 2113; x_wconf 90' lang='lat' dir='ltr'><strong>ominibus</strong></span> <span class='ocrx_word' id='word_1_261' title='bbox 705 2081 818 2112; x_wconf 79' lang='lat' dir='ltr'><strong>faustis</strong></span> 
     </span>
     <span class='ocr_line' id='line_1_43' title="bbox 56 2126 818 2170; baseline -0.003 -11"><span class='ocrx_word' id='word_1_262' title='bbox 56 2134 227 2170; x_wconf 75' lang='lat' dir='ltr'><strong>augustam</strong></span> <span class='ocrx_word' id='word_1_263' title='bbox 247 2126 425 2158; x_wconf 84' lang='lat' dir='ltr'><strong>adhibeant</strong></span> <span class='ocrx_word' id='word_1_264' title='bbox 447 2127 647 2164; x_wconf 81' lang='lat' dir='ltr'><strong>faventiam,</strong></span> <span class='ocrx_word' id='word_1_265' title='bbox 682 2136 732 2158; x_wconf 88' lang='lat' dir='ltr'><strong>ore</strong></span> <span class='ocrx_word' id='word_1_266' title='bbox 755 2126 818 2157; x_wconf 89' lang='lat' dir='ltr'><strong>ob-</strong></span> 
     </span>
     <span class='ocr_line' id='line_1_44' title="bbox 55 2171 818 2212; baseline -0.003 -9"><span class='ocrx_word' id='word_1_267' title='bbox 55 2183 172 2204; x_wconf 89' lang='lat' dir='ltr'><strong>scaena</strong></span> <span class='ocrx_word' id='word_1_268' title='bbox 205 2172 293 2203; x_wconf 82' lang='lat' dir='ltr'><strong>(licta</strong></span> <span class='ocrx_word' id='word_1_269' title='bbox 326 2175 501 2212; x_wconf 67' lang='lat' dir='ltr'><strong>segregent:</strong></span> <span class='ocrx_word' id='word_1_270' title='bbox 546 2171 599 2203; x_wconf 92' lang='lat' dir='ltr'><strong>ubi</strong></span> <span class='ocrx_word' id='word_1_271' title='bbox 633 2178 742 2202; x_wconf 86' lang='lat' dir='ltr'><strong>tamen</strong></span> <span class='ocrx_word' id='word_1_272' title='bbox 786 2171 818 2201; x_wconf 90' lang='lat' dir='ltr'><strong>in</strong></span> 
     </span>
     <span class='ocr_line' id='line_1_45' title="bbox 55 2216 817 2259; baseline -0.003 -11"><span class='ocrx_word' id='word_1_273' title='bbox 55 2216 157 2248; x_wconf 87' lang='lat' dir='ltr'><strong>Nonii</strong></span> <span class='ocrx_word' id='word_1_274' title='bbox 191 2216 264 2248; x_wconf 90' lang='lat' dir='ltr'><strong>cod.</strong></span> <span class='ocrx_word' id='word_1_275' title='bbox 293 2217 435 2248; x_wconf 75' lang='lat' dir='ltr'><strong>Acciano</strong></span> <span class='ocrx_word' id='word_1_276' title='bbox 468 2218 506 2247; x_wconf 91' lang='lat' dir='ltr'><strong>ab</strong></span> <span class='ocrx_word' id='word_1_277' title='bbox 542 2222 619 2259; x_wconf 89' lang='lat' dir='ltr'><strong>post</strong></span> <span class='ocrx_word' id='word_1_278' title='bbox 648 2217 817 2256; x_wconf 74' lang='lat' dir='ltr'><strong>faventiam</strong></span> 
     </span>
     <span class='ocr_line' id='line_1_46' title="bbox 56 2260 818 2303; baseline -0.003 -11"><span class='ocrx_word' id='word_1_279' title='bbox 56 2261 155 2293; x_wconf 87' lang='lat' dir='ltr'><strong>facile</strong></span> <span class='ocrx_word' id='word_1_280' title='bbox 178 2261 328 2292; x_wconf 79' lang='lat' dir='ltr'><strong>excidere</strong></span> <span class='ocrx_word' id='word_1_281' title='bbox 349 2261 468 2303; x_wconf 89' lang='lat' dir='ltr'><strong>potuit,</strong></span> <span class='ocrx_word' id='word_1_282' title='bbox 486 2261 534 2292; x_wconf 88' lang='lat' dir='ltr'><strong>uti</strong></span> <span class='ocrx_word' id='word_1_283' title='bbox 553 2260 738 2303; x_wconf 84' lang='lat' dir='ltr'><strong>suspicatur</strong></span> <span class='ocrx_word' id='word_1_284' title='bbox 754 2262 818 2291; x_wconf 83' lang='lat' dir='ltr'><strong>We-</strong></span> 
     </span>
     <span class='ocr_line' id='line_1_47' title="bbox 58 2306 818 2348; baseline -0.004 -10"><span class='ocrx_word' id='word_1_285' title='bbox 58 2308 154 2346; x_wconf 67' lang='lat' dir='ltr'><strong>senb„</strong></span> <span class='ocrx_word' id='word_1_286' title='bbox 179 2306 232 2348; x_wconf 89' lang='lat' dir='ltr'><strong>qui</strong></span> <span class='ocrx_word' id='word_1_287' title='bbox 259 2313 348 2337; x_wconf 87' lang='lat' dir='ltr'><strong>recte</strong></span> <span class='ocrx_word' id='word_1_288' title='bbox 371 2306 486 2343; x_wconf 90' lang='lat' dir='ltr'><strong>docet,</strong></span> <span class='ocrx_word' id='word_1_289' title='bbox 511 2306 713 2348; x_wconf 83' lang='lat' dir='ltr'><strong>antiquiores</strong></span> <span class='ocrx_word' id='word_1_290' title='bbox 735 2315 818 2346; x_wconf 85' lang='lat' dir='ltr'><strong>pro-</strong></span> 
     </span>
     <span class='ocr_line' id='line_1_48' title="bbox 56 2349 816 2391; baseline -0.004 -10"><span class='ocrx_word' id='word_1_291' title='bbox 56 2361 112 2382; x_wconf 84' lang='lat' dir='ltr'><strong>sae</strong></span> <span class='ocrx_word' id='word_1_292' title='bbox 135 2350 293 2381; x_wconf 86' lang='lat' dir='ltr'><strong>orationis</strong></span> <span class='ocrx_word' id='word_1_293' title='bbox 315 2350 514 2391; x_wconf 85' lang='lat' dir='ltr'><strong>scriptores,</strong></span> <span class='ocrx_word' id='word_1_294' title='bbox 552 2357 588 2380; x_wconf 89' lang='lat' dir='ltr'><strong>ut</strong></span> <span class='ocrx_word' id='word_1_295' title='bbox 615 2349 816 2385; x_wconf 87' lang='lat' dir='ltr'><strong>Ciceronem,</strong></span> 
     </span>
     <span class='ocr_line' id='line_1_49' title="bbox 59 2393 817 2434; baseline -0.005 -8"><span class='ocrx_word' id='word_1_296' title='bbox 59 2395 250 2432; x_wconf 86' lang='lat' dir='ltr'><strong>Caesarem,</strong></span> <span class='ocrx_word' id='word_1_297' title='bbox 276 2394 465 2425; x_wconf 80' lang='lat' dir='ltr'><strong>Sallustium</strong></span> <span class='ocrx_word' id='word_1_298' title='bbox 479 2418 487 2434; x_wconf 89' lang='lat'><strong>,</strong></span> <span class='ocrx_word' id='word_1_299' title='bbox 514 2394 612 2425; x_wconf 77' lang='lat' dir='ltr'><strong>verba</strong></span> <span class='ocrx_word' id='word_1_300' title='bbox 634 2404 706 2424; x_wconf 89' lang='lat' dir='ltr'><strong>cum</strong></span> <span class='ocrx_word' id='word_1_301' title='bbox 727 2393 817 2423; x_wconf 84' lang='lat' dir='ltr'><strong>inse-</strong></span> 
     </span>
     <span class='ocr_line' id='line_1_50' title="bbox 58 2438 817 2482; baseline -0.005 -12"><span class='ocrx_word' id='word_1_302' title='bbox 58 2438 256 2482; x_wconf 88' lang='lat' dir='ltr'><strong>parabilibus</strong></span> <span class='ocrx_word' id='word_1_303' title='bbox 278 2438 444 2480; x_wconf 81' lang='lat' dir='ltr'><strong>particulis</strong></span> <span class='ocrx_word' id='word_1_304' title='bbox 469 2448 510 2477; x_wconf 85' lang='lat' dir='ltr'><strong>se,</strong></span> <span class='ocrx_word' id='word_1_305' title='bbox 535 2448 578 2477; x_wconf 84' lang='lat' dir='ltr'><strong>re,</strong></span> <span class='ocrx_word' id='word_1_306' title='bbox 603 2440 652 2469; x_wconf 78' lang='lat' dir='ltr'><strong>dis</strong></span> <span class='ocrx_word' id='word_1_307' title='bbox 677 2448 817 2478; x_wconf 83' lang='lat' dir='ltr'><strong>compo-</strong></span> 
     </span>
     <span class='ocr_line' id='line_1_51' title="bbox 57 2481 816 2526; baseline -0.005 -11"><span class='ocrx_word' id='word_1_308' title='bbox 57 2483 119 2515; x_wconf 85' lang='lat' dir='ltr'><strong>sita</strong></span> <span class='ocrx_word' id='word_1_309' title='bbox 150 2494 313 2526; x_wconf 77' lang='lat' dir='ltr'><strong>nunquam</strong></span> <span class='ocrx_word' id='word_1_310' title='bbox 333 2483 373 2514; x_wconf 85' lang='lat' dir='ltr'><strong>de</strong></span> <span class='ocrx_word' id='word_1_311' title='bbox 405 2489 496 2513; x_wconf 89' lang='lat' dir='ltr'><strong>motu</strong></span> <span class='ocrx_word' id='word_1_312' title='bbox 522 2494 541 2514; x_wconf 87' lang='lat' dir='ltr'><strong>a</strong></span> <span class='ocrx_word' id='word_1_313' title='bbox 562 2482 636 2513; x_wconf 91' lang='lat' dir='ltr'><strong>loco</strong></span> <span class='ocrx_word' id='word_1_314' title='bbox 661 2481 721 2512; x_wconf 90' lang='lat' dir='ltr'><strong>nisi</strong></span> <span class='ocrx_word' id='word_1_315' title='bbox 753 2481 816 2512; x_wconf 84' lang='lat' dir='ltr'><strong>ad-</strong></span> 
     </span>
     <span class='ocr_line' id='line_1_52' title="bbox 58 2525 816 2571; baseline -0.005 -12"><span class='ocrx_word' id='word_1_316' title='bbox 58 2527 126 2559; x_wconf 79' lang='lat' dir='ltr'><strong>dita</strong></span> <span class='ocrx_word' id='word_1_317' title='bbox 150 2527 396 2571; x_wconf 78' lang='lat' dir='ltr'><strong>praepositione</strong></span> <span class='ocrx_word' id='word_1_318' title='bbox 422 2530 494 2570; x_wconf 69' lang='lat' dir='ltr'><strong>(ab,</strong></span> <span class='ocrx_word' id='word_1_319' title='bbox 519 2537 568 2565; x_wconf 71' lang='lat' dir='ltr'><strong>esc,</strong></span> <span class='ocrx_word' id='word_1_320' title='bbox 592 2526 641 2567; x_wconf 66' lang='lat' dir='ltr'><strong>de}</strong></span> <span class='ocrx_word' id='word_1_321' title='bbox 670 2525 816 2567; x_wconf 82' lang='lat' dir='ltr'><strong>posuisse</strong></span> 
     </span>
     <span class='ocr_line' id='line_1_53' title="bbox 57 2570 816 2613; baseline -0.003 -10"><span class='ocrx_word' id='word_1_322' title='bbox 57 2572 182 2609; x_wconf 86' lang='lat' dir='ltr'><strong>videri;</strong></span> <span class='ocrx_word' id='word_1_323' title='bbox 219 2572 385 2604; x_wconf 84' lang='lat' dir='ltr'><strong>licentiam</strong></span> <span class='ocrx_word' id='word_1_324' title='bbox 419 2570 622 2603; x_wconf 88' lang='lat' dir='ltr'><strong>omittendae</strong></span> <span class='ocrx_word' id='word_1_325' title='bbox 645 2570 816 2613; x_wconf 83' lang='lat' dir='ltr'><strong>praeposi-</strong></span> 
     </span>
     <span class='ocr_line' id='line_1_54' title="bbox 58 2614 815 2659; baseline -0.005 -11"><span class='ocrx_word' id='word_1_326' title='bbox 58 2617 157 2648; x_wconf 79' lang='lat' dir='ltr'><strong>tionis</strong></span> <span class='ocrx_word' id='word_1_327' title='bbox 180 2630 198 2648; x_wconf 80' lang='lat' dir='ltr'><strong>a</strong></span> <span class='ocrx_word' id='word_1_328' title='bbox 222 2616 329 2659; x_wconf 66' lang='lat' dir='ltr'><strong>poetis</strong></span> <span class='ocrx_word' id='word_1_329' title='bbox 364 2616 548 2659; x_wconf 84' lang='lat' dir='ltr'><strong>profectam</strong></span> <span class='ocrx_word' id='word_1_330' title='bbox 579 2615 620 2646; x_wconf 88' lang='lat' dir='ltr'><strong>ad</strong></span> <span class='ocrx_word' id='word_1_331' title='bbox 647 2614 815 2657; x_wconf 82' lang='lat' dir='ltr'><strong>posterio—</strong></span> 
     </span>
     <span class='ocr_line' id='line_1_55' title="bbox 57 2661 814 2704; baseline -0.003 -13"><span class='ocrx_word' id='word_1_332' title='bbox 57 2672 109 2692; x_wconf 86' lang='lat' dir='ltr'><strong>res</strong></span> <span class='ocrx_word' id='word_1_333' title='bbox 130 2673 249 2704; x_wconf 83' lang='lat' dir='ltr'><strong>prosae</strong></span> <span class='ocrx_word' id='word_1_334' title='bbox 271 2661 429 2693; x_wconf 84' lang='lat' dir='ltr'><strong>orationis</strong></span> <span class='ocrx_word' id='word_1_335' title='bbox 453 2661 632 2703; x_wconf 87' lang='lat' dir='ltr'><strong>scriptores</strong></span> <span class='ocrx_word' id='word_1_336' title='bbox 658 2670 814 2690; x_wconf 80' lang='lat' dir='ltr'><strong>manasse.</strong></span> 
     </span>
     <span class='ocr_line' id='line_1_56' title="bbox 61 2703 815 2747; baseline -0.003 -12"><span class='ocrx_word' id='word_1_337' title='bbox 61 2705 112 2736; x_wconf 87' lang='lat' dir='ltr'><strong>Cf.</strong></span> <span class='ocrx_word' id='word_1_338' title='bbox 135 2716 195 2738; x_wconf 89' lang='lat' dir='ltr'><strong>nos</strong></span> <span class='ocrx_word' id='word_1_339' title='bbox 217 2705 251 2737; x_wconf 90' lang='lat' dir='ltr'><strong>in</strong></span> <span class='ocrx_word' id='word_1_340' title='bbox 275 2706 331 2737; x_wconf 92' lang='lat' dir='ltr'><strong>Gr.</strong></span> <span class='ocrx_word' id='word_1_341' title='bbox 355 2708 392 2738; x_wconf 92' lang='lat' dir='ltr'><strong>L.</strong></span> <span class='ocrx_word' id='word_1_342' title='bbox 416 2708 443 2747; x_wconf 80' lang='lat'><strong>§.</strong></span> <span class='ocrx_word' id='word_1_343' title='bbox 462 2707 533 2738; x_wconf 76' lang='lat'><strong>115.</strong></span> <span class='ocrx_word' id='word_1_344' title='bbox 557 2705 636 2736; x_wconf 91' lang='lat' dir='ltr'><strong>Not.</strong></span> <span class='ocrx_word' id='word_1_345' title='bbox 651 2707 704 2736; x_wconf 70' lang='lat'><strong>20.</strong></span> <span class='ocrx_word' id='word_1_346' title='bbox 740 2703 815 2734; x_wconf 85' lang='lat' dir='ltr'><strong>Lit-</strong></span> 
     </span>
     <span class='ocr_line' id='line_1_57' title="bbox 59 2747 816 2792; baseline -0.003 -12"><span class='ocrx_word' id='word_1_347' title='bbox 59 2756 162 2780; x_wconf 86' lang='lat' dir='ltr'><strong>teram</strong></span> <span class='ocrx_word' id='word_1_348' title='bbox 185 2760 204 2781; x_wconf 88' lang='grc' dir='ltr'><em>α</em></span> <span class='ocrx_word' id='word_1_349' title='bbox 228 2750 260 2782; x_wconf 89' lang='lat' dir='ltr'><strong>h.</strong></span> <span class='ocrx_word' id='word_1_350' title='bbox 283 2750 304 2782; x_wconf 92' lang='lat' dir='ltr'><strong>l.</strong></span> <span class='ocrx_word' id='word_1_351' title='bbox 328 2751 427 2783; x_wconf 82' lang='lat' dir='ltr'><strong>facile</strong></span> <span class='ocrx_word' id='word_1_352' title='bbox 451 2750 563 2781; x_wconf 87' lang='lat' dir='ltr'><strong>ultima</strong></span> <span class='ocrx_word' id='word_1_353' title='bbox 589 2747 816 2792; x_wconf 85' lang='lat' dir='ltr'><strong>praecedentis</strong></span> 
     </span>
     <span class='ocr_line' id='line_1_58' title="bbox 59 2791 816 2836; baseline -0.001 -12"><span class='ocrx_word' id='word_1_354' title='bbox 59 2793 210 2825; x_wconf 75' lang='lat' dir='ltr'><strong>vocabuli</strong></span> <span class='ocrx_word' id='word_1_355' title='bbox 232 2794 342 2827; x_wconf 80' lang='lat' dir='ltr'><strong>littera</strong></span> <span class='ocrx_word' id='word_1_356' title='bbox 362 2795 529 2827; x_wconf 87' lang='lat' dir='ltr'><strong>absorberi</strong></span> <span class='ocrx_word' id='word_1_357' title='bbox 550 2793 667 2836; x_wconf 86' lang='lat' dir='ltr'><strong>potuit.</strong></span> <span class='ocrx_word' id='word_1_358' title='bbox 707 2792 758 2824; x_wconf 85' lang='lat' dir='ltr'><strong>Cf.</strong></span> <span class='ocrx_word' id='word_1_359' title='bbox 775 2791 816 2823; x_wconf 90' lang='lat' dir='ltr'><strong>ad</strong></span> 
     </span>
     <span class='ocr_line' id='line_1_59' title="bbox 60 2835 815 2882; baseline -0.001 -14"><span class='ocrx_word' id='word_1_360' title='bbox 60 2839 85 2869; x_wconf 86' lang='grc' dir='ltr'><strong>Ι.</strong></span> <span class='ocrx_word' id='word_1_361' title='bbox 107 2838 161 2875; x_wconf 84' lang='lat'><strong>23,</strong></span> <span class='ocrx_word' id='word_1_362' title='bbox 181 2836 241 2869; x_wconf 61' lang='lat'><strong>54:</strong></span> <span class='ocrx_word' id='word_1_363' title='bbox 267 2850 286 2870; x_wconf 88' lang='lat' dir='ltr'><strong>a</strong></span> <span class='ocrx_word' id='word_1_364' title='bbox 307 2841 426 2882; x_wconf 87' lang='lat' dir='ltr'><strong>primo.</strong></span> <span class='ocrx_word' id='word_1_365' title='bbox 449 2841 489 2872; x_wconf 85' lang='lat' dir='ltr'><strong>V.</strong></span> <span class='ocrx_word' id='word_1_366' title='bbox 512 2840 565 2876; x_wconf 70' lang='lat'><strong>¹25,</strong></span> <span class='ocrx_word' id='word_1_367' title='bbox 588 2839 641 2872; x_wconf 74' lang='grc' dir='ltr'><strong>ΤΟ.</strong></span> <span class='ocrx_word' id='word_1_368' title='bbox 668 2838 722 2878; x_wconf 80' lang='grc'><strong>37,</strong></span> <span class='ocrx_word' id='word_1_369' title='bbox 744 2835 815 2869; x_wconf 80' lang='grc'>106.</span> 
     </span>
     <span class='ocr_line' id='line_1_60' title="bbox 60 2881 815 2926; baseline -0.001 -13"><span class='ocrx_word' id='word_1_370' title='bbox 60 2884 160 2914; x_wconf 85' lang='lat' dir='ltr'><strong>Moser</strong></span> <span class='ocrx_word' id='word_1_371' title='bbox 175 2881 326 2915; x_wconf 81' lang='lat' dir='ltr'><strong>defendit</strong></span> <span class='ocrx_word' id='word_1_372' title='bbox 349 2885 502 2916; x_wconf 83' lang='lat' dir='ltr'><strong>omissam</strong></span> <span class='ocrx_word' id='word_1_373' title='bbox 525 2881 815 2926; x_wconf 84' lang='lat' dir='ltr'><strong>praepositionem,</strong></span> 
     </span>
     <span class='ocr_line' id='line_1_61' title="bbox 60 2925 815 2972; baseline 0 -14"><span class='ocrx_word' id='word_1_374' title='bbox 60 2937 158 2969; x_wconf 88' lang='lat' dir='ltr'><strong>quum</strong></span> <span class='ocrx_word' id='word_1_375' title='bbox 179 2925 271 2966; x_wconf 81' lang='lat' dir='ltr'><strong>dicit,</strong></span> <span class='ocrx_word' id='word_1_376' title='bbox 295 2927 366 2961; x_wconf 87' lang='lat' dir='ltr'><strong>fieri</strong></span> <span class='ocrx_word' id='word_1_377' title='bbox 386 2929 486 2961; x_wconf 76' lang='lat' dir='ltr'><strong>etiam</strong></span> <span class='ocrx_word' id='word_1_378' title='bbox 507 2939 622 2972; x_wconf 86' lang='lat' dir='ltr'><strong>posse,</strong></span> <span class='ocrx_word' id='word_1_379' title='bbox 649 2933 683 2958; x_wconf 88' lang='lat' dir='ltr'><strong>ut</strong></span> <span class='ocrx_word' id='word_1_380' title='bbox 707 2926 815 2958; x_wconf 57' lang='lat' dir='ltr'><strong>evita«</strong></span> 
     </span>
    </p>

    <p class='ocr_par' dir='ltr' id='par_1_30' title="bbox 129 2979 312 3016">
     <span class='ocr_line' id='line_1_62' title="bbox 129 2979 312 3016; baseline 0 -9"><span class='ocrx_word' id='word_1_381' title='bbox 129 2979 176 3007; x_wconf 86' lang='lat' dir='ltr'><strong>ed.</strong></span> <span class='ocrx_word' id='word_1_382' title='bbox 195 2984 312 3016; x_wconf 77' lang='lat' dir='ltr'><strong>quarta.</strong></span> 
     </span>
    </p>
   </div>
   <div class='ocr_carea' id='block_1_28' title="bbox 860 1291 1523 1338">
    <p class='ocr_par' dir='ltr' id='par_1_31' title="bbox 860 1291 1523 1338">
     <span class='ocr_line' id='line_1_63' title="bbox 860 1291 1523 1338; baseline 0.003 -15"><span class='ocrx_word' id='word_1_383' title='bbox 860 1293 927 1325; x_wconf 86' lang='lat' dir='ltr'><strong>Em.</strong></span> <span class='ocrx_word' id='word_1_384' title='bbox 952 1294 975 1325; x_wconf 88' lang='grc' dir='ltr'><strong>Ι.</strong></span> <span class='ocrx_word' id='word_1_385' title='bbox 999 1304 1030 1335; x_wconf 91' lang='lat' dir='ltr'><strong>p.</strong></span> <span class='ocrx_word' id='word_1_386' title='bbox 1052 1291 1105 1324; x_wconf 82' lang='lat'><strong>20.</strong></span> <span class='ocrx_word' id='word_1_387' title='bbox 1143 1295 1253 1333; x_wconf 70' lang='lat' dir='ltr'><strong>Treyd.</strong></span> <span class='ocrx_word' id='word_1_388' title='bbox 1277 1292 1382 1338; x_wconf 80' lang='lat' dir='ltr'><strong>praef.</strong></span> <span class='ocrx_word' id='word_1_389' title='bbox 1406 1305 1438 1335; x_wconf 95' lang='lat' dir='ltr'><strong>p.</strong></span> <span class='ocrx_word' id='word_1_390' title='bbox 1461 1293 1523 1326; x_wconf 86' lang='lat' dir='ltr'><strong>XL</strong></span> 
     </span>
    </p>
   </div>
   <div class='ocr_carea' id='block_1_29' title="bbox 847 1369 1620 2969">
    <p class='ocr_par' dir='ltr' id='par_1_32' title="bbox 857 1369 1620 1535">
     <span class='ocr_line' id='line_1_64' title="bbox 862 1369 1619 1412; baseline 0.003 -11"><span class='ocrx_word' id='word_1_391' title='bbox 862 1369 945 1401; x_wconf 87' lang='lat' dir='ltr'><strong>verit</strong></span> <span class='ocrx_word' id='word_1_392' title='bbox 970 1369 1086 1401; x_wconf 79' lang='lat' dir='ltr'><strong>Cicero</strong></span> <span class='ocrx_word' id='word_1_393' title='bbox 1106 1369 1231 1400; x_wconf 83' lang='lat' dir='ltr'><strong>hiatum</strong></span> <span class='ocrx_word' id='word_1_394' title='bbox 1255 1376 1288 1400; x_wconf 85' lang='lat' dir='ltr'><strong>et</strong></span> <span class='ocrx_word' id='word_1_395' title='bbox 1308 1369 1518 1412; x_wconf 76' lang='grc' dir='ltr'>κακοφωνίαν</span> <span class='ocrx_word' id='word_1_396' title='bbox 1535 1382 1619 1403; x_wconf 88' lang='lat' dir='ltr'><strong>con-</strong></span> 
     </span>
     <span class='ocr_line' id='line_1_65' title="bbox 859 1413 1618 1456; baseline 0.003 -11"><span class='ocrx_word' id='word_1_397' title='bbox 859 1413 958 1452; x_wconf 88' lang='lat' dir='ltr'><strong>sulto,</strong></span> <span class='ocrx_word' id='word_1_398' title='bbox 985 1421 1018 1444; x_wconf 91' lang='lat' dir='ltr'><strong>et</strong></span> <span class='ocrx_word' id='word_1_399' title='bbox 1041 1414 1188 1456; x_wconf 84' lang='lat' dir='ltr'><strong>potuisse</strong></span> <span class='ocrx_word' id='word_1_400' title='bbox 1213 1413 1406 1445; x_wconf 88' lang='lat' dir='ltr'><strong>Ciceronem</strong></span> <span class='ocrx_word' id='word_1_401' title='bbox 1426 1414 1472 1445; x_wconf 89' lang='lat' dir='ltr'><strong>ita</strong></span> <span class='ocrx_word' id='word_1_402' title='bbox 1492 1415 1618 1447; x_wconf 85' lang='lat' dir='ltr'><strong>scribe-</strong></span> 
     </span>
     <span class='ocr_line' id='line_1_66' title="bbox 858 1457 1620 1501; baseline 0.003 -12"><span class='ocrx_word' id='word_1_403' title='bbox 858 1469 903 1497; x_wconf 87' lang='lat' dir='ltr'><strong>re,</strong></span> <span class='ocrx_word' id='word_1_404' title='bbox 930 1470 1028 1501; x_wconf 91' lang='lat' dir='ltr'><strong>quum</strong></span> <span class='ocrx_word' id='word_1_405' title='bbox 1052 1462 1213 1499; x_wconf 82' lang='lat' dir='ltr'><strong>se9re9ata</strong></span> <span class='ocrx_word' id='word_1_406' title='bbox 1237 1457 1325 1489; x_wconf 88' lang='lat' dir='ltr'><strong>idem</strong></span> <span class='ocrx_word' id='word_1_407' title='bbox 1350 1458 1419 1488; x_wconf 82' lang='lat' dir='ltr'><strong>fere</strong></span> <span class='ocrx_word' id='word_1_408' title='bbox 1442 1458 1504 1498; x_wconf 83' lang='lat' dir='ltr'><strong>sit,</strong></span> <span class='ocrx_word' id='word_1_409' title='bbox 1530 1459 1620 1501; x_wconf 86' lang='lat' dir='ltr'><strong>quod</strong></span> 
     </span>
     <span class='ocr_line' id='line_1_67' title="bbox 857 1504 1013 1535; baseline 0 -1"><span class='ocrx_word' id='word_1_410' title='bbox 857 1504 1013 1535; x_wconf 79' lang='lat' dir='ltr'><strong>destituta.</strong></span> 
     </span>
    </p>

    <p class='ocr_par' dir='ltr' id='par_1_33' title="bbox 924 1546 1480 1588">
     <span class='ocr_line' id='line_1_68' title="bbox 924 1546 1480 1588; baseline -0.005 -8"><span class='ocrx_word' id='word_1_411' title='bbox 924 1548 1099 1588; x_wconf 87' lang='lat' dir='ltr'><strong>cohaerere]</strong></span> <span class='ocrx_word' id='word_1_412' title='bbox 1126 1547 1164 1577; x_wconf 93' lang='lat' dir='ltr'><strong>V.</strong></span> <span class='ocrx_word' id='word_1_413' title='bbox 1190 1546 1232 1577; x_wconf 83' lang='lat' dir='ltr'><strong>ad</strong></span> <span class='ocrx_word' id='word_1_414' title='bbox 1256 1548 1315 1577; x_wconf 83' lang='grc' dir='ltr'>ΙΙΙ.</span> <span class='ocrx_word' id='word_1_415' title='bbox 1340 1547 1401 1583; x_wconf 68' lang='lat'><strong>25,</strong></span> <span class='ocrx_word' id='word_1_416' title='bbox 1427 1546 1480 1578; x_wconf 76' lang='lat'><strong>(51.</strong></span> 
     </span>
    </p>

    <p class='ocr_par' dir='ltr' id='par_1_34' title="bbox 847 1592 1620 2557">
     <span class='ocr_line' id='line_1_69' title="bbox 923 1592 1619 1636; baseline 0 -13"><span class='ocrx_word' id='word_1_417' title='bbox 923 1593 1016 1636; x_wconf 61' lang='lat' dir='ltr'><strong>§.et</strong></span> <span class='ocrx_word' id='word_1_418' title='bbox 1041 1593 1124 1632; x_wconf 80' lang='lat' dir='ltr'><strong>quod</strong></span> <span class='ocrx_word' id='word_1_419' title='bbox 1140 1592 1412 1631; x_wconf 80' lang='lat' dir='ltr'><strong>poeniterepossit]</strong></span> <span class='ocrx_word' id='word_1_420' title='bbox 1437 1592 1526 1629; x_wconf 82' lang='lat' dir='ltr'><strong>Quod</strong></span> <span class='ocrx_word' id='word_1_421' title='bbox 1539 1602 1619 1632; x_wconf 80' lang='lat' dir='ltr'><strong>non,</strong></span> 
     </span>
     <span class='ocr_line' id='line_1_70' title="bbox 856 1635 1617 1674; baseline 0.001 -7"><span class='ocrx_word' id='word_1_422' title='bbox 856 1636 902 1667; x_wconf 89' lang='lat' dir='ltr'><strong>uti</strong></span> <span class='ocrx_word' id='word_1_423' title='bbox 926 1639 1075 1668; x_wconf 76' lang='lat' dir='ltr'><strong>Davisius</strong></span> <span class='ocrx_word' id='word_1_424' title='bbox 1098 1642 1130 1666; x_wconf 90' lang='lat' dir='ltr'><strong>et</strong></span> <span class='ocrx_word' id='word_1_425' title='bbox 1152 1638 1293 1667; x_wconf 82' lang='lat' dir='ltr'><strong>Klotzius</strong></span> <span class='ocrx_word' id='word_1_426' title='bbox 1314 1635 1525 1674; x_wconf 80' lang='lat' dir='ltr'><strong>arbitrantur,</strong></span> <span class='ocrx_word' id='word_1_427' title='bbox 1550 1647 1617 1668; x_wconf 92' lang='lat' dir='ltr'><strong>no-</strong></span> 
     </span>
     <span class='ocr_line' id='line_1_71' title="bbox 855 1679 1616 1720; baseline 0.003 -8"><span class='ocrx_word' id='word_1_428' title='bbox 855 1681 1029 1712; x_wconf 85' lang='lat' dir='ltr'><strong>minativus</strong></span> <span class='ocrx_word' id='word_1_429' title='bbox 1047 1686 1107 1718; x_wconf 90' lang='lat' dir='ltr'><strong>est,</strong></span> <span class='ocrx_word' id='word_1_430' title='bbox 1126 1680 1185 1711; x_wconf 87' lang='lat' dir='ltr'><strong>sed</strong></span> <span class='ocrx_word' id='word_1_431' title='bbox 1200 1679 1416 1720; x_wconf 73' lang='lat' dir='ltr'><strong>accusativus,</strong></span> <span class='ocrx_word' id='word_1_432' title='bbox 1438 1686 1472 1710; x_wconf 89' lang='lat' dir='ltr'><strong>ut</strong></span> <span class='ocrx_word' id='word_1_433' title='bbox 1487 1680 1529 1711; x_wconf 91' lang='lat' dir='ltr'><strong>de</strong></span> <span class='ocrx_word' id='word_1_434' title='bbox 1544 1682 1616 1714; x_wconf 85' lang='lat' dir='ltr'><strong>Inv.</strong></span> 
     </span>
     <span class='ocr_line' id='line_1_72' title="bbox 854 1723 1615 1765; baseline 0 -8"><span class='ocrx_word' id='word_1_435' title='bbox 854 1725 888 1765; x_wconf 75' lang='lat'><strong>2,</strong></span> <span class='ocrx_word' id='word_1_436' title='bbox 912 1726 972 1757; x_wconf 82' lang='lat'><strong>13:</strong></span> <span class='ocrx_word' id='word_1_437' title='bbox 1000 1726 1118 1755; x_wconf 83' lang='lat' dir='ltr'><strong>Utrum</strong></span> <span class='ocrx_word' id='word_1_438' title='bbox 1143 1724 1178 1754; x_wconf 83' lang='lat' dir='ltr'><strong>id</strong></span> <span class='ocrx_word' id='word_1_439' title='bbox 1202 1724 1328 1755; x_wconf 75' lang='lat' dir='ltr'><strong>facinus</strong></span> <span class='ocrx_word' id='word_1_440' title='bbox 1353 1723 1411 1761; x_wconf 84' lang='lat' dir='ltr'><strong>sit,</strong></span> <span class='ocrx_word' id='word_1_441' title='bbox 1437 1726 1519 1763; x_wconf 81' lang='lat' dir='ltr'><strong>quod</strong></span> <span class='ocrx_word' id='word_1_442' title='bbox 1540 1735 1615 1764; x_wconf 83' lang='lat' dir='ltr'><strong>poe-</strong></span> 
     </span>
     <span class='ocr_line' id='line_1_73' title="bbox 854 1768 1615 1801; baseline 0 0"><span class='ocrx_word' id='word_1_443' title='bbox 854 1773 947 1801; x_wconf 73' lang='lat' dir='ltr'><strong>nitere</strong></span> <span class='ocrx_word' id='word_1_444' title='bbox 982 1769 1082 1800; x_wconf 79' lang='lat' dir='ltr'><strong>fuerit</strong></span> <span class='ocrx_word' id='word_1_445' title='bbox 1117 1780 1259 1799; x_wconf 89' lang='lat' dir='ltr'><strong>necesse.</strong></span> <span class='ocrx_word' id='word_1_446' title='bbox 1316 1768 1498 1799; x_wconf 83' lang='lat' dir='ltr'><strong>Observent</strong></span> <span class='ocrx_word' id='word_1_447' title='bbox 1528 1769 1615 1801; x_wconf 86' lang='lat' dir='ltr'><strong>enim</strong></span> 
     </span>
     <span class='ocr_line' id='line_1_74' title="bbox 854 1812 1620 1855; baseline 0 -10"><span class='ocrx_word' id='word_1_448' title='bbox 854 1814 998 1851; x_wconf 89' lang='lat' dir='ltr'><strong>tirones,</strong></span> <span class='ocrx_word' id='word_1_449' title='bbox 1025 1813 1123 1844; x_wconf 81' lang='lat' dir='ltr'><strong>verba</strong></span> <span class='ocrx_word' id='word_1_450' title='bbox 1148 1813 1366 1855; x_wconf 88' lang='lat' dir='ltr'><strong>cuiuscunque</strong></span> <span class='ocrx_word' id='word_1_451' title='bbox 1389 1812 1518 1853; x_wconf 81' lang='lat' dir='ltr'><strong>generis</strong></span> <span class='ocrx_word' id='word_1_452' title='bbox 1541 1824 1620 1845; x_wconf 79' lang='lat' dir='ltr'><strong>cum.</strong></span> 
     </span>
     <span class='ocr_line' id='line_1_75' title="bbox 855 1856 1612 1900; baseline 0 -10"><span class='ocrx_word' id='word_1_453' title='bbox 855 1858 1042 1890; x_wconf 80' lang='lat' dir='ltr'><strong>accusativo</strong></span> <span class='ocrx_word' id='word_1_454' title='bbox 1070 1858 1299 1900; x_wconf 86' lang='lat' dir='ltr'><strong>pronominum</strong></span> <span class='ocrx_word' id='word_1_455' title='bbox 1324 1856 1477 1899; x_wconf 80' lang='lat' dir='ltr'><strong>coniungi</strong></span> <span class='ocrx_word' id='word_1_456' title='bbox 1494 1868 1612 1899; x_wconf 81' lang='lat' dir='ltr'><strong>posse3</strong></span> 
     </span>
     <span class='ocr_line' id='line_1_76' title="bbox 855 1902 1613 1944; baseline -0.001 -9"><span class='ocrx_word' id='word_1_457' title='bbox 855 1904 931 1935; x_wconf 87' lang='lat' dir='ltr'><strong>hinc</strong></span> <span class='ocrx_word' id='word_1_458' title='bbox 950 1902 1037 1944; x_wconf 87' lang='lat' dir='ltr'><strong>apud</strong></span> <span class='ocrx_word' id='word_1_459' title='bbox 1059 1909 1185 1933; x_wconf 78' lang='lat' dir='ltr'><strong>veteres</strong></span> <span class='ocrx_word' id='word_1_460' title='bbox 1202 1902 1337 1943; x_wconf 74' lang='lat' dir='ltr'><strong>legitur:</strong></span> <span class='ocrx_word' id='word_1_461' title='bbox 1364 1903 1399 1932; x_wconf 78' lang='lat' dir='ltr'><strong>id</strong></span> <span class='ocrx_word' id='word_1_462' title='bbox 1420 1912 1546 1941; x_wconf 84' lang='lat' dir='ltr'><strong>operam</strong></span> <span class='ocrx_word' id='word_1_463' title='bbox 1561 1904 1613 1942; x_wconf 85' lang='lat' dir='ltr'><strong>do,</strong></span> 
     </span>
     <span class='ocr_line' id='line_1_77' title="bbox 852 1946 1613 1986; baseline -0.001 -7"><span class='ocrx_word' id='word_1_464' title='bbox 852 1950 885 1979; x_wconf 87' lang='lat' dir='ltr'><strong>id</strong></span> <span class='ocrx_word' id='word_1_465' title='bbox 909 1950 1028 1986; x_wconf 85' lang='lat' dir='ltr'><strong>studeo,</strong></span> <span class='ocrx_word' id='word_1_466' title='bbox 1051 1948 1085 1978; x_wconf 79' lang='lat' dir='ltr'><strong>id</strong></span> <span class='ocrx_word' id='word_1_467' title='bbox 1107 1949 1206 1986; x_wconf 86' lang='lat' dir='ltr'><strong>doleo,</strong></span> <span class='ocrx_word' id='word_1_468' title='bbox 1229 1948 1262 1977; x_wconf 78' lang='lat' dir='ltr'><strong>id</strong></span> <span class='ocrx_word' id='word_1_469' title='bbox 1285 1955 1462 1985; x_wconf 83' lang='lat' dir='ltr'><strong>succenseo,</strong></span> <span class='ocrx_word' id='word_1_470' title='bbox 1484 1946 1613 1978; x_wconf 86' lang='lat' dir='ltr'><strong>similia.</strong></span> 
     </span>
     <span class='ocr_line' id='line_1_78' title="bbox 853 1990 1614 2032; baseline -0.001 -8"><span class='ocrx_word' id='word_1_471' title='bbox 853 1992 983 2024; x_wconf 88' lang='lat' dir='ltr'><strong>Vetusti</strong></span> <span class='ocrx_word' id='word_1_472' title='bbox 1006 2002 1085 2023; x_wconf 88' lang='lat' dir='ltr'><strong>vero</strong></span> <span class='ocrx_word' id='word_1_473' title='bbox 1110 1992 1333 2022; x_wconf 83' lang='lat' dir='ltr'><strong>Romanorum</strong></span> <span class='ocrx_word' id='word_1_474' title='bbox 1356 1990 1551 2032; x_wconf 87' lang='lat' dir='ltr'><strong>scriptores,</strong></span> <span class='ocrx_word' id='word_1_475' title='bbox 1577 1996 1614 2023; x_wconf 77' lang='lat' dir='ltr'><strong>ut</strong></span> 
     </span>
     <span class='ocr_line' id='line_1_79' title="bbox 853 2034 1612 2077; baseline -0.001 -9"><span class='ocrx_word' id='word_1_476' title='bbox 853 2037 1005 2075; x_wconf 84' lang='lat' dir='ltr'><strong>Plautus,</strong></span> <span class='ocrx_word' id='word_1_477' title='bbox 1044 2043 1079 2066; x_wconf 86' lang='lat' dir='ltr'><strong>ut</strong></span> <span class='ocrx_word' id='word_1_478' title='bbox 1101 2035 1296 2073; x_wconf 79' lang='lat' dir='ltr'><strong>Terentius,</strong></span> <span class='ocrx_word' id='word_1_479' title='bbox 1324 2034 1422 2066; x_wconf 82' lang='lat' dir='ltr'><strong>verba</strong></span> <span class='ocrx_word' id='word_1_480' title='bbox 1445 2035 1612 2077; x_wconf 88' lang='lat' dir='ltr'><strong>imperso-</strong></span> 
     </span>
     <span class='ocr_line' id='line_1_80' title="bbox 855 2079 1610 2121; baseline -0.004 -8"><span class='ocrx_word' id='word_1_481' title='bbox 855 2082 938 2113; x_wconf 78' lang='lat' dir='ltr'><strong>nalia</strong></span> <span class='ocrx_word' id='word_1_482' title='bbox 954 2083 1059 2121; x_wconf 75' lang='lat' dir='ltr'><strong>pudet,</strong></span> <span class='ocrx_word' id='word_1_483' title='bbox 1076 2083 1170 2120; x_wconf 69' lang='lat' dir='ltr'><strong>piqet,</strong></span> <span class='ocrx_word' id='word_1_484' title='bbox 1187 2082 1331 2119; x_wconf 77' lang='lat' dir='ltr'><strong>poenitet,</strong></span> <span class='ocrx_word' id='word_1_485' title='bbox 1354 2079 1426 2117; x_wconf 85' lang='lat' dir='ltr'><strong>alia,</strong></span> <span class='ocrx_word' id='word_1_486' title='bbox 1455 2091 1610 2110; x_wconf 89' lang='lat' dir='ltr'><strong>nonnun-</strong></span> 
     </span>
     <span class='ocr_line' id='line_1_81' title="bbox 854 2125 1608 2169; baseline -0.001 -12"><span class='ocrx_word' id='word_1_487' title='bbox 854 2138 950 2169; x_wconf 86' lang='lat' dir='ltr'><strong>quam</strong></span> <span class='ocrx_word' id='word_1_488' title='bbox 985 2125 1204 2168; x_wconf 86' lang='lat' dir='ltr'><strong>personaliter</strong></span> <span class='ocrx_word' id='word_1_489' title='bbox 1234 2130 1433 2166; x_wconf 88' lang='lat' dir='ltr'><strong>posuerunt,</strong></span> <span class='ocrx_word' id='word_1_490' title='bbox 1473 2130 1507 2154; x_wconf 88' lang='lat' dir='ltr'><strong>ut</strong></span> <span class='ocrx_word' id='word_1_491' title='bbox 1531 2126 1608 2156; x_wconf 89' lang='lat' dir='ltr'><strong>Ter.</strong></span> 
     </span>
     <span class='ocr_line' id='line_1_82' title="bbox 854 2168 1610 2213; baseline -0.003 -11"><span class='ocrx_word' id='word_1_492' title='bbox 854 2170 994 2213; x_wconf 81' lang='lat' dir='ltr'><strong>Adelph.</strong></span> <span class='ocrx_word' id='word_1_493' title='bbox 1024 2171 1076 2200; x_wconf 91' lang='lat' dir='ltr'><strong>lV.</strong></span> <span class='ocrx_word' id='word_1_494' title='bbox 1099 2169 1129 2207; x_wconf 80' lang='lat'><strong>7,</strong></span> <span class='ocrx_word' id='word_1_495' title='bbox 1151 2168 1213 2202; x_wconf 81' lang='lat'><strong>35:</strong></span> <span class='ocrx_word' id='word_1_496' title='bbox 1247 2179 1305 2200; x_wconf 84' lang='lat' dir='ltr'><strong>non</strong></span> <span class='ocrx_word' id='word_1_497' title='bbox 1327 2173 1352 2199; x_wconf 81' lang='lat' dir='ltr'><strong>te</strong></span> <span class='ocrx_word' id='word_1_498' title='bbox 1376 2170 1450 2200; x_wconf 80' lang='lat' dir='ltr'><strong>haec</strong></span> <span class='ocrx_word' id='word_1_499' title='bbox 1467 2170 1610 2207; x_wconf 80' lang='lat' dir='ltr'><strong>pudent?</strong></span> 
     </span>
     <span class='ocr_line' id='line_1_83' title="bbox 852 2213 1612 2251; baseline -0.004 -4"><span class='ocrx_word' id='word_1_500' title='bbox 852 2216 955 2247; x_wconf 81' lang='lat' dir='ltr'><strong>Plaut.</strong></span> <span class='ocrx_word' id='word_1_501' title='bbox 979 2214 1094 2245; x_wconf 83' lang='lat' dir='ltr'><strong>Sticho</strong></span> <span class='ocrx_word' id='word_1_502' title='bbox 1120 2215 1143 2245; x_wconf 91' lang='lat'><strong>1.</strong></span> <span class='ocrx_word' id='word_1_503' title='bbox 1173 2213 1210 2251; x_wconf 92' lang='lat'><strong>1,</strong></span> <span class='ocrx_word' id='word_1_504' title='bbox 1231 2214 1292 2245; x_wconf 83' lang='lat'><strong>50:</strong></span> <span class='ocrx_word' id='word_1_505' title='bbox 1319 2223 1366 2244; x_wconf 84' lang='lat' dir='ltr'><strong>me</strong></span> <span class='ocrx_word' id='word_1_506' title='bbox 1391 2214 1514 2251; x_wconf 80' lang='lat' dir='ltr'><strong>quidem</strong></span> <span class='ocrx_word' id='word_1_507' title='bbox 1537 2214 1612 2244; x_wconf 85' lang='lat' dir='ltr'><strong>haec</strong></span> 
     </span>
     <span class='ocr_line' id='line_1_84' title="bbox 851 2257 1610 2296; baseline -0.004 -4"><span class='ocrx_word' id='word_1_508' title='bbox 851 2263 983 2292; x_wconf 79' lang='lat' dir='ltr'><strong>conditio</strong></span> <span class='ocrx_word' id='word_1_509' title='bbox 1004 2269 1085 2290; x_wconf 82' lang='lat' dir='ltr'><strong>nunc</strong></span> <span class='ocrx_word' id='word_1_510' title='bbox 1105 2269 1165 2289; x_wconf 83' lang='lat' dir='ltr'><strong>non</strong></span> <span class='ocrx_word' id='word_1_511' title='bbox 1183 2259 1323 2296; x_wconf 76' lang='lat' dir='ltr'><strong>poenitet.</strong></span> <span class='ocrx_word' id='word_1_512' title='bbox 1371 2257 1410 2286; x_wconf 93' lang='lat' dir='ltr'><strong>V.</strong></span> <span class='ocrx_word' id='word_1_513' title='bbox 1428 2258 1610 2289; x_wconf 80' lang='lat' dir='ltr'><strong>Ramshorn.</strong></span> 
     </span>
     <span class='ocr_line' id='line_1_85' title="bbox 852 2300 1609 2345; baseline -0.005 -10"><span class='ocrx_word' id='word_1_514' title='bbox 852 2305 891 2335; x_wconf 95' lang='lat' dir='ltr'><strong>L.</strong></span> <span class='ocrx_word' id='word_1_515' title='bbox 913 2306 969 2335; x_wconf 86' lang='lat' dir='ltr'><strong>Gr.</strong></span> <span class='ocrx_word' id='word_1_516' title='bbox 999 2305 1026 2345; x_wconf 66' lang='grc' dir='ltr'><strong>ξ.</strong></span> <span class='ocrx_word' id='word_1_517' title='bbox 1045 2302 1115 2334; x_wconf 69' lang='lat'><strong>113.</strong></span> <span class='ocrx_word' id='word_1_518' title='bbox 1139 2302 1219 2332; x_wconf 87' lang='lat' dir='ltr'><strong>Not.</strong></span> <span class='ocrx_word' id='word_1_519' title='bbox 1239 2301 1270 2332; x_wconf 73' lang='lat'><strong>⁴2.</strong></span> <span class='ocrx_word' id='word_1_520' title='bbox 1319 2302 1454 2331; x_wconf 70' lang='lat' dir='ltr'><strong>Kiihner.</strong></span> <span class='ocrx_word' id='word_1_521' title='bbox 1487 2300 1526 2332; x_wconf 95' lang='lat' dir='ltr'><strong>L.</strong></span> <span class='ocrx_word' id='word_1_522' title='bbox 1551 2300 1609 2332; x_wconf 90' lang='lat' dir='ltr'><strong>Gr.</strong></span> 
     </span>
     <span class='ocr_line' id='line_1_86' title="bbox 854 2344 1608 2392; baseline -0.007 -12"><span class='ocrx_word' id='word_1_523' title='bbox 854 2352 880 2392; x_wconf 79' lang='lat'><strong>§.</strong></span> <span class='ocrx_word' id='word_1_524' title='bbox 906 2348 978 2380; x_wconf 73' lang='lat'><strong>112.</strong></span> <span class='ocrx_word' id='word_1_525' title='bbox 1009 2347 1084 2378; x_wconf 78' lang='lat' dir='ltr'><strong>Not.</strong></span> <span class='ocrx_word' id='word_1_526' title='bbox 1110 2346 1142 2378; x_wconf 72' lang='grc'><strong>3.</strong></span> <span class='ocrx_word' id='word_1_527' title='bbox 1191 2344 1256 2376; x_wconf 81' lang='lat' dir='ltr'><strong>Sed</strong></span> <span class='ocrx_word' id='word_1_528' title='bbox 1280 2356 1377 2386; x_wconf 85' lang='lat' dir='ltr'><strong>supra</strong></span> <span class='ocrx_word' id='word_1_529' title='bbox 1410 2345 1448 2375; x_wconf 93' lang='lat' dir='ltr'><strong>V.</strong></span> <span class='ocrx_word' id='word_1_530' title='bbox 1472 2344 1524 2382; x_wconf 70' lang='grc'><strong>18,</strong></span> <span class='ocrx_word' id='word_1_531' title='bbox 1547 2345 1608 2377; x_wconf 76' lang='lat'><strong>53:</strong></span> 
     </span>
     <span class='ocr_line' id='line_1_87' title="bbox 851 2388 1608 2434; baseline -0.005 -11"><span class='ocrx_word' id='word_1_532' title='bbox 851 2393 1040 2434; x_wconf 79' lang='lat' dir='ltr'><strong>,‚scqnitur,</strong></span> <span class='ocrx_word' id='word_1_533' title='bbox 1068 2397 1101 2421; x_wconf 88' lang='lat' dir='ltr'><strong>ut</strong></span> <span class='ocrx_word' id='word_1_534' title='bbox 1124 2392 1199 2421; x_wconf 82' lang='lat' dir='ltr'><strong>nihii</strong></span> <span class='ocrx_word' id='word_1_535' title='bbox 1219 2392 1384 2428; x_wconf 72' lang='lat' dir='ltr'><strong>poeniteat,</strong></span> <span class='ocrx_word' id='word_1_536' title='bbox 1410 2388 1489 2419; x_wconf 88' lang='lat' dir='ltr'><strong>nihil</strong></span> <span class='ocrx_word' id='word_1_537' title='bbox 1513 2388 1608 2427; x_wconf 88' lang='lat' dir='ltr'><strong>desit,</strong></span> 
     </span>
     <span class='ocr_line' id='line_1_88' title="bbox 852 2432 1611 2476; baseline -0.004 -8"><span class='ocrx_word' id='word_1_538' title='bbox 852 2437 932 2468; x_wconf 85' lang='lat' dir='ltr'><strong>nihil</strong></span> <span class='ocrx_word' id='word_1_539' title='bbox 954 2436 1086 2467; x_wconf 79' lang='lat' dir='ltr'><strong>obstet“</strong></span> <span class='ocrx_word' id='word_1_540' title='bbox 1111 2436 1187 2465; x_wconf 80' lang='lat' dir='ltr'><strong>nihii</strong></span> <span class='ocrx_word' id='word_1_541' title='bbox 1209 2445 1268 2476; x_wconf 92' lang='lat' dir='ltr'><strong>pro</strong></span> <span class='ocrx_word' id='word_1_542' title='bbox 1292 2432 1497 2464; x_wconf 82' lang='lat' dir='ltr'><strong>nominativo</strong></span> <span class='ocrx_word' id='word_1_543' title='bbox 1520 2433 1611 2465; x_wconf 86' lang='lat' dir='ltr'><strong>acci-</strong></span> 
     </span>
     <span class='ocr_line' id='line_1_89' title="bbox 851 2477 1610 2523; baseline -0.001 -12"><span class='ocrx_word' id='word_1_544' title='bbox 851 2481 1006 2523; x_wconf 80' lang='lat' dir='ltr'><strong>piendum</strong></span> <span class='ocrx_word' id='word_1_545' title='bbox 1023 2478 1152 2510; x_wconf 84' lang='lat' dir='ltr'><strong>videtur</strong></span> <span class='ocrx_word' id='word_1_546' title='bbox 1171 2478 1213 2509; x_wconf 85' lang='lat' dir='ltr'><strong>ob</strong></span> <span class='ocrx_word' id='word_1_547' title='bbox 1233 2477 1488 2510; x_wconf 85' lang='lat' dir='ltr'><strong>concinnitatem</strong></span> <span class='ocrx_word' id='word_1_548' title='bbox 1502 2489 1610 2510; x_wconf 80' lang='lat' dir='ltr'><strong>mem-</strong></span> 
     </span>
     <span class='ocr_line' id='line_1_90' title="bbox 847 2526 993 2557; baseline -0.007 0"><span class='ocrx_word' id='word_1_549' title='bbox 847 2526 993 2557; x_wconf 87' lang='lat' dir='ltr'><strong>brorum.</strong></span> 
     </span>
    </p>

    <p class='ocr_par' dir='ltr' id='par_1_35' title="bbox 848 2569 1610 2969">
     <span class='ocr_line' id='line_1_91' title="bbox 916 2569 1608 2607; baseline -0.003 -7"><span class='ocrx_word' id='word_1_550' title='bbox 916 2572 992 2601; x_wconf 83' lang='lat' dir='ltr'><strong>nihil</strong></span> <span class='ocrx_word' id='word_1_551' title='bbox 1017 2587 1057 2592; x_wconf 92' lang='lat'>—</span> <span class='ocrx_word' id='word_1_552' title='bbox 1083 2570 1260 2606; x_wconf 84' lang='lat' dir='ltr'><strong>admirari,</strong></span> <span class='ocrx_word' id='word_1_553' title='bbox 1299 2570 1330 2598; x_wconf 83' lang='lat' dir='ltr'><strong>ut</strong></span> <span class='ocrx_word' id='word_1_554' title='bbox 1353 2569 1548 2607; x_wconf 80' lang='lat' dir='ltr'><strong>inopinatum</strong></span> <span class='ocrx_word' id='word_1_555' title='bbox 1571 2577 1608 2599; x_wconf 90' lang='lat' dir='ltr'><strong>ac</strong></span> 
     </span>
     <span class='ocr_line' id='line_1_92' title="bbox 848 2611 1610 2655; baseline -0.005 -9"><span class='ocrx_word' id='word_1_556' title='bbox 848 2625 962 2646; x_wconf 81' lang='lat' dir='ltr'><strong>novum</strong></span> <span class='ocrx_word' id='word_1_557' title='bbox 981 2615 1130 2645; x_wconf 80' lang='lat' dir='ltr'><strong>accidisse</strong></span> <span class='ocrx_word' id='word_1_558' title='bbox 1141 2611 1298 2655; x_wconf 78' lang='lat' dir='ltr'><strong>videatur]</strong></span> <span class='ocrx_word' id='word_1_559' title='bbox 1318 2612 1365 2642; x_wconf 91' lang='lat' dir='ltr'><strong>De</strong></span> <span class='ocrx_word' id='word_1_560' title='bbox 1382 2623 1411 2643; x_wconf 93' lang='lat' dir='ltr'><strong>v.</strong></span> <span class='ocrx_word' id='word_1_561' title='bbox 1426 2613 1610 2643; x_wconf 85' lang='lat' dir='ltr'><strong>admirandi</strong></span> 
     </span>
     <span class='ocr_line' id='line_1_93' title="bbox 851 2656 1607 2694; baseline -0.003 -5"><span class='ocrx_word' id='word_1_562' title='bbox 851 2671 880 2689; x_wconf 91' lang='lat' dir='ltr'><strong>v.</strong></span> <span class='ocrx_word' id='word_1_563' title='bbox 902 2658 943 2689; x_wconf 79' lang='lat' dir='ltr'><strong>ad</strong></span> <span class='ocrx_word' id='word_1_564' title='bbox 969 2670 996 2691; x_wconf 85' lang='lat' dir='ltr'><strong>e.</strong></span> <span class='ocrx_word' id='word_1_565' title='bbox 1014 2659 1045 2693; x_wconf 76' lang='lat'><strong>3.</strong></span> <span class='ocrx_word' id='word_1_566' title='bbox 1065 2661 1097 2690; x_wconf 66' lang='grc' dir='ltr'><strong>ὅ.</strong></span> <span class='ocrx_word' id='word_1_567' title='bbox 1132 2656 1319 2694; x_wconf 83' lang='lat' dir='ltr'><strong>„Particula</strong></span> <span class='ocrx_word' id='word_1_568' title='bbox 1343 2660 1374 2687; x_wconf 78' lang='lat' dir='ltr'><strong>ui</strong></span> <span class='ocrx_word' id='word_1_569' title='bbox 1396 2663 1510 2688; x_wconf 88' lang='lat' dir='ltr'><strong>nostro</strong></span> <span class='ocrx_word' id='word_1_570' title='bbox 1534 2667 1607 2687; x_wconf 83' lang='lat' dir='ltr'><strong>ser-</strong></span> 
     </span>
     <span class='ocr_line' id='line_1_94' title="bbox 850 2701 1607 2742; baseline -0.005 -8"><span class='ocrx_word' id='word_1_571' title='bbox 850 2714 948 2734; x_wconf 90' lang='lat' dir='ltr'><strong>mone</strong></span> <span class='ocrx_word' id='word_1_572' title='bbox 971 2702 1082 2733; x_wconf 90' lang='lat' dir='ltr'><strong>melius</strong></span> <span class='ocrx_word' id='word_1_573' title='bbox 1106 2701 1253 2733; x_wconf 89' lang='lat' dir='ltr'><strong>redditur</strong></span> <span class='ocrx_word' id='word_1_574' title='bbox 1275 2703 1322 2732; x_wconf 85' lang='lat' dir='ltr'><strong>als</strong></span> <span class='ocrx_word' id='word_1_575' title='bbox 1337 2710 1438 2740; x_wconf 84' lang='lat' dir='ltr'><strong>wenn,</strong></span> <span class='ocrx_word' id='word_1_576' title='bbox 1463 2712 1559 2742; x_wconf 89' lang='lat' dir='ltr'><strong>quam</strong></span> <span class='ocrx_word' id='word_1_577' title='bbox 1573 2709 1607 2730; x_wconf 84' lang='lat' dir='ltr'><strong>so</strong></span> 
     </span>
     <span class='ocr_line' id='line_1_95' title="bbox 851 2743 1605 2790; baseline -0.008 -11"><span class='ocrx_word' id='word_1_578' title='bbox 851 2750 936 2787; x_wconf 87' lang='lat' dir='ltr'><strong>dass,</strong></span> <span class='ocrx_word' id='word_1_579' title='bbox 961 2757 1144 2790; x_wconf 83' lang='lat' dir='ltr'><strong>quanquam</strong></span> <span class='ocrx_word' id='word_1_580' title='bbox 1170 2745 1351 2777; x_wconf 89' lang='lat' dir='ltr'><strong>cavendum</strong></span> <span class='ocrx_word' id='word_1_581' title='bbox 1377 2752 1445 2782; x_wconf 85' lang='lat' dir='ltr'><strong>est,</strong></span> <span class='ocrx_word' id='word_1_582' title='bbox 1471 2755 1510 2775; x_wconf 85' lang='lat' dir='ltr'><strong>ne</strong></span> <span class='ocrx_word' id='word_1_583' title='bbox 1535 2743 1605 2785; x_wconf 83' lang='lat' dir='ltr'><strong>quis</strong></span> 
     </span>
     <span class='ocr_line' id='line_1_96' title="bbox 852 2788 1606 2833; baseline -0.008 -9"><span class='ocrx_word' id='word_1_584' title='bbox 852 2792 977 2831; x_wconf 84' lang='lat' dir='ltr'><strong>eredat,</strong></span> <span class='ocrx_word' id='word_1_585' title='bbox 1003 2796 1035 2824; x_wconf 81' lang='lat' dir='ltr'><strong>ui</strong></span> <span class='ocrx_word' id='word_1_586' title='bbox 1056 2802 1170 2823; x_wconf 88' lang='lat' dir='ltr'><strong>revera</strong></span> <span class='ocrx_word' id='word_1_587' title='bbox 1191 2790 1374 2833; x_wconf 84' lang='lat' dir='ltr'><strong>significare</strong></span> <span class='ocrx_word' id='word_1_588' title='bbox 1396 2788 1483 2819; x_wconf 89' lang='lat' dir='ltr'><strong>idem</strong></span> <span class='ocrx_word' id='word_1_589' title='bbox 1506 2794 1606 2830; x_wconf 88' lang='lat' dir='ltr'><strong>atque</strong></span> 
     </span>
     <span class='ocr_line' id='line_1_97' title="bbox 850 2832 1604 2877; baseline -0.008 -9"><span class='ocrx_word' id='word_1_590' title='bbox 850 2839 985 2877; x_wconf 81' lang='lat' dir='ltr'><strong>quasi,“</strong></span> <span class='ocrx_word' id='word_1_591' title='bbox 1019 2843 1055 2868; x_wconf 91' lang='lat' dir='ltr'><strong>ut</strong></span> <span class='ocrx_word' id='word_1_592' title='bbox 1077 2835 1122 2867; x_wconf 80' lang='lat' dir='ltr'><strong>ait</strong></span> <span class='ocrx_word' id='word_1_593' title='bbox 1146 2838 1347 2874; x_wconf 72' lang='lat' dir='ltr'><strong>Stiirenbury.</strong></span> <span class='ocrx_word' id='word_1_594' title='bbox 1369 2833 1411 2864; x_wconf 91' lang='lat' dir='ltr'><strong>ad</strong></span> <span class='ocrx_word' id='word_1_595' title='bbox 1431 2844 1479 2874; x_wconf 88' lang='lat' dir='ltr'><strong>pr.</strong></span> <span class='ocrx_word' id='word_1_596' title='bbox 1504 2832 1604 2863; x_wconf 84' lang='lat' dir='ltr'><strong>Arch.</strong></span> 
     </span>
     <span class='ocr_line' id='line_1_98' title="bbox 854 2874 1603 2924; baseline -0.011 -10"><span class='ocrx_word' id='word_1_597' title='bbox 854 2882 904 2921; x_wconf 74' lang='lat'><strong>12,</strong></span> <span class='ocrx_word' id='word_1_598' title='bbox 925 2882 977 2914; x_wconf 83' lang='lat'><strong>30.</strong></span> <span class='ocrx_word' id='word_1_599' title='bbox 1001 2892 1033 2924; x_wconf 90' lang='lat' dir='ltr'><strong>p.</strong></span> <span class='ocrx_word' id='word_1_600' title='bbox 1052 2881 1122 2914; x_wconf 74' lang='lat'><strong>159.</strong></span> <span class='ocrx_word' id='word_1_601' title='bbox 1146 2891 1253 2922; x_wconf 88' lang='lat' dir='ltr'><strong>comp.</strong></span> <span class='ocrx_word' id='word_1_602' title='bbox 1267 2879 1307 2910; x_wconf 90' lang='lat' dir='ltr'><strong>de</strong></span> <span class='ocrx_word' id='word_1_603' title='bbox 1330 2879 1411 2918; x_wconf 84' lang='lat' dir='ltr'><strong>Rep.</strong></span> <span class='ocrx_word' id='word_1_604' title='bbox 1426 2878 1450 2908; x_wconf 89' lang='grc' dir='ltr'><strong>Ι.</strong></span> <span class='ocrx_word' id='word_1_605' title='bbox 1474 2874 1526 2915; x_wconf 71' lang='lat'><strong>40,</strong></span> <span class='ocrx_word' id='word_1_606' title='bbox 1540 2875 1603 2909; x_wconf 70' lang='lat'><strong>62:</strong></span> 
     </span>
     <span class='ocr_line' id='line_1_99' title="bbox 851 2920 1605 2969; baseline -0.008 -12"><span class='ocrx_word' id='word_1_607' title='bbox 851 2932 918 2957; x_wconf 89' lang='lat' dir='ltr'><strong>tum</strong></span> <span class='ocrx_word' id='word_1_608' title='bbox 935 2937 1066 2969; x_wconf 86' lang='lat' dir='ltr'><strong>prorsus</strong></span> <span class='ocrx_word' id='word_1_609' title='bbox 1090 2925 1136 2957; x_wconf 84' lang='lat' dir='ltr'><strong>ita</strong></span> <span class='ocrx_word' id='word_1_610' title='bbox 1155 2931 1228 2957; x_wconf 83' lang='lat' dir='ltr'><strong>acta</strong></span> <span class='ocrx_word' id='word_1_611' title='bbox 1249 2923 1414 2965; x_wconf 75' lang='lat' dir='ltr'><strong>pleraque,</strong></span> <span class='ocrx_word' id='word_1_612' title='bbox 1440 2924 1471 2952; x_wconf 81' lang='lat' dir='ltr'><strong>nt</strong></span> <span class='ocrx_word' id='word_1_613' title='bbox 1493 2920 1525 2951; x_wconf 88' lang='lat' dir='ltr'><strong>in</strong></span> <span class='ocrx_word' id='word_1_614' title='bbox 1540 2930 1605 2963; x_wconf 86' lang='lat' dir='ltr'><strong>po·-</strong></span> 
     </span>
    </p>
   </div>
   <div class='ocr_carea' id='block_1_30' title="bbox 1235 2973 1288 3006">
    <p class='ocr_par' dir='ltr' id='par_1_36' title="bbox 1235 2973 1288 3006">
     <span class='ocr_line' id='line_1_100' title="bbox 1235 2973 1288 3006; baseline -0.019 0"><span class='ocrx_word' id='word_1_615' title='bbox 1235 2973 1288 3006; x_wconf 80' lang='lat'><strong>‘29</strong></span> 
     </span>
    </p>
   </div>
  </div>
 </body>
</html>
