1832 3137
654 54 1039 95 Ltssuai.19,44.
1568 45 1623 87 93

59 135 198 176 ardore
231 134 326 175 solis
363 141 577 189 temperato
610 135 762 188 ignibus
796 135 940 175 insistit.
965 143 1003 176 et
1035 135 1147 175 linem
1177 135 1291 176 altius
1314 148 1357 176 se
1385 135 1582 175 ecferendi
1602 138 1617 162 1

61 207 167 248 facit.
232 205 360 260 Quum
379 209 399 232 ‘²
425 207 525 247 enim
551 208 608 247 sui
633 207 796 247 similem
823 214 862 247 et
890 208 1083 248 levitatem
1110 215 1148 248 et
1171 209 1341 249 calorem
1363 209 1523 263 adeptus
1546 215 1621 259 est,

61 288 239 335 tanquam
264 280 420 335 paribus
451 281 696 321 examinatus
725 280 987 334 ponderibus,
1024 282 1162 321 nullam
1190 282 1228 322 in
1257 289 1404 337 partem
1426 288 1621 332 movetur,

61 367 182 408 eaque
215 353 249 394 ei
275 354 427 394 demum
456 354 642 394 naturalis
668 361 726 394 est
750 354 886 404 sedes,
931 369 1045 408 quum
1078 356 1124 394 ad
1162 355 1220 395 sui
1257 355 1415 396 simile³
1446 362 1626 410 penetra-

60 428 139 478 vit,
183 428 221 468 in
248 442 323 481 quo
347 428 450 467 nulla
476 441 517 467 re
542 441 662 481 egens
692 427 818 466 aletur
844 434 881 466 et
903 428 1184 467 sustentabitur
1206 429 1341 469 iisdem
1367 429 1509 478 rebus,
1544 428 1627 482 qui-

60 502 132 542 bus
153 508 258 541 astra
283 508 552 541 sustentantur
574 508 612 539 rt
633 500 803 540 aluntur.
867 505 935 540 44.
972 498 1177 554 Quumque
1198 502 1374 556 corporis
1399 501 1546 542 facibus
1568 501 1627 542 in-

62 575 248 615 flammari
279 575 474 615 soleamus
502 575 546 614 ad
576 587 711 613 omnes
738 574 819 612 fere
850 573 1100 628 cupiditates,
1147 587 1269 627 eoque
1297 575 1416 628 magis
1453 574 1624 625 incendi,

63 649 162 702 quod
188 649 234 688 iis
261 648 521 698 aemulemur,
567 647 629 700 qui
663 660 710 686 ea
735 646 901 686 babeant
921 649 966 696 4,
1002 660 1099 700 quae
1128 661 1200 686 nos
1230 647 1372 686 habere
1400 649 1624 701 cupiamus:

63 722 236 776 profecto
262 721 362 760 beati
386 721 563 760 erimus5
581 751 590 769 ‚
626 734 766 774 quum,
802 719 1030 774 corporibus
1048 719 1219 769 relictis,
1254 727 1291 759 et
1319 720 1568 773 cupiditatum
1591 727 1631 760 et

63 794 362 834 aemulationum
393 794 537 833 erimus
561 800 770 847 experte53
812 793 990 846 quodque
1018 807 1120 833 nunc
1145 792 1330 843 facimus,
1366 807 1479 846 quum
1507 792 1628 833 laxati

63 869 167 909 curis
192 881 349 918 sumus,
384 874 425 907 ut
453 874 630 921 spectare
660 867 802 920 aliquid
828 866 992 907 velimus
1016 873 1053 906 et
1077 865 1233 917 visere,
1268 867 1304 906 id
1329 867 1449 906 multo
1474 873 1553 906 tum
1575 867 1630 906 fa-

64 942 209 982 ciemus
234 941 393 981 liberius
424 947 604 994 totosque
634 954 706 980 nos
731 940 768 979 in
795 940 1100 994 contemplandis
1125 940 1242 979 rebus
1274 939 1632 995 perspiciendisque

64 1028 250 1068 ponemus
266 1045 276 1064 ‚
322 1020 526 1067 propterea
552 1014 650 1066 quod
675 1020 714 1052 et
737 1015 876 1052 natura
902 1013 1003 1051 inest
1028 1013 1067 1051 in
1083 1015 1100 1038 ὓ
1136 1013 1329 1052 mentibus
1357 1013 1503 1053 nostris
1525 1013 1631 1054 insa-

68 1086 208 1127 tiabilis
236 1086 421 1139 quaedam
449 1086 639 1139 cupiditas
667 1086 749 1125 veri
776 1085 932 1125 videndi
950 1087 969 1110 7
986 1116 996 1135 ,
1031 1092 1070 1125 et
1092 1099 1185 1125 orae
1212 1086 1319 1140 ipsae
1349 1086 1524 1126 locorum
1548 1087 1633 1127 illo-

69 1174 175 1210 rum,
219 1172 292 1212 quo
328 1159 643 1212 pervenerimus,
687 1172 762 1212 quo
794 1158 1005 1198 faciliorem
1046 1158 1156 1198 nobis
1201 1159 1463 1212 cognitionem
1501 1174 1633 1201 rerum

162 1272 176 1302 l
203 1270 257 1301 Sic
283 1270 367 1301 Gud.
384 1269 409 1301 l.
425 1284 431 1304 ;
459 1273 512 1302 Or.
529 1283 555 1302 c.
572 1271 656 1313 vulg.
678 1273 833 1312 efferendi.

881 1270 900 1301 2
927 1273 982 1302 Or.
1006 1283 1023 1301 e
1050 1271 1135 1302 coni.
1162 1271 1266 1303 Bentl.
1294 1272 1341 1313 (et
1367 1284 1394 1303 c.
1413 1272 1507 1315 Aug)
1537 1275 1633 1304 Tum

69 1320 148 1348 enim
163 1335 204 1339 -—
217 1317 358 1354 adeptus,
384 1319 554 1355 tamquam.
591 1317 761 1347 Omittitur
776 1320 818 1347 est
838 1319 926 1358 (post
949 1317 1092 1355 adeptus}
1119 1316 1151 1346 in
1173 1317 1209 1346 R.
1225 1316 1310 1348 Gud.
1326 1316 1353 1347 1.
1378 1317 1461 1348 1112.
1488 1317 1584 1348 Vind.
1599 1320 1632 1349 2.

70 1361 175 1392 Marb.
209 1367 241 1392 et.
263 1360 408 1392 nonnull.
433 1360 508 1391 edd.
532 1367 636 1391 vett.:

70 1504 103 1528 et
128 1495 320 1538 complurib.
345 1494 420 1525 edd.
449 1502 548 1526 vett.:
576 1496 630 1526 ¹alii
652 1498 793 1527 similem.

71 1541 178 1574 Male;
206 1553 234 1571 v.
259 1551 318 1570 nos
339 1540 371 1570 iu
397 1540 452 1571 Gr.
474 1541 510 1572 L.
532 1541 559 1573 G.
578 1539 679 1572 1401»
704 1542 746 1579 c).

71 1697 190 1730 verint.

73 1743 112 1777 71
137 1753 207 1784 sqq.

141 1791 288 1827 tanquam
311 1789 441 1827 paribus
465 1789 663 1818 examinatus
692 1788 839 1826 ponderi-

74 1834 143 1873 bus]
184 1833 250 1873 ,‚H.
277 1842 304 1862 e.
344 1839 498 1874 tanquam
535 1832 575 1862 ad
611 1831 838 1873 aequilibrium

73 1877 236 1913 redactus,
258 1876 406 1913 materiai,
428 1887 510 1918 quae
529 1876 674 1906 eiusdem
695 1883 743 1906 est
762 1888 839 1917 gra—

75 1921 186 1953 vitatis
208 1921 391 1963 specificae,
418 1921 666 1951 circumsususf‘
703 1923 840 1952 Neidius.

145 1969 244 2008 9144.
293 1966 427 2008 facibus]
462 1966 501 1996 V.
531 1965 696 1996 Adnotatu
731 1965 771 1996 ad
798 1967 840 1997 11.

78 2011 141 2048 25,
167 2010 220 2042 61.

146 2058 184 2086 iis
205 2056 407 2095 aemulemur]
445 2057 602 2086 „temulari
625 2055 645 2086 h
680 2055 700 2086 l.
727 2055 841 2086 Cicero

80 2111 152 2131 cum
169 2099 280 2131 dativo
299 2100 478 2137 coniunxit,
500 2111 540 2131 eo
560 2107 593 2130 ut
610 2099 738 2131 videtur
758 2112 841 2132 con—

78 2145 172 2181 silio,
196 2152 229 2175 ut
250 2145 334 2176 hanc
353 2144 608 2176 aemulationem
630 2157 694 2176 non
717 2157 755 2176 ex
776 2146 841 2177 ho-

81 2197 176 2221 nesto
196 2189 318 2227 studio,
340 2189 396 2220 sed
417 2201 455 2220 ex
478 2190 725 2232 perturbatione
746 2202 841 2221 men-

81 2234 124 2264 tis
160 2235 321 2276 proticisci
357 2234 564 2275 significaret.
624 2236 682 2266 Est
721 2235 839 2277 igitur:

81 2280 467 2318 leidenschafttich
490 2281 676 2319 nacheisern.
720 2282 757 2312 V.
783 2292 841 2311 nos

82 2321 114 2352 in
142 2323 198 2352 Gr.
221 2324 245 2352 1,
284 2325 311 2366 ᾗ.
338 2324 412 2357 11¹3,
439 2329 470 2354 4.
506 2336 538 2365 p.
561 2326 628 2355 lits).
680 2325 730 2356 Cf.
755 2325 842 2356 insta

84 2367 139 2397 IV.
163 2370 193 2402 θ’,
226 2366 271 2398 17.
324 2366 457 2396 Fallitur
483 2370 531 2398 Fr.
547 2370 681 2399 Haustus
702 2370 743 2400 ad
766 2371 843 2401 Rei-

84 2410 156 2453 sigii
171 2411 296 2441 vertes.
322 2411 400 2441 uber
428 2412 497 2441 Lat.
515 2412 679 2453 Spracliw,
706 2426 736 2455 p.
753 2414 841 2452 667„

84 2467 181 2498 quum
198 2455 287 2491 (licit,
305 2457 457 2486 aemulari
478 2455 507 2486 h.
522 2455 542 2486 1.
559 2456 636 2486 nibil
657 2458 744 2489 aliud
763 2470 843 2496 esse,

83 2500 144 2532 nisi
168 2502 352 2540 nacheisern.
390 2500 458 2531 Alia
481 2512 530 2531 res
551 2508 597 2530 est
620 2512 660 2542 ap
692 2503 846 2540 Quinctil.

83 2546 128 2576 X.
150 2546 174 2582 1,
198 2547 255 2576 1222
292 2552 325 2576 ‹·t
351 2545 459 2576 lustin.
484 2546 595 2580 Vl.1³.,
624 2545 677 2576 nbi
695 2550 849 2578 uernulari

86 2601 113 2621 c.
127 2589 193 2621 dat.
210 2590 354 2621 iunctum
366 2589 560 2632 simpliciter
572 2590 734 2632 siguificat
753 2594 848 2623 nach-

87 2637 191 2674 eifern.

153 2681 264 2720 visere]
302 2680 375 2711 Hoc
400 2680 536 2711 verbum
562 2691 726 2722 nunquam
761 2679 848 2711 idem

88 2722 265 2765 significat,
294 2725 382 2767 quod
406 2727 528 2763 videre,
554 2726 610 2755 sed
634 2736 764 2766 semper
785 2725 848 2756 ad-

89 2766 230 2799 iunctam
251 2769 349 2801 habet
369 2770 539 2800 notionem
561 2769 681 2812 aliquid
704 2769 848 2811 diligen-

94 2817 146 2842 ter
169 2819 200 2843 et
226 2821 374 2845 accurate
399 2814 612 2856 inspiciendi,
645 2815 848 2856 explorandi,

92 2856 294 2889 examinandi
316 2861 534 2902 tbesichliyen).
583 2861 638 2890 Est
664 2859 749 2890 enim
774 2871 849 2891 ver-

93 2900 169 2931 bum
201 2901 413 2941 intensivum,
451 2904 583 2936 ductum
617 2916 633 2934 a
666 2904 766 2936 verbo
797 2907 849 2936 ‘ui-

240 1696 290 1727 Cf.
327 1697 415 1728 Sext.
442 1697 563 1739 Empir.
589 1709 616 1728 c.
643 1697 748 1730 Math.
775 1699 836 1737 IX,

674 1360 778 1392 Rehd.
806 1362 897 1392 Mon.
919 1360 950 1392 2.

71 1418 142 1438 cum
166 1404 219 1436 Kl.
245 1405 463 1436 revocandam
495 1405 633 1436 iudicavi
658 1405 842 1448 vulgatam,

68 1455 166 1491 epiust
187 1450 320 1481 verbum
343 1454 384 1482 est
405 1450 504 1481 facile
524 1450 674 1481 excidere
698 1451 853 1493 potuerit.

988 1360 1085 1391 Vind.
1113 1360 1139 1391 l.
1166 1361 1216 1392 ed.
1243 1362 1282 1392 H.
1311 1366 1353 1392 est
1375 1364 1516 1401 adeptus.
1565 1363 1634 1404 Ego

880 1417 977 1448 qllllm
1001 1414 1139 1448 Pl‘OpiPi‘
1167 1406 1334 1449 antiquum
1356 1406 1552 1448 scripturam
1577 1409 1635 1438 ad·

902 1450 923 1482 3
950 1451 1003 1481 Sic
1016 1454 1070 1481 Or.
1085 1463 1111 1482 c.
1126 1451 1162 1482 R.
1180 1451 1265 1482 Gud.
1282 1450 1310 1482 l.
1324 1451 1356 1482 b.
1375 1451 1511 1494 aliisque
1536 1451 1634 1484 codd.

851 1494 872 1527 4
897 1496 1055 1527 Nonnull.
1078 1495 1153 1526 edd.
1180 1503 1259 1527 vett.
1284 1498 1395 1528 habent
1418 1516 1457 1519 —
1481 1499 1635 1536 cupimus.

533 1578 540 1582 .
794 1541 813 1572 ὃ
837 1541 891 1572 Sic
916 1543 969 1572 Or.
992 1552 1008 1571 c
1038 1541 1074 1572 R.
1102 1540 1188 1573 Gud.
1215 1541 1242 1572 l.
1269 1541 1299 1572 b.
1322 1541 1459 1583 aliisque
1480 1542 1578 1573 codd.
1603 1548 1637 1573 et

70 1587 162 1617 mult.
185 1585 260 1615 edd.
286 1591 385 1622 vett.3
411 1585 466 1616 alii
489 1587 623 1624 profecto
647 1590 718 1617 lunc
745 1589 859 1617 erimus
884 1588 911 1617 b.
958 1583 979 1617 6
1006 1597 1035 1616 v.
1052 1585 1134 1616 Adn.

74 1630 102 1663 1.
133 1632 170 1661 11.
190 1630 218 1661 b.
247 1629 366 1672 aliique
391 1629 504 1666 multi3
531 1632 584 1661 Or.
613 1642 638 1661 c.
662 1630 747 1672 vulg.
775 1633 905 1663 visendi.

1185 1584 1204 1616 7
1231 1586 1285 1617 Sic
1299 1586 1335 1617 R.
1364 1586 1514 1629 (l'regd.)
1547 1586 1633 1618 Gud.

956 1632 996 1662 V.
1018 1631 1103 1662 Atln.
1130 1631 1190 1662 ad:
1217 1634 1325 1663 visere.

872 1700 976 1730 ciendi.
1024 1698 1078 1729 Sic
1100 1710 1160 1740 pro
1188 1698 1250 1740 leg.
1272 1699 1360 1729 Mun.
1384 1698 1442 1735 21,
1469 1699 1532 1732 61:
1567 1710 1638 1730 eam

874 1754 1004 1785 quoque
1026 1755 1093 1773 rem
1116 1743 1255 1784 populus
1280 1744 1313 1775 R.
1338 1754 1405 1774 non
1427 1744 1528 1775 modo
1548 1746 1638 1782 vidit,

873 1787 931 1818 sed
954 1787 1051 1818 etiam
1085 1790 1168 1819 omni
1194 1790 1296 1819 studio
1323 1790 1486 1819 visendam
1508 1807 1551 1812 --
1575 1799 1639 1830 pu—

874 1832 968 1863 tarit.
1017 1832 1153 1873 Egregie
1174 1831 1265 1862 huius
1291 1843 1363 1863 voc.
1388 1833 1450 1863 vim
1471 1833 1639 1876 propriam

875 1876 1017 1907 illustrat
1038 1876 1147 1913 locus,
1182 1876 1235 1918 qui
1261 1876 1347 1908 infra
1369 1878 1407 1908 V.
1430 1877 1469 1916 3,
1494 1878 1526 1910 9.
1554 1877 1638 1920 legi-

876 1928 936 1952 tur.
988 1921 1038 1952 Cf.
1063 1924 1217 1952 Bremium
1239 1921 1280 1952 ad
1304 1923 1402 1953 Corn.
1429 1923 1512 1965 Nep.
1536 1922 1638 1955 Alcib.

878 1968 942 2004 vl,
973 1967 998 1998 1.
1026 1978 1057 2009 p.
1079 1966 1150 1998 113.
1201 1966 1257 1997 Uti
1282 1966 1312 1997 in
1338 1967 1425 1999 hunc
1448 1979 1544 2010 quem
1567 1973 1640 1999 tra-

879 2018 1001 2043 ctamus
1038 2011 1146 2042 locum
1183 2012 1319 2043 verbum
1354 2015 1476 2044 visendi
1514 2012 1641 2055 optime

877 2056 1007 2087 videtur
1039 2055 1218 2099 quadrare3
1255 2057 1300 2088 ita
1333 2057 1546 2089 vehementer
1577 2057 1641 2088 du—

876 2101 966 2139 bito,
992 2113 1067 2132 num
1092 2101 1201 2143 paullo
1227 2108 1303 2143 post
1327 2105 1486 2142 „cupidus
1506 2105 1571 2134 veri
1594 2105 1641 2134 Τι’·

876 2149 987 2178 sendi“
1011 2154 1088 2189 apte
1113 2153 1146 2177 et
1171 2157 1188 2177 e
1212 2146 1342 2189 linguae
1356 2147 1491 2181 Latinae
1515 2147 1642 2178 ratione

876 2204 894 2223 a
917 2193 1022 2231 Wolfio
1047 2203 1106 2233 pro
1126 2191 1213 2233 vulg.
1239 2194 1363 2223 videndi
1385 2192 1565 2234 repositum
1588 2191 1642 2222 sit.

878 2237 978 2267 Recte
1002 2236 1132 2278 quidem
1156 2236 1276 2267 dicitur
1299 2239 1416 2275 visere,
1439 2238 1514 2275 quid
1536 2245 1643 2267 verum

877 2284 934 2321 sit5
959 2281 1017 2311 sed
1044 2281 1094 2311 vix
1119 2280 1270 2315 credam.
1297 2292 1314 2310 a
1337 2280 1448 2321 probis
1467 2279 1642 2322 scriptori-

878 2326 936 2357 bus
971 2325 1094 2356 dictum
1124 2336 1194 2355 esse
1226 2327 1323 2355 visere
1352 2334 1469 2356 verum.
1530 2325 1645 2367 Nuper

880 2371 976 2401 etiam
1012 2372 1151 2400 Klotzius
1183 2369 1215 2399 in
1252 2368 1335 2399 Add.
1370 2380 1400 2411 p.
1419 2368 1472 2402 24.
1511 2377 1644 2401 nostrae

879 2414 1064 2445 sententiae
1087 2413 1233 2443 arcessit.
1270 2413 1376 2444 Etiam
1398 2413 1468 2445 aliis
1491 2414 1571 2446 locis
1591 2424 1642 2446 ve-

880 2469 950 2490 rum
975 2460 1075 2489 ridere
1096 2457 1178 2488 dixit
1194 2457 1327 2495 Cicero;
1353 2458 1396 2490 cf.
1412 2459 1475 2490 Oss'.
1491 2460 1513 2490 1.
1531 2458 1561 2497 lt,
1592 2458 1641 2492 13.

885 2503 954 2533 Fin.
982 2504 1018 2532 11.
1051 2500 1105 2537 1-1,
1130 2502 1190 2534 46:
1227 2514 1307 2546 quos
1337 2503 1430 2535 locos
1461 2504 1644 2535 attulerunt

886 2549 1014 2578 Rothius
1037 2553 1068 2577 et
1094 2549 1201 2579 Moser.
1249 2547 1299 2579 Cf.
1328 2551 1472 2581 Goerenz.
1495 2556 1528 2580 et
1553 2550 1643 2580 Mod-

882 2594 944 2631 viy.
970 2591 1010 2622 ud
1036 2591 1107 2623 Fin.
1132 2591 1151 2623 l.
1173 2592 1204 2623 d.

952 2639 1025 2668 inest
1047 2639 1076 2668 in
1101 2639 1264 2677 mentibus&
1301 2637 1354 2669 Sic
1378 2645 1466 2670 recte
1491 2641 1544 2670 Or.
1570 2637 1644 2670 alii-

884 2692 945 2723 que
969 2693 1039 2713 cum
1062 2682 1097 2713 R.
1121 2681 1205 2712 Gud.
1227 2678 1296 2714 1.⁷‘.'..
1322 2684 1359 2714 11.
1375 2683 1405 2714 b.
1430 2683 1566 2726 aliisque
1583 2693 1644 2724 pro

884 2726 968 2768 vulg.
993 2729 1068 2758 inest
1092 2730 1250 2758 mentibus.
1310 2727 1520 2759 constructio
1553 2726 1645 2758 verbi

884 2773 977 2803 inesse
999 2783 1069 2802 cum
1091 2771 1204 2803 dativo
1224 2771 1312 2814 apud
1332 2772 1524 2803 Ciceronem
1543 2770 1646 2802 raris-

883 2815 962 2848 sima
993 2822 1042 2847 est
1073 2817 1123 2847 vel
1146 2816 1229 2848 adeo
1253 2816 1361 2848 dubia.
1412 2818 1453 2847 N.
1480 2817 1517 2846 D.
1543 2817 1565 2848 1.
1589 2814 1644 2855 43,

888 2861 958 2893 120.
1004 2863 1135 2901 Heind.,
1161 2863 1251 2901 Sch.,
1276 2864 1375 2892 Moser
1408 2861 1453 2902 (iu
1476 2859 1529 2892 ed.
1551 2859 1643 2902 min.)

883 2912 974 2937 recte
1005 2906 1197 2938 ediderunt:
1234 2912 1346 2937 censet
1374 2905 1530 2946 imagines
1555 2904 1645 2936 divi-
