1832 3137
625 110 769 144 INDEX
792 109 1064 143 HISTORlCUS.

117 201 233 224 censor
256 189 328 222 fuit.
371 189 509 232 Scripsit
525 195 657 233 praeter
674 189 737 222 alia
758 190 827 222 ori-

115 238 211 277 9ines,
233 246 314 278 opus
337 235 538 274 historicum,
554 235 595 267 de
610 246 675 278 quo
699 247 729 266 v.
741 233 825 266 Adn.

117 280 159 312 ad
187 281 214 318 1,
238 282 270 313 3.
293 299 337 304 —
363 280 392 319 1,
417 281 448 312 5.
470 281 630 312 101.110.
656 280 687 318 3,
708 278 827 312 5l.70.

119 324 188 367 (ubi
210 337 240 357 v.
266 325 360 366 Adn.)
378 323 426 361 ·4,
451 325 481 356 3.
516 326 547 362 5,
572 325 644 356 101.
696 322 827 356 Descri-

116 370 264 413 ptionem
297 370 363 401 eius
395 369 525 401 exhibet
547 369 657 400 Livius
687 368 750 406 39,
773 366 825 400 40.

118 415 329 447 Existimatus
354 422 403 446 est
429 421 476 457 lut
498 414 580 446 Plin.
604 414 644 445 H.
669 414 710 445 N.
732 412 824 454 dicit)

120 459 262 503 optimus
293 466 424 498 orator,
461 459 605 502 optimus
636 458 826 502 imperator,

119 505 262 547 optimus
282 511 425 537 senator.
437 524 478 528 —
504 504 538 543 b)
557 506 598 536 M.
613 506 740 536 Porcius
754 504 828 536 Calo

120 550 286 589 Uticensis,
311 550 413 582 Marci
438 549 543 582 Porcii
567 559 741 592 pronepos
787 548 827 580 V.

118 595 204 627 Adn.
228 595 270 626 ad
294 596 325 631 Ι,
350 593 404 628 74.
427 614 472 618 —
495 596 525 633 5,
550 594 604 626 3'2.

75 642 224 681 Calulus,
251 642 287 680 Q.
312 642 475 679 Lulatius,
500 639 549 670 vir
571 649 713 670 summus
735 637 768 669 in
792 648 828 668 re

117 685 249 717 militari
272 696 311 716 ac
331 685 500 724 litteraria,
531 683 626 715 Marii
651 682 781 725 collega
794 682 827 713 in

121 730 290 762 consulatu
315 729 403 772 (651.
428 731 469 760 U.
495 741 522 761 c.
547 728 619 760 103.
641 740 669 759 a.
687 727 788 768 Chr.)‚
809 738 828 758 a

118 786 184 818 quo
207 775 409 817 proscriptus
429 785 465 805 se
485 773 555 816 ipse
575 771 753 804 interfecit.
780 772 827 803 De

117 820 183 850 eius
206 826 311 851 morte
333 831 362 850 v.
383 819 425 850 ad
447 819 487 857 5,
510 817 562 850 56.
612 817 749 860 Scripsit
771 816 827 848 hi-

117 863 252 895 storiam
271 863 455 895 consnlatus
478 862 525 894 sni
545 861 637 893 molli
652 874 691 894 ac
706 863 828 894 Xeno-

116 908 265 952 phonteo
290 920 410 952 genere
433 907 603 940 sermonis.
645 907 710 940 Cic.
736 908 826 938 Brut.

119 953 192 987 132.
219 973 258 978 -
284 956 322 992 5,
347 952 400 986 56.

74 1000 253 1038 Caucasus,
288 1010 382 1030 mons
418 998 513 1029 Asiae
548 996 827 1039 septentrionalis,

117 1043 159 1075 ad
183 1055 279 1086 quem
302 1043 514 1075 Prometheus
538 1042 654 1074 affixus
679 1054 697 1074 a
722 1042 828 1084 poetis

117 1095 277 1120 narratur.
314 1088 345 1128 2,
370 1088 423 1121 23.
448 1089 512 1120 52:
549 1087 603 1119 ubi
626 1099 656 1119 v.
683 1087 768 1119 Adn.
796 1088 828 1126 5,

114 1133 146 1167 8.
173 1133 226 1166 77.

73 1180 229 1219 Celtiberi,
253 1177 430 1221 Hispaniae
454 1189 533 1221 gens
556 1177 597 1209 ad
621 1177 748 1211 lerum
764 1176 829 1208 ssu-

117 1224 216 1255 vium.
240 1224 278 1263 2,
303 1224 366 1256 65:
392 1223 446 1255 ubi
470 1235 499 1255 v.
527 1223 647 1254 Adnot.

75 1270 256 1302 Centaurus.
306 1268 458 1300 Centauri
483 1268 616 1300 fuerunt
639 1266 829 1300 Thessaliae

116 1313 275 1357 populus;
313 1314 414 1356 figura
445 1324 557 1345 eorum
593 1319 663 1344 erat
692 1324 710 1344 a
734 1318 829 1355 parte

116 1359 226 1391 antica
241 1358 391 1401 humana,
417 1371 434 1390 a
452 1358 578 1400 postica
596 1358 723 1400 equina,
749 1356 826 1388 inde

115 1411 276 1436 vocantur
295 1414 407 1436 manus
428 1406 578 1443 bicorpor.
603 1402 634 1442 2,
657 1402 709 1434 22.
748 1402 827 1433 Plu-

116 1449 199 1481 rium
234 1449 468 1480 Centaurorum
509 1447 642 1479 nomina
677 1447 828 1478 referunt

115 1501 244 1537 poetae.
293 1495 332 1533 ls,
359 1493 399 1525 de
421 1503 484 1536 quo
508 1492 539 1531 2,
559 1492 603 1524 20
625 1492 752 1535 agitur,
777 1497 827 1523 est

115 1539 172 1571 ille
196 1539 375 1570 Centaurus
400 1539 541 1577 Nessus,
580 1549 675 1580 quem
697 1538 825 1569 Hercu-

116 1584 165 1615 les
188 1583 366 1615 interfecit.
401 1583 497 1614 Plura
518 1582 592 1613 vide
613 1582 646 1614 in
668 1584 828 1614 Deianira.

75 1630 228 1669 Cepheus,
254 1627 451 1670 Aethiopum
475 1639 550 1665 rex,
575 1635 669 1669 pater
693 1626 826 1658 Andro-

117 1673 244 1712 medae,
269 1685 340 1705 cum
369 1683 468 1704 uxore
493 1671 681 1715 Cassiopeia
705 1678 739 1703 et
763 1671 828 1703 filia

116 1718 327 1751 Andromeda
352 1724 385 1750 et
408 1728 530 1759 genero
552 1718 669 1749 Perseo
693 1716 726 1748 in
751 1728 829 1749 cae-

118 1764 184 1795 lum
206 1763 382 1795 translatus
407 1769 465 1794 est.
501 1763 533 1801 5,
555 1764 587 1794 δ.
633 1763 674 1795 V.
701 1761 765 1794 Cic.
786 1762 828 1795 N.

117 1810 159 1841 D.
184 1811 234 1848 ll,
259 1807 311 1841 43.
334 1808 412 1851 ibiq.
434 1809 582 1850 Interpp.

74 1856 239 1895 Cerberus,
263 1860 372 1885 custos
398 1853 473 1884 Orci
498 1852 536 1891 1,
561 1852 593 1885 9.

75 1900 227 1932 Chaldaei
260 1899 365 1941 primo
400 1897 598 1940 Babyloniae
639 1897 828 1930 sacerdotes

120 1943 230 1976 vocati
255 1950 340 1982 sunt,
366 1950 437 1974 tum
461 1954 573 1974 omnes
594 1943 627 1981 ii,
653 1943 706 1986 qui
729 1954 745 1974 e
768 1954 828 1985 ge-

121 1989 191 2021 nesi
212 2000 268 2020 seu
286 1989 485 2030 horoscopo,
510 1988 531 2019 i.
547 1999 574 2020 e.
592 1988 761 2020 notatione
781 1987 830 2019 si-

120 2034 206 2066 deris
230 2033 371 2066 natalitii
404 2033 456 2064 vel
489 2032 556 2064 eius
582 2033 660 2065 caeli
688 2045 829 2065 conver-

119 2079 231 2118 sionis,
256 2090 337 2122 quae
353 2079 434 2110 hora
457 2078 610 2122 cuiusque
631 2078 731 2110 natali
749 2084 828 2117 erat,

121 2124 190 2156 fata
210 2123 400 2167 praedicere
421 2130 519 2166 atque
542 2123 674 2155 omnino
698 2135 715 2154 e
734 2123 829 2155 ‘side-

119 2170 208 2201 ribus
232 2175 421 2212 computare
439 2180 490 2199 res
514 2168 638 2200 futuras
662 2168 830 2200 conaban—

119 2221 183 2247 tur.
220 2214 292 2246 Vid.
315 2214 381 2246 Cic.
398 2213 438 2245 de
458 2213 522 2247 div.
547 2216 575 2251 l,
599 2213 626 2247 1.
650 2214 702 2246 41.
727 2214 758 2248 2,
775 2212 828 2245 42.

120 2257 183 2293 47:
207 2259 250 2292 ad
274 2271 354 2303 quos
378 2259 470 2290 locos
494 2271 525 2290 v.
546 2261 707 2290 Moserum.
733 2257 830 2289 Diod.

122 2304 188 2337 Sic.
209 2307 242 2343 2,
256 2305 309 2337 29.
323 2303 476 2335 Strabon.
496 2304 545 2337 16.
562 2315 594 2345 p.
608 2303 683 2337 739.
700 2302 750 2334 ed.
767 2304 831 2334 Ca-

122 2349 213 2381 saub.
236 2350 316 2381 Tac.
337 2349 422 2379 Hist.
443 2348 470 2386 1,
494 2348 548 2379 22.
571 2350 660 2378 Suet.
682 2351 762 2389 Aug.
777 2345 830 2380 94.

123 2394 197 2426 Tib.
221 2392 275 2426 36.
322 2395 429 2436 Intpp.
452 2392 494 2423 ad
517 2392 600 2424 Gell.
623 2393 715 2431 XIV,
743 2394 768 2425 l.
791 2391 833 2423 ad

124 2438 267 2517 {1035st
288 2440 312 2470 1.
336 2438 385 2478 11,
409 2440 440 2470 2.
474 2438 606 2469 Luci-et.
627 2437 666 2476 5,
689 2436 765 2471 726.
789 2456 832 2461 --

82 2527 290 2568 Charmadas,
315 2527 488 2559 Carneadis
517 2527 658 2566 auditor,
684 2526 832 2569 philoso-

124 2574 207 2617 phus
229 2573 451 2611 Academicus,
475 2570 551 2606 643.
579 2573 618 2603 U.
643 2584 669 2603 c.
698 2572 784 2614 (lli.
803 2584 832 2603 a.

129 2619 216 2657 Chr.)
245 2620 367 2650 Romae
393 2618 463 2650 fuit.
492 2619 520 2655 l,
543 2616 595 2648 59.
621 2617 674 2648 ubi
694 2629 723 2647 v.
750 2616 832 2648 Adn.

129 2664 181 2696 Cf.
193 2667 393 2697 Hillsemann.
416 2662 457 2694 ad
480 2662 630 2694 Academ.
650 2664 688 2695 ll.
711 2658 831 2703 p.460.

87 2710 190 2749 Chius,
215 2721 254 2741 ex
276 2709 378 2741 insula
405 2707 497 2746 Chio,
524 2719 627 2750 prope
654 2707 777 2737 loniam
800 2706 833 2737 in

130 2754 207 2786 Asia
232 2754 362 2786 Minore
385 2753 465 2793 sita,
501 2751 600 2784 hodie
625 2754 694 2784 Scio
718 2751 835 2795 appel-

129 2798 206 2832 lata.
248 2800 288 2838 5,
312 2799 366 2833 27.

89 2846 248 2884 Chremes,
271 2855 391 2876 nornen
415 2843 500 2876 senis
524 2842 610 2886 apud
634 2841 836 2875 Terentium.

131 2888 174 2928 3,
197 2889 252 2922 65.

1531 97 1613 140 485

907 194 941 220 et
977 187 1142 220 Cleanthis
1187 186 1385 230 discipulus,
1430 186 1616 219 Stoicorum

905 233 1080 276 princeps,
1127 232 1286 265 acerrimo
1318 237 1389 264 erat
1416 230 1549 274 ingenio
1582 238 1616 263 et

905 278 1006 310 multa
1024 277 1175 310 doctrina
1197 284 1340 310 ornatus.
1388 275 1485 319 Diog.
1505 276 1614 308 Laert.

907 323 938 359 7.
964 322 1035 356 189.
1061 342 1102 347 -
1129 324 1158 360 1,
1184 323 1256 355 108.
1282 322 1313 359 3,
1333 321 1386 354 52.
1406 320 1459 354 59.
1483 319 1536 354 61.
1559 319 1612 354 76.

905 367 960 399 ΤΕ).
994 365 1036 406 4,
1059 366 1090 400 9.
1115 367 1168 400 23.
1195 366 1248 399 53.
1273 366 1327 400 63.
1362 367 1401 404 5,
1430 365 1502 400 107.

864 413 998 452 Chrysis,
1022 423 1140 444 nomen
1164 411 1318 452 mulieris,
1344 409 1432 455 quod
1449 409 1537 453 apud
1551 410 1614 442 Co-

906 457 1007 489 micos
1031 469 1128 500 saepe
1146 457 1273 500 legitur.
1306 454 1347 495 4,
1371 455 1424 489 67.

864 503 997 541 Cimbri,
1034 503 1271 534 Germanorum
1295 513 1373 544 gens
1396 500 1428 531 in
1455 499 1615 532 Cimbrica

907 546 1096 588 paeninsula
1117 547 1305 590 (Schleswig
1328 558 1357 579 u.
1379 544 1556 587 Holstein).
1579 545 1612 585 2,

906 591 966 623 65:
993 591 1046 622 ubi
1071 604 1100 623 v.
1126 592 1209 624 Adn.

864 637 989 676 Cineas,
1014 637 1131 679 Pyrrhi
1153 637 1278 679 legatus
1300 636 1341 668 ad
1361 641 1508 667 senatum
1518 634 1614 666 Rom.

905 688 998 712 tanta
1018 681 1119 712 fuisse
1141 681 1298 713 memoria
1322 681 1435 718 fertur,
1462 687 1497 711 ut
1517 690 1616 711 sena-

906 725 955 757 tui
978 732 1011 757 et
1033 726 1174 769 equestri
1205 725 1311 757 ordini
1334 726 1456 756 Romae
1480 731 1615 767 postero

907 770 971 809 die,
982 773 1084 814 'quam
1104 770 1292 809 advenerat,
1314 781 1370 801 sua
1388 768 1520 800 nomina
1535 768 1617 800 red-

906 815 1037 849 diderit.
1084 816 1175 847 Vixit
1210 826 1236 847 c.
1263 827 1292 847 a.
1316 814 1393 847 280.
1418 825 1447 845 a.
1474 813 1549 844 Chr.
1574 832 1617 837 —

909 862 947 900 1,
973 860 1033 894 59:
1060 861 1116 893 ubi
1138 874 1170 893 v.
1197 859 1282 892 Adn.

864 908 984 946 Cinna,
1008 908 1122 939 Lucius
1142 907 1309 944 Cornelius,
1332 904 1481 936 tribunus
1500 902 1617 946 plebis,

907 951 961 994 qui
985 963 1082 994 quum
1104 949 1241 994 reipubl.
1262 949 1446 992 perniciosa
1464 953 1618 986 strueret,

907 996 1017 1039 pulsus
1036 1009 1064 1028 a.
1086 997 1144 1028 Cn.
1158 995 1295 1028 Octavio
1320 994 1445 1036 collega
1469 992 1617 1036 profugit

908 1047 943 1073 et
963 1041 1094 1081 bellum,
1120 1041 1154 1072 C.
1170 1041 1276 1073 Mario
1299 1039 1457 1071 accersito
1480 1049 1518 1069 ex
1533 1036 1619 1069 Afri-

909 1098 956 1125 ca,
981 1087 1092 1118 intulit
1106 1086 1189 1119 urbi.
1217 1085 1366 1118 Tandem
1381 1083 1482 1115 Cinna
1497 1089 1530 1114 et
1541 1083 1618 1114 Ma-

907 1132 972 1164 rius
994 1132 1074 1164 urbe
1089 1132 1188 1175 potiti
1205 1130 1356 1163 caedibus
1377 1128 1486 1160 omnia
1501 1126 1618 1170 imple·

908 1184 995 1216 runt,
1019 1185 1052 1209 et
1078 1178 1136 1209 Cn.
1159 1176 1347 1214 Octavium,
1371 1175 1417 1205 Μ.
1439 1173 1618 1205 Antonium

908 1229 1082 1263 oratorem,
1101 1223 1140 1256 L.
1157 1222 1327 1254 Caesarem
1346 1218 1530 1261 iugularunt
1556 1227 1617 1248 eo—

907 1280 1042 1311 rumque
1066 1268 1173 1311 capita
1203 1278 1264 1310 pro
1288 1264 1402 1298 rostris
1427 1266 1614 1308 posuerunt.

908 1314 1032 1352 Quater
1054 1314 1118 1345 fuit
1140 1312 1271 1344 consul:
1296 1309 1372 1349 666,
1397 1309 1472 1347 667,
1497 1307 1564 1341 668
1582 1312 1616 1338 et

905 1357 972 1391 669
994 1359 1034 1389 U.
1049 1370 1076 1389 c.
1103 1360 1145 1401 (a.
1158 1358 1212 1391 86.
1235 1356 1289 1390 87.
1302 1354 1356 1389 86.
1368 1360 1402 1386 et
1417 1354 1469 1388 85.
1481 1364 1509 1385 a.
1523 1351 1612 1393 Chr.)

906 1404 944 1439 5,
970 1401 1022 1435 54.
1046 1403 1099 1435 55.

864 1449 993 1487 Citieus,
1017 1460 1047 1480 v.
1072 1447 1114 1479 ad
1137 1448 1177 1479 V.
1202 1446 1261 1485 12,
1285 1443 1340 1478 34.

863 1494 1059 1532 Clastidium,
1083 1493 1172 1524 vicus
1193 1491 1318 1523 Galliae
1340 1489 1516 1533 cisalpinae
1536 1487 1614 1531 (ho-

906 1537 959 1569 die
986 1538 1187 1579 Chiaslezzo).
1211 1535 1250 1575 4,
1275 1534 1329 1568 49.

863 1584 1026 1615 Claudius.
1065 1585 1097 1616 C.
1113 1584 1263 1615 Claudius
1285 1582 1387 1621 Cento,
1409 1578 1505 1611 Caeci
1521 1577 1615 1617 filius,

907 1639 979 1660 cum
1005 1629 1053 1659 M.
1077 1627 1272 1671 Sempronio
1294 1626 1461 1658 Tuditano
1491 1636 1519 1655 a.
1540 1621 1616 1661 513,

906 1672 982 1705 241.
1008 1685 1036 1705 a.
1064 1673 1138 1704 Chr.
1165 1671 1278 1704 consul
1303 1671 1375 1702 fuit.
1414 1671 1449 1708 1,
1474 1668 1505 1702 3.

864 1720 1082 1757 Clazomenae,
1108 1718 1182 1749 urbs
1208 1717 1328 1755 Ioniae,
1352 1714 1460 1758 patria
1484 1717 1616 1745 Anaxa-

908 1774 1008 1805 gorae
1033 1761 1230 1805 philosophi.
1269 1761 1306 1799 1,
1332 1758 1403 1792 104.

866 1809 1047 1847 Cleanthes,
1070 1806 1285 1850 philosophus
1310 1804 1449 1841 Stoicus,
1476 1801 1617 1834 Cratetis

908 1852 1085 1895 discipulus
1119 1859 1154 1883 et
1176 1850 1314 1884 Zenonis
1344 1860 1520 1881 successor.
1568 1847 1617 1879 Ex

910 1898 977 1929 eius
1007 1897 1136 1940 scriptis
1169 1903 1309 1928 aetatem
1332 1895 1409 1926 tulit
1431 1892 1616 1937 praeclarus

907 1943 940 1974 in
964 1945 1073 1975 Iovem
1094 1943 1243 1986 hymnus.
1279 1941 1438 1972 V.l'oett.
1463 1940 1616 1970 Gnomm.

908 1988 960 2021 ed.
986 1988 1122 2019 Brunek.
1148 1999 1213 2019 cur.
1240 1985 1408 2018 Schaefer.
1434 1995 1465 2026 p.
1489 1982 1554 2015 203
1567 1992 1615 2025 sq.

909 2052 953 2058 —
975 2033 1016 2071 2,
1041 2032 1094 2065 31.
1119 2032 1172 2065 60.
1196 2030 1250 2065 76.
1274 2030 1327 2064 77.
1363 2030 1404 2070 5,
1431 2028 1504 2062 107.

866 2080 992 2112 Cleobis.
1038 2078 1078 2108 V.
1103 2080 1182 2110 Bito.

867 2125 1086 2161 Cleombrblus,
1108 2121 1299 2154 adolescens
1314 2119 1532 2152 Ambraciota.
1558 2118 1620 2149 Ea-

909 2169 995 2207 dem,
1020 2179 1101 2211 quae
1128 2167 1253 2205 Cicero,
1281 2166 1384 2197 refert
1408 2164 1449 2196 de
1473 2176 1512 2195 co
1538 2166 1620 2195 Am-

909 2214 1036 2245 monius
1069 2213 1102 2244 in
1137 2211 1311 2254 Porphyrii
1346 2212 1503 2252 Isagogen
1538 2220 1571 2251 p.
1588 2207 1620 2240 3.

913 2260 951 2297 1,
976 2256 1037 2290 27¹4:
1066 2257 1118 2289 ubi
1141 2269 1171 2287 v.
1200 2256 1282 2287 Adn.

868 2303 1084 2341 Clitomachus,
1104 2299 1386 2343 Carthaginiensis,
1402 2298 1532 2330 auditor
1543 2296 1619 2328 Car—

911 2347 1023 2379 neadis
1038 2347 1170 2389 eiusque
1186 2345 1218 2377 in
1240 2345 1351 2376 schola
1367 2353 1542 2375 successor.
1570 2343 1618 2373 De

913 2404 952 2424 eo
978 2405 1006 2424 v.
1024 2392 1120 2434 Diog.
1141 2392 1178 2422 L.
1193 2389 1224 2428 4,
1244 2390 1292 2422 10.
1306 2409 1347 2413 -
1372 2389 1403 2426 3.
1419 2386 1471 2420 54.
1496 2389 1527 2427 5,
1547 2386 1618 2420 107.

869 2441 984 2477 Clitus,
1008 2436 1071 2468 dux
1098 2435 1283 2468 Alexandri.
1318 2432 1359 2472 4,
1385 2434 1437 2467 79.

870 2485 1029 2527 Cocj‘lus,
1062 2481 1176 2513 fluvius
1204 2479 1291 2523 apud
1320 2479 1444 2510 inferos
1477 2490 1496 2511 a
1519 2481 1620 2522 Styge

913 2527 1088 2570 profluens.
1131 2527 1166 2564 1,
1197 2528 1248 2558 10.

871 2575 1010 2611 Codrus,
1040 2571 1170 2602 ultimus
1194 2582 1251 2602 rex
1276 2568 1542 2607 Atheniensium,
1567 2570 1620 2613 qui

914 2628 973 2660 pro
992 2616 1097 2659 patria
1113 2615 1314 2647 voluntariae
1332 2614 1430 2646 morti
1446 2625 1480 2645 se
1500 2614 1620 2646 obiecit

915 2664 957 2705 (a.
986 2660 1079 2694 loli-l.
1103 2673 1133 2692 a.
1160 2660 1249 2701 Chr.)
1285 2667 1382 2703 atque
1405 2659 1449 2691 ita
1481 2660 1620 2701 patriam

914 2719 931 2738 a
949 2707 1067 2737 Dorum
1085 2706 1206 2748 impetu
1222 2712 1324 2737 tutam
1344 2705 1513 2748 praestitit.
1540 2705 1618 2734 Rem

915 2757 1025 2783 narrat
1043 2751 1166 2783 Cicero.
1213 2751 1426 2783 Athenienses
1452 2755 1525 2790 post
1546 2760 1619 2779 eum

916 2797 1037 2838 regiam
1059 2796 1251 2839 dignitatem
1275 2796 1471 2836 abrogarunt
1496 2799 1527 2824 et
1551 2793 1618 2824 rei-

916 2842 1065 2885 publicae
1095 2841 1319 2885 magistratus,
1361 2839 1413 2881 qui
1447 2838 1620 2870 archontes

918 2887 1185 2930 appellabantur,
1211 2886 1449 2929 praefecerunt.
1488 2884 1516 2921 1,
1544 2881 1618 2916 116.

89 2935 301 2975 Chrysippus,
336 2934 439 2973 Solis,
467 2933 597 2965 Ciliciae
621 2933 720 2969 urbe,
746 2939 840 2964 natus
877 2935 1069 2972 Consolatio,
1095 2931 1261 2964 Ciceronis
1284 2929 1375 2961 liber.
1419 2928 1454 2966 1,
1478 2927 1532 2961 65,

132 2979 209 3013 280.
233 2990 262 3011 a.
285 2978 362 3011 Chr.
386 2980 543 3023 (mortuus
566 2977 678 3022 2060,
702 2976 841 3010 Zenonis
877 2979 1033 3011 Corinthia
1057 2977 1116 3020 (sc.
1140 2986 1238 3013 vasa,
1277 2975 1320 3006 cf.
1346 2973 1381 3005 C.
1398 2974 1489 3006 Verr.
1513 2970 1544 3006 4.
1568 2970 1624 3016 44,
