1863 3221
241 107 324 150 390

247 197 468 252 perspicere
489 192 761 249 profitebatur,
795 188 947 228 derisus
967 194 1026 228 est
1043 201 1064 228 a
1086 187 1253 236 ceteris,
1287 187 1349 240 qui
1368 187 1432 227 illa
1450 187 1487 227 in
1512 186 1675 229 Socrate
1699 185 1796 227 vitia

820 111 985 143 LIBER
1011 107 1151 149 1v.38‚
1176 107 1231 141 82.

248 285 323 311 non
350 272 630 322 agnoscerent,
674 263 719 302 ab
742 262 826 316 ipso
851 269 979 301 autem
1006 259 1171 301 Socrate
1198 259 1444 311 sublevatus,
1488 275 1603 314 quum
1634 259 1699 300 illa
1726 258 1799 299 sibi

248 343 393 382 *insita
407 344 424 367 8
439 341 476 389 *,
509 338 575 378 sed
596 336 748 376 ratione
769 348 791 374 a
810 348 852 374 se
872 334 1020 374 deiecta
1041 333 1201 373 diceret.
1244 338 1313 373 81.
1341 331 1449 387 Ergo
1468 339 1510 373 ut
1531 333 1674 386 optima
1696 331 1799 385 quis-

251 429 323 468 que
341 417 359 441 ⁹
385 410 607 453 valetudine
629 408 791 449 affectus
812 414 940 462 potest
960 407 1100 456 videri,
1134 406 1236 446 *at*
1251 408 1266 432 ¹
1294 413 1432 445 natura
1452 406 1497 445 ad
1517 406 1681 458 aliquem
1701 417 1804 443 mor-

252 488 340 526 bum
363 484 594 539 proclivior,
628 482 685 522 sic
706 481 856 521 animus
875 480 971 520 alius
995 480 1039 519 ad
1060 479 1133 519 alia
1151 478 1245 518 vitia
1268 478 1513 533 propensior.
1578 475 1656 529 Qui
1676 483 1804 517 autem

253 573 329 598 non
357 564 517 607 natura,
559 555 628 595 sed
652 554 762 608 culpa
788 552 917 593 vitiosi
945 565 1032 593 esse
1059 552 1259 601 dicuntur,
1302 564 1436 591 eorum
1459 550 1553 590 vitia
1583 555 1805 590 constante

255 631 360 671 falsis
389 628 635 684 opinionibus
661 641 791 667 rerum
816 627 1004 666 bonarum
1028 628 1099 665 et2
1130 624 1342 674 malarum,
1382 630 1426 663 ut
1446 622 1496 664 sit
1518 622 1616 663 alius
1640 623 1687 662 ad
1710 622 1806 662 alios

252 710 378 744 motus
404 701 794 758 perturbationesque
817 699 1042 754 proclivior.
1106 696 1344 738 lnveteratio
1365 703 1492 737 autem
1508 727 1518 747 ,
1551 695 1648 735 utin
1669 708 1807 749 corpo-

252 777 374 827 ribus,
408 775 565 829 aegrius
589 773 808 828 depellitur,
839 786 951 826 quam
971 771 1226 827 perturbatio,
1261 770 1451 824 citiusque
1472 769 1697 823 repentinus
1716 781 1807 808 ocu-

250 850 376 890 lorum
407 856 534 889 tumor
563 854 747 896 sanatur,
780 859 893 899 quam
924 845 1102 885 diuturna
1134 844 1319 898 lippitudo
1350 843 1603 897 depellitur3.

363 918 612 961 XXXVIII.
646 926 716 959 82.
752 916 831 958 Sed
861 917 1016 971 cognita
1047 917 1122 956 iam
1149 930 1288 957 caussa
1312 915 1668 969 perturbationum,
1709 927 1809 967 quae

255 1007 389 1034 omnes
421 992 600 1034 oriuntur
629 1005 682 1032 ex
703 990 854 1031 iudiciis
882 990 1104 1044 opinionum
1130 996 1169 1028 et
1193 988 1479 1036 voluntatibus,
1521 987 1572 1027 sit
1597 987 1672 1026 iam
1699 986 1811 1026 huius

255 1066 526 1121 disputationis
561 1064 712 1104 modus.
786 1062 898 1104 Scire
929 1069 1057 1102 autem
1091 1065 1195 1101 nosl
1232 1067 1408 1114 oportet,
1454 1059 1643 1114 cognitis,
1687 1058 1812 1112 quoad

256 1145 418 1194 possunt
442 1138 487 1178 ab
516 1137 670 1177 homine
704 1135 912 1190 cognosci,
959 1134 1149 1174 bonorum
1186 1141 1225 1174 et
1254 1134 1440 1174 malorum
1471 1133 1631 1182 finibus,
1677 1131 1770 1172 nihil
1791 1145 1813 1171 a

256 1210 499 1266 philosophia
525 1223 639 1264 posse
668 1216 734 1249 aut
760 1209 882 1249 maius
909 1214 976 1248 ant
1006 1207 1138 1247 utilius
1169 1206 1317 1261 optari,
1360 1220 1472 1260 quam
1502 1206 1620 1255 haec,
1663 1218 1760 1259 quae
1791 1218 1814 1244 a

256 1284 368 1325 nobis
388 1284 461 1324 hoc
479 1283 717 1337 quatriduo²
738 1282 930 1336 disputata
948 1288 1052 1321 sunt.
1098 1278 1233 1320 Morte
1257 1279 1360 1319 enim
1382 1286 1599 1333 contempta
1619 1285 1658 1318 et
1678 1278 1813 1317 dolore

257 1358 302 1397 ad
325 1357 546 1412 patiendum
576 1356 730 1405 levato,
772 1354 1018 1394 adiunximus
1041 1353 1280 1392 sedationem
1312 1351 1589 1405 aegritudinis,
1632 1364 1705 1404 qua
1732 1349 1817 1390 nul-

257 1431 334 1470 lum
355 1429 499 1470 homini
520 1429 661 1468 malum
678 1427 802 1467 maius
824 1433 898 1466 est.
947 1424 1035 1465 Etsi
1058 1425 1158 1465 enim
1186 1424 1311 1465 omnis
1330 1424 1445 1464 animi
1466 1422 1706 1478 perturbatio
1727 1436 1816 1476 gra·-

347 1545 369 1578 8
393 1546 447 1577 Sic
469 1548 524 1576 Or.
547 1544 588 1576 de
618 1544 788 1587 praeclara
816 1543 900 1576 coni.
925 1543 1029 1576 Bentl.
1062 1553 1123 1586 pro
1151 1546 1209 1575 sibi
1239 1546 1350 1584 signa,
1382 1545 1455 1575 sed:
1490 1542 1579 1585 quod
1610 1552 1722 1574 omnes
1745 1542 1814 1574 sere

261 1591 358 1624 codd.
378 1591 511 1628 habent,
538 1589 637 1621 etiam
661 1589 778 1632 optimi
799 1590 837 1620 R.
860 1590 895 1620 P.
908 1590 981 1620 Vat.
1005 1588 1091 1619 Gud.
1106 1588 1136 1619 1.
1161 1589 1200 1619 Il.
1227 1588 1306 1623 Gr.;
1333 1588 1387 1619 alii
1408 1590 1466 1620 sibi
1489 1591 1579 1628 signa
1599 1590 1717 1626 inesse,
1740 1588 1815 1626 sed,·

259 1636 315 1667 alii
345 1638 403 1667 sibi
425 1637 503 1667 vilia
524 1637 640 1674 inesse,
673 1636 747 1674 sed,
778 1634 906 1676 inepte3
942 1633 1039 1664 etiam
1068 1635 1162 1664 inesse
1185 1644 1212 1664 c.
1237 1632 1304 1663 dat.
1330 1633 1475 1664 iunctum
1498 1644 1550 1675 ap.
1575 1632 1639 1663 Cic.
1664 1631 1815 1663 offendit.

260 1682 300 1712 V.
321 1680 363 1712 ad
383 1681 406 1710 I.
433 1678 484 1717 19,
510 1678 564 1710 44.
611 1676 632 1710 9
655 1690 688 1710 v.
707 1678 793 1709 Adn.
842 1677 857 1709 1
885 1677 938 1708 Sic
957 1680 1010 1709 Or.
1034 1689 1050 1708 e
1076 1677 1181 1708 Bentl.
1204 1678 1312 1715 coni.;
1339 1677 1436 1709 codd.
1459 1681 1512 1717 ul,
1536 1676 1611 1708 edd.
1636 1683 1716 1709 vett.
1740 1676 1815 1719 ple-

259 1736 379 1768 raeque
399 1726 500 1756 videri
520 1726 602 1755 alius
623 1727 675 1762 αἰ,-
709 1724 786 1754 Em.
812 1734 829 1754 e
854 1722 937 1754 coni.
957 1726 1025 1754 utut
1048 1729 1161 1753 eontra
1187 1721 1352 1753 Ciceronis
1383 1721 1670 1759 consuetudinem3
1707 1723 1761 1752 Or.
1786 1732 1814 1754 c.

260 1769 413 1810 Hotting.
435 1772 468 1800 ul
490 1768 554 1810 (vel
579 1767 623 1809 al)
648 1767 827 1798 delendum
850 1766 948 1809 plane
968 1774 1081 1809 putat,
1108 1778 1207 1809 quum
1225 1767 1323 1798 verba
1344 1769 1510 1806 proclivior
1533 1771 1575 1798 est
1597 1766 1814 1809 requirantur,

259 1825 326 1845 non
350 1812 503 1855 repetitio
524 1815 620 1852 procl.
640 1816 738 1852 potest
755 1814 874 1851 videri5
901 1823 984 1854 quae
1009 1823 1121 1842 caussa
1143 1811 1222 1842 mihi
1248 1811 1365 1842 nullius
1389 1811 1548 1842 momenti
1569 1822 1639 1843 esse
1664 1810 1812 1847 videtur3

259 1858 372 1901 quidni
407 1857 493 1889 enim
525 1868 564 1887 ex
595 1861 692 1896 potest
721 1858 821 1888 videri
853 1856 926 1887 elici
961 1856 1065 1898 possit
1087 1860 1185 1896 polest
1218 1866 1299 1899 <ssu
1334 1856 1390 1888 Kl.
1415 1862 1448 1887 et
1470 1857 1527 1888 Tr.
1555 1855 1748 1886 deleverunt
1768 1859 1813 1886 ut.

258 1903 280 1935 2
304 1903 358 1934 Sic
379 1903 416 1933 R.
433 1903 466 1934 P.
483 1901 567 1932 Gud.
581 1903 621 1932 11.
645 1901 784 1944 aliique3
810 1902 864 1932 Or.
888 1912 914 1932 c.
928 1901 1014 1943 vulg.
1028 1911 1076 1933 ac.
1123 1899 1145 1932 3
1169 1902 1299 1934 Wes.1.
1321 1912 1352 1943 p.
1365 1898 1396 1931 6.
1421 1912 1446 1932 c.
1471 1901 1512 1932 D.
1538 1899 1714 1931 delendum
1735 1910 1817 1930 cen-

259 1953 311 1980 set
327 1949 500 1987 depellitur,
526 1952 560 1976 ut
572 1957 612 1976 ex
625 1952 731 1977 antec.
751 1945 947 1987 repetitum:
975 1945 1064 1988 quod
1078 1945 1219 1987 probare
1231 1957 1297 1977 non
1309 1956 1452 1988 possum.
1485 1945 1684 1976 XXXVIII.
1720 1943 1735 1975 1
1762 1944 1815 1975 Sic

259 1993 292 2024 b.
313 1992 399 2023 Gud.
425 1992 465 2023 ΙΙ.
485 1990 515 2021 2.
544 1993 625 2032 Aug.
650 1990 755 2021 Rehd.
777 1991 868 2022 Mon.
892 1988 924 2023 2.
956 1997 1040 2033 sept.
1064 1992 1144 2021 Oxx.
1167 1990 1285 2033 aliique
1317 1996 1351 2020 et
1382 2000 1492 2021 omnes
1523 1989 1597 2021 edd.
1629 1995 1711 2020 vett.
1737 1994 1815 2020 ante

263 2036 391 2073 Gebh.;
428 2035 576 2077 plerique
607 2034 725 2074 codd.‚
760 2034 859 2065 etiam
881 2035 955 2066 Vat.
978 2035 1014 2066 R.
1036 2036 1071 2066 P.
1098 2035 1184 2069 Gud.
1205 2034 1233 2067 1.
1260 2035 1316 2066 Gr.
1338 2045 1411 2068 vos:
1447 2033 1536 2077 quod
1567 2033 1607 2065 ab
1627 2033 1660 2065 h.
1682 2033 1706 2065 l.
1730 2033 1814 2065 alie-

261 2091 338 2111 num
362 2086 420 2111 est.
468 2077 491 2109 2
514 2090 544 2109 v.
568 2077 653 2109 Adn.

264 2151 324 2178 set.
371 2144 462 2176 Nihil
496 2155 578 2186 opus
604 2150 653 2175 est
677 2143 800 2175 Davisii
834 2145 1023 2177 coniectura

261 2192 443 2223 coniecisset.

1055 2146 1181 2177 tentiae
1215 2146 1449 2187 adiungeretur
1483 2145 1645 2178 vocabulo
1678 2148 1817 2186 quisque,

1057 2190 1097 2221 ab
1122 2191 1187 2221 hoc
1210 2190 1285 2221 loco
1311 2190 1408 2232 plane
1433 2190 1538 2222 aliena
1562 2196 1659 2221 esset.
1707 2190 1741 2221 Si
1756 2190 1813 2221 Ci-

329 2235 481 2275 Zopyrus]
512 2232 614 2264 Cicer.
627 2233 668 2264 de
688 2233 772 2264 Fato
797 2234 875 2265 c.5:
902 2235 1023 2266 Socra-

262 2284 330 2310 tem
351 2289 460 2309 nonne
483 2277 631 2320 legimus,
657 2277 933 2320 quemadmodum
957 2290 1022 2310 no—

260 2323 338 2355 tarit
350 2324 498 2365 Zopyrus
521 2322 798 2365 physiognomon,
821 2323 875 2365 qui
892 2335 927 2354 se
940 2334 1023 2366 pro-

262 2368 416 2399 fitebatur
434 2367 605 2398 hominum
625 2379 733 2398 mores
762 2374 960 2411 naturasque
984 2379 1024 2399 ex

264 2423 425 2454 corpore,
459 2411 583 2449 oculis,
619 2411 730 2449 vultu,
761 2412 873 2443 fronte
897 2424 1022 2454 perno-

263 2455 380 2487 scere?
413 2456 588 2498 Stupidum
610 2467 680 2487 esse
699 2458 868 2488 Socratem
889 2457 971 2488 dixit
990 2463 1023 2488 et

262 2499 401 2532 bardum
417 2512 479 2536 —3
505 2499 634 2531 addidit
656 2501 767 2538 etiam,
792 2501 1020 2533 mulierosum:

263 2543 319 2575 ubi
340 2544 382 2574 cf.
398 2545 554 2576 Bremium
568 2556 600 2586 p.
614 2545 666 2577 25.
700 2545 913 2577 Aristotelem
936 2557 1022 2588 quo-

263 2598 326 2631 que
345 2586 386 2618 de
405 2586 467 2618 hac
483 2594 552 2619 arte
569 2590 792 2631 composuisse
807 2590 925 2622 librum
943 2592 1022 2622 Wol-

263 2634 324 2673 fius
343 2631 512 2665 observ-au
540 2634 812 2666 Orelliuslaudat:
836 2635 1020 2677 Scriptores

263 2675 536 2719 physiognomiae
556 2682 637 2707 vett.
666 2679 897 2721 (Melampum,
922 2679 1022 2711 Pole—

263 2731 405 2757 monem,
420 2719 685 2763 Adamantinum)
703 2722 754 2754 ed.
769 2725 792 2754 Ι.
807 2724 846 2754 G.
858 2724 894 2754 F.
907 2724 1023 2757 Franz.

264 2763 459 2807 Altenburgi
485 2764 578 2797 17-50.

333 2809 360 2850 ᾗ.
373 2808 427 2841 81.
450 2812 483 2839 ul
500 2810 617 2847 optima
635 2811 760 2848 quisque
781 2813 955 2844 valetudine
968 2815 1022 2853 aff.

261 2864 294 2894 p.
314 2853 359 2895 v.]
395 2852 562 2884 Bentleius
596 2863 657 2894 pro
689 2856 815 2893 quisque
848 2855 1023 2897 legendum

265 2897 407 2929 coniecit
429 2899 518 2937 quis:
544 2896 632 2939 quod
649 2905 841 2938 receperunt
857 2900 908 2937 D.‚
925 2902 1021 2940 Mos„

263 2943 332 2978 Tr..
359 2941 433 2984 quia
455 2941 548 2974 notio
570 2941 822 2979 communitatis,
849 2954 931 2985 quac
949 2956 1022 2976 sen-

1058 2245 1133 2265 cero
1156 2234 1356 2276 scripsisset:
1384 2242 1420 2265 ut
1445 2234 1569 2277 optima
1593 2234 1728 2276 quisque
1752 2245 1812 2265 va-

1056 2278 1204 2310 letudine
1225 2278 1363 2310 affectus
1381 2286 1441 2317 est,
1463 2286 1497 2310 at
1517 2285 1633 2310 natura
1653 2278 1696 2310 ad
1715 2278 1757 2309 al.
1769 2289 1813 2310 m.

1057 2335 1129 2366 pr.;
1161 2323 1391 2361 concederem,
1416 2324 1615 2355 sententiam
1640 2334 1710 2354 esse
1733 2334 1813 2365 per-

1056 2379 1204 2405 versam3
1248 2374 1282 2399 at
1317 2379 1415 2410 quum
1441 2368 1586 2399 dicatur:
1623 2374 1660 2398 ut
1690 2367 1815 2410 optima

1058 2412 1193 2455 quisque
1210 2425 1239 2444 v.
1263 2412 1318 2443 aff.
1342 2419 1453 2455 potest
1471 2412 1591 2450 videri3
1618 2423 1685 2444 non
1703 2411 1813 2454 video,

1059 2468 1115 2488 cur
1138 2460 1264 2497 quisque
1288 2456 1396 2488 locum
1419 2457 1541 2489 habere
1563 2468 1631 2488 non
1655 2456 1770 2499 possit.

1125 2501 1291 2544 lippitudo]
1329 2501 1475 2539 „welche
1499 2501 1571 2533 eine
1594 2499 1815 2532 herrschende

1056 2546 1243 2577 Krankheit
1258 2552 1352 2576 nnter
1364 2545 1428 2577 den
1440 2546 1584 2577 Ro'mern
1596 2548 1697 2577 war.“
1726 2546 1814 2584 Wolf.

1058 2590 1159 2629 „Wie
1182 2590 1311 2622 neulich
1332 2590 1459 2632 gezeigt
1473 2590 1616 2628 worden,
1642 2588 1734 2620 nicht
1749 2588 1813 2620 im-

1055 2646 1126 2666 mer
1149 2634 1430 2676 Triefiiugigkeit‚
1461 2633 1603 2666 sondern
1628 2632 1711 2665 auch
1734 2644 1815 2664 vor-

1057 2679 1288 2721 iibergehende
1313 2678 1674 2720 Augenentziindung.“
1708 2679 1813 2709 Orelli.

1129 2724 1416 2755 CAP.XX5<VIII.
1441 2723 1534 2764 §.t-52.
1559 2722 1701 2765 cognitis]
1727 2722 1769 2753 H.
1786 2733 1814 2755 e.

1058 2769 1084 2799 si
1105 2768 1290 2799 discesseris
1310 2779 1329 2799 a
1350 2767 1499 2799 doctrina
1521 2766 1563 2797 de
1583 2778 1710 2798 summo
1725 2766 1813 2798 bono

1058 2819 1091 2844 et
1113 2813 1220 2852 malo,
1255 2811 1462 2854 philosophia
1485 2811 1608 2842 nullam
1638 2811 1736 2842 aliam
1759 2817 1815 2842 aut

1056 2857 1215 2888 maiorem
1244 2862 1299 2888 ant
1322 2855 1487 2887 utiliorem
1518 2867 1587 2887 rem
1610 2861 1814 2898 pertractare

1057 2908 1188 2944 potest,
1214 2912 1310 2943 quam
1333 2901 1431 2938 haec,
1458 2906 1521 2932 etc.

1124 2946 1303 2986 quatriduo]
1331 2946 1372 2975 Et
1395 2943 1462 2976 h.l.
1487 2951 1519 2976 et
1543 2945 1581 2977 V.
1597 2941 1628 2984 4,
1647 2945 1695 2976 11.
1723 2946 1813 2983 Treg-
