1832 3137
617 89 959 124 PROLEGOMENA.
1509 86 1562 130 35

117 175 304 210 animum
329 169 517 208 divinum
540 171 710 215 tribuit,
743 176 922 210 omnium
941 175 1288 224 peaefectcssz'mum
1309 191 1390 214 esse
1418 179 1557 215 voluit.

116 241 270 277 Summa
292 244 421 276 autem
439 237 609 276 hominis
626 239 817 290 perfectio
838 241 967 291 posita
987 248 1042 279 est
1062 241 1104 279 in
1121 243 1293 293 perfecta
1311 251 1450 294 mente,
1480 246 1506 283 i.
1526 259 1559 283 e.

118 307 298 346 absoluta
319 306 492 345 ratione:
524 306 631 357 quod
652 312 708 344 est
727 306 825 343 idem
851 307 996 346 virtus.
1053 311 1102 348 Et
1122 311 1153 347 si
1175 324 1288 349 omne
1309 312 1466 350 beatum
1490 320 1558 361 est,

117 376 180 414 cui
202 375 304 413 nihil
329 375 457 423 deest,
489 380 527 412 et
546 374 652 424 quod
679 373 720 411 in
747 387 820 411 suo
849 387 988 425 genere
1011 377 1210 428 expletum
1237 385 1355 430 atque
1377 381 1558 419 cumula—

117 451 201 482 tum
224 450 300 491 est,
331 443 449 494 idque
470 442 633 480 virtutis
657 448 714 479 est
736 442 966 492 proprium:
1003 446 1203 495 sequitur,
1243 461 1374 486 omnes
1396 449 1559 487 virtutis

117 518 316 563 compotes
347 512 479 549 beatos
509 523 600 548 esse.
631 523 665 547 c.
693 513 757 548 15.

45 589 86 642 β)
116 592 175 629 Ex
200 591 329 629 eadem
357 591 511 628 ratione
537 589 735 640 sequitur,
778 603 912 626 omnes
937 592 1103 627 virtuti-9
1133 601 1329 643 compotes
1353 610 1434 632 esse
1460 597 1556 632 becz-

42 941 80 995 ν)

49 2194 80 2242 ζ)

115 662 320 707 tis-simos,-
357 671 464 706 nam,
502 657 569 707 qui
603 655 767 694 conlidit
802 656 882 694 suis
913 657 1026 695 bonis
1053 664 1091 695 et
1127 659 1275 708 omnia,
1314 674 1412 710 quae
1436 663 1558 700 vitam

113 728 265 764 beatam
285 725 479 772 efficiunt,
510 724 551 761 in
575 737 613 761 se
637 723 775 772 habet,
805 725 839 761 ei
866 724 966 762 nihil
995 725 1103 763 deest
1126 726 1176 764 acl
1194 727 1306 765 beate
1329 729 1557 767 vivendum.

111 795 217 845 Ergo
243 807 324 830 non
353 793 480 830 solum
505 793 658 840 beatus,
699 792 765 829 sed
790 792 906 830 etiam
925 793 1166 832 beatissimus
1188 801 1256 833 est.
1315 796 1436 843 Quod
1458 811 1556 835 con-

111 869 173 899 tra
205 868 282 911 est,
311 861 344 900 si
372 861 476 899 bona
506 866 545 898 et
574 859 673 897 mala
702 860 944 898 dividuntur
972 861 1193 913 tripertito,
1223 877 1255 901 c.
1281 866 1345 902 14,

110 941 214 979 ldem
239 940 419 992 sequitur
444 953 494 977 ex
515 953 581 988 e0,
612 939 721 990 quod
746 942 880 977 virtus
907 941 1040 977 solam
1062 941 1210 978 bonum
1235 950 1306 981 est.
1366 943 1410 980 Id
1429 949 1557 980 autem

110 1009 165 1047 ita
181 1023 272 1058 esse,
304 1009 602 1046 demonstratur
618 1008 792 1058 primum
809 1007 1001 1045 affirmate
1021 1008 1178 1046 duobus
1199 1010 1346 1058 soritis,
1378 1010 1468 1048 dein
1487 1024 1557 1061 pei·

110 1077 270 1115 modum
297 1076 463 1127 negandi
485 1073 716 1127 (negative),
748 1075 856 1125 quod
878 1075 1058 1112 omnibus
1081 1076 1196 1113 bonis
1221 1078 1402 1128 corporis
1425 1085 1462 1115 et
1485 1091 1556 1115 ex—

111 1144 233 1182 ternis
262 1143 546 1190 abundantem,
577 1142 608 1179 si
633 1132 734 1179 idem
757 1142 809 1179 sit
832 1142 995 1180 virtutis
1016 1155 1174 1193 expers,
1206 1144 1297 1182 licet
1318 1159 1395 1182 esse
1418 1146 1557 1183 miser-

111 1213 263 1250 rimum.
289 1233 346 1239 —-
404 1212 472 1258 Et,
512 1209 588 1247 nisi
616 1209 854 1257 tenebimus,
896 1209 998 1246 nihil
1019 1223 1099 1246 esse
1120 1211 1161 1247 in
1185 1212 1296 1248 bonis
1322 1212 1557 1257 ducendum,

110 1279 188 1316 nisi
213 1279 322 1328 quod
347 1278 400 1315 sit
427 1277 654 1324 honestum,
683 1276 807 1313 multa
832 1277 944 1314 nobis
969 1277 1134 1314 dicenda
1159 1285 1277 1315 erunt
1300 1279 1427 1327 bona,
1460 1293 1559 1329 quae

107 1353 204 1384 suut
231 1345 390 1383 minima
423 1350 461 1382 et
497 1344 703 1381 levissima.
735 1357 768 1380 c.
790 1347 854 1382 15.
885 1347 950 1383 16.
978 1342 1019 1395 §2
1044 1348 1109 1382 46.
1137 1366 1192 1371 —
1249 1346 1325 1383 Hic
1346 1347 1559 1397 respondet

107 1414 244 1452 Cicero
268 1413 341 1462 eis,
373 1413 441 1463 qui
469 1411 680 1449 obiiciant:
718 1411 750 1449 si
773 1412 898 1449 Stoici
923 1414 1152 1463 praecipua
1176 1413 1330 1461 dicant,
1369 1427 1468 1463 quae
1491 1414 1557 1451 alii

108 1480 339 1534 philosophi
367 1480 550 1531 corporis
579 1486 616 1516 et
637 1486 801 1516 externa
825 1480 929 1517 bona
954 1480 1109 1528 dicant,
1149 1486 1271 1518 totam
1292 1495 1374 1519 rem
1397 1482 1437 1519 in
1462 1496 1555 1519 ver-

108 1551 250 1588 borum
276 1548 549 1587 controversia
574 1548 693 1586 verti.
752 1547 930 1595 „Dicunt
956 1547 1016 1584 illi
1037 1548 1214 1598 quidem,
1245 1549 1312 1586 sed
1332 1549 1430 1587 haec
1456 1551 1557 1588 bona

110 1617 160 1655 ad
184 1617 304 1656 vitam
332 1617 480 1654 beatam
506 1616 774 1666 complendam
805 1616 1021 1653 necessaria
1052 1629 1131 1653 esse
1156 1624 1320 1667 negant,
1361 1617 1404 1654 hi
1429 1625 1556 1655 autem

109 1685 190 1723 sine
213 1685 266 1722 eis
299 1697 379 1722 esse
410 1684 555 1721 nullam
587 1689 733 1734 putant
756 1690 843 1733 aut,
881 1684 912 1721 si
932 1684 983 1721 sit
1008 1684 1139 1734 beata,
1170 1685 1430 1723 beatissimam
1453 1692 1558 1724 certe

109 1754 290 1804 negant.“
311 1750 352 1804 ᾗ.
380 1756 446 1792 47.
472 1752 600 1803 princ.

37 1830 78 1885 ὃ)
107 1831 320 1871 Conclusio
348 1831 568 1878 Socratica,
600 1844 678 1880 qua
700 1829 889 1877 efficitur,
922 1831 1120 1868 bonorum
1147 1832 1297 1869 beatam
1320 1831 1442 1869 vitam
1465 1845 1555 1870 esse.

107 1899 148 1952 §.
169 1903 236 1939 47.

39 1980 72 2030 ε)
102 1979 311 2016 Conclusio
347 1977 466 2015 ducta
498 1991 518 2013 a
554 1977 776 2014 constantia
806 1976 1015 2027 sapientis,
1055 1977 1144 2026 qui,
1184 1978 1368 2027 quoniam
1407 1991 1558 2029 semper

111 2046 291 2083 omnibus
311 2045 428 2082 animi
449 2044 820 2095 perturbationibus
838 2051 970 2093 vacat,
1000 2053 1152 2095 semper
1173 2045 1308 2083 beatus
1329 2052 1396 2083 cst.
1428 2043 1468 2096 ᾗ.
1490 2049 1554 2085 48.

110 2111 186 2165 (Cf.
211 2128 242 2151 c.
273 2117 336 2151 15.
364 2111 405 2165 §-
432 2116 515 2158 45.)

109 2192 196 2231 Alia
220 2192 435 2230 conclusio.
496 2193 572 2229 Nec
597 2192 736 2229 misera
761 2192 843 2229 vita
866 2191 1140 2242 praedicabilis
1167 2199 1242 2240 est,
1271 2205 1343 2231 nec
1368 2207 1429 2241 ea,
1461 2206 1559 2243 quac

113 2274 182 2298 nec
207 2261 344 2298 misera
364 2267 440 2309 est,
473 2274 543 2297 nee
566 2261 698 2309 beata,
742 2274 834 2311 ergo
855 2259 937 2297 sola
960 2259 1042 2297 vita
1067 2260 1177 2297 beata
1196 2260 1471 2310 praedicabilis
1491 2267 1559 2297 est.

112 2329 230 2375 Quod
256 2335 383 2365 autem
409 2327 671 2379 praedicabile
695 2334 772 2376 est,
802 2327 994 2382 optimum
1019 2333 1088 2364 est.
1149 2327 1270 2373 Quod
1292 2333 1421 2364 autem
1449 2328 1560 2377 opti-

112 2408 217 2432 mum
239 2403 315 2443 est,
345 2395 552 2432 honestum
578 2402 649 2434 est.
709 2396 812 2446 Ergo
835 2396 918 2433 vita
939 2396 1049 2432 beata
1072 2394 1201 2431 eadem
1225 2394 1390 2432 honesta
1415 2395 1465 2432 sit
1487 2408 1560 2433 ne-

113 2476 216 2501 cesse
242 2469 310 2500 est.
371 2461 489 2508 Quod
512 2462 550 2498 ni
572 2463 625 2499 ita
646 2469 714 2509 est,
745 2462 796 2500 sit
812 2462 920 2499 aliud
941 2474 1094 2499 necesse
1111 2467 1178 2510 est,
1210 2462 1319 2512 quod
1337 2462 1473 2500 melius
1493 2469 1560 2511 est,

112 2544 228 2580 quam
253 2530 337 2568 vita
369 2530 493 2567 beata.
553 2529 595 2566 ld
629 2536 758 2567 autem
786 2529 923 2567 melius
960 2535 1065 2567 certe
1096 2535 1153 2567 est
1176 2529 1407 2579 honestum,
1452 2531 1559 2581 quod

113 2599 307 2649 optimum
330 2604 396 2635 est.
458 2598 561 2635 Hine
585 2597 786 2646 sequitur,
826 2596 978 2647 aliquid
1003 2610 1081 2634 esse
1107 2597 1246 2635 melius
1273 2598 1444 2649 optimo:
1481 2611 1561 2648 quo

113 2666 213 2703 nihil
235 2665 460 2717 perversius
482 2665 560 2702 dici
581 2671 724 2714 potest.
782 2665 885 2714 Ergo
910 2664 1008 2702 nihil
1030 2665 1136 2702 aliud
1158 2671 1290 2714 restat,
1322 2666 1396 2703 nisi
1419 2672 1463 2702 ut
1484 2665 1560 2702 ho-

115 2740 265 2772 nestum
287 2734 391 2771 idem
413 2747 491 2771 esse
521 2732 640 2770 vitam
663 2733 833 2781 beatam,
863 2738 933 2769 aut
952 2732 1071 2770 vitam
1098 2734 1248 2771 beatam
1269 2733 1437 2771 honesto
1462 2745 1560 2769 con-

115 2808 340 2852 sequentem
370 2815 450 2839 esse
481 2801 667 2839 dieamus.
699 2814 732 2837 e.
765 2804 826 2839 17.
849 2798 890 2851 §.
916 2804 983 2840 49.
1007 2804 1076 2839 50.

46 2877 88 2929 η)
120 2879 180 2916 Uti
218 2881 256 2917 in
287 2881 391 2919 vitiis
421 2880 513 2918 satis
541 2893 715 2927 magnam
743 2879 820 2916 vim
851 2893 929 2915 esse.
959 2879 1106 2917 dicitur
1133 2880 1183 2917 ad
1214 2880 1390 2917 miseram
1426 2877 1562 2926 vitam,

1161 2944 1235 2984 3*
