1832 3137
647 96 924 135 LissER1.2,
950 94 982 129 -¹}.

1534 83 1585 125 47

28 179 175 220 clitos²
192 176 478 219 etParrhasios
499 176 643 216 fuisse?
675 175 812 216 Honos
833 175 899 216 alit
921 182 1040 225 artes,
1065 187 1276 228 omnesque
1295 172 1586 214 incenduntur³

28 253 74 294 ad
112 250 243 294 studia
281 250 433 306 gloria,
478 249 684 304 iacentque
720 262 766 289 ea
808 262 988 304 semper,
1031 261 1129 303 quae
1171 247 1272 302 apud
1306 259 1480 301 quosque
1520 245 1590 286 im-

29 326 258 382 probantur.

30 415 115 441 rum
146 412 365 454 vocumque
398 397 589 438 cantibus.

322 322 523 366 Summam
551 323 810 364 eruditionem
837 321 983 363 Graeci
1009 322 1122 363 sitam
1147 320 1361 362 censebant
1381 320 1418 360 in
1449 332 1591 361 nervo-

651 394 777 451 lgitur
815 403 855 436 et
891 394 1211 450 Epaminondas,
1256 394 1461 450 princeps,
1504 407 1591 434 meo

31 474 200 524 iudicio,
236 472 456 522 Graeciae,
491 471 626 511 fidibus
651 468 851 524 praeclare
877 468 1070 508 cecinisse
1088 468 1248 519 dicitur,
1283 467 1592 509 Themistocles-

29 561 102 602 que
125 547 272 602 aliquot
292 552 382 586 autc
402 546 557 586 annos4
575 575 585 594 ‚
620 557 736 596 quum
753 542 791 582 in
811 541 933 596 epulis
956 549 1161 582 recusaret
1176 545 1194 569 ⁵
1224 543 1371 597 lyram,
1406 548 1465 582 est
1488 540 1593 581 habi-

121 676 143 708 2
167 676 221 708 Sic
240 677 278 708 R.
300 675 385 707 Gud.
413 674 442 705 1.

31 725 211 762 Polyclelos.
247 722 286 752 V.
312 731 369 751 nos
393 719 427 750 in
443 719 498 750 Gr.
513 719 552 750 L.
574 721 646 762 §.2
671 718 751 749 Not.
768 716 796 749 1.

31 766 53 800 4
76 774 109 799 et
133 767 153 798 5
180 778 210 797 v.
237 765 321 797 Adn.

31 848 74 877 At
95 844 151 876 illa
171 843 332 887 scriptura
352 843 502 886 codicum
523 842 720 875 auctoritate
740 853 796 874 sa-

30 891 71 922 tis
94 901 257 933 superque
280 889 405 921 munita
431 895 489 920 est.

97 936 268 977 iacentque]
305 937 407 967 Iacere
438 933 573 977 proprie
606 933 727 965 dicitur
755 932 797 965 de

29 981 129 1013 rebus
163 980 216 1012 vel
260 979 444 1012 hominibus
484 979 574 1011 humi
610 978 795 1021 prostratis,

30 1026 179 1058 omuibus
201 1025 333 1063 viribus,
359 1025 449 1056 omui
469 1025 585 1067 vigore
607 1024 797 1061 destitutis;

31 1079 99 1103 tum
131 1082 230 1113 saepe
263 1070 430 1112 eleganter
455 1070 655 1101 transfertur
679 1069 717 1100 ad
745 1080 797 1100 res

31 1128 49 1148 a
79 1116 174 1148 nobis
205 1122 412 1157 contemptas
437 1114 533 1156 plane
557 1121 657 1156 atque
681 1114 796 1155 negle-

33 1168 112 1193 ctas.
139 1163 187 1192 Ita
209 1172 235 1191 c.
252 1160 285 1198 3,
306 1161 342 1191 5:
367 1157 562 1199 philosophia
576 1161 683 1191 iacuit.
709 1160 796 1190 Ean-

34 1206 109 1238 dem
121 1206 185 1238 vim
204 1205 303 1236 habet
316 1206 478 1236 Graecum
492 1204 626 1236 verbum
642 1205 797 1237 κεῐσῗῑαιτ

34 1251 76 1284 de
108 1262 172 1295 quo
202 1262 233 1281 v.
257 1253 442 1283 Passovium
464 1256 496 1281 et
518 1252 655 1289 Papium
678 1249 710 1280 in
739 1250 796 1280 Gr.

0 1316 1 1326 i
34 1297 117 1328 Lex.
139 1297 171 1327 h.
187 1307 217 1327 v.
254 1296 279 1326 E
302 1295 459 1326 Cicerone
481 1294 629 1336 exempla
656 1305 796 1335 conges-

0 1353 1 1377 l
32 1347 145 1373 serunt
165 1342 324 1373 Ernestius
344 1346 378 1370 et
398 1340 562 1371 Sclziitzius
582 1339 615 1370 in
639 1338 712 1370 Ind.
732 1338 799 1370 Cic.

0 1385 2 1437 l
33 1385 142 1418 Latin.
167 1385 199 1417 h.
226 1397 256 1415 v.
306 1385 356 1415 De
386 1383 539 1415 enclitica
568 1393 624 1424 que
656 1395 799 1415 monen-

34 1431 112 1462 dum
143 1437 211 1469 est,
249 1429 355 1460 videri
387 1440 459 1460 cam
481 1428 514 1460 h.
539 1428 560 1460 l.
587 1428 709 1460 habere
732 1428 799 1460 vim

33 1476 273 1508 adversativam
300 1478 340 1516 (et
358 1485 396 1506 ex
417 1476 515 1505 altera
538 1478 647 1513 parte,
679 1477 705 1505 ec
728 1485 799 1506 con-

0 1506 3 1561 Ι
34 1522 120 1562 1Υα),·
154 1527 189 1553 at
213 1531 279 1551 non
311 1519 428 1557 habet3
464 1519 586 1550 nullam
610 1519 706 1550 aliam
732 1519 799 1550 vim

0 1563 4 1609 Ι
33 1566 154 1605 habet,
190 1565 252 1597 nisi
277 1571 313 1596 ut
342 1566 496 1604 adiunyat
527 1564 798 1602 enuntiationem,

0 1611 4 1645 Ι
36 1623 100 1654 qua
115 1610 312 1642 antecedens
333 1609 497 1641 sententia
519 1609 729 1641 continuatur
747 1609 800 1641 vel

39 1656 222 1688 accuratius
246 1654 437 1698 explicatur.
485 1655 536 1685 Cf.
562 1656 616 1686 ΙΙΙ.
641 1654 672 1693 2,
697 1652 728 1687 4.
759 1656 800 1686 V.

40 1700 97 1739 10,
123 1700 177 1733 30.
226 1699 421 1743 Saepissime
442 1699 476 1731 in
501 1699 614 1742 primis
642 1707 717 1743 post
738 1711 800 1732 ne-

37 1746 203 1789 gationem
234 1745 280 1777 ita
317 1744 461 1788 ponitur.
510 1745 600 1777 Idem
635 1745 726 1776 valet
759 1746 800 1777 de

35 1802 94 1832 ac,
128 1795 239 1832 alque,
274 1794 311 1822 et.
357 1791 397 1822 V.
431 1801 491 1822 nos
523 1790 555 1821 in
589 1791 734 1823 Gramm.
760 1792 799 1822 L.

36 1837 66 1881 ᾗ.
86 1835 161 1875 135,
185 1835 217 1868 2.
254 1837 449 1875 Madviyium
473 1835 515 1867 ad
537 1836 608 1867 Fin.
632 1837 670 1869 [Ι.
694 1836 724 1875 5,
749 1834 800 1867 17.

35 1893 68 1926 p.
94 1878 168 1914 169.
229 1883 270 1914 Μ.
306 1883 446 1921 Seyffert.
481 1881 522 1913 ad
555 1881 646 1914 Lael.
677 1879 718 1919 ὅ,
745 1878 798 1911 26.

34 1939 67 1971 p.
91 1925 169 1959 182.
219 1927 269 1958 Cf.
297 1927 352 1958 ΙΙΙ.
378 1924 420 1962 3,
446 1923 477 1956 6.
515 1927 553 1956 V.
579 1926 640 1967 13,
666 1925 728 1957 53:
766 1932 801 1956 ut

35 1971 124 2004 nulla
151 1983 188 2003 re
221 1982 362 2013 unquam
396 1976 578 2001 terreamur
605 1982 801 2014 semperque

36 2017 134 2049 simus
168 2016 295 2048 invicti.
342 2015 437 2047 Plura
473 2016 623 2059 exempla
659 2027 801 2060 conges—

36 2068 149 2094 serunt
182 2064 271 2094 Beier
305 2060 347 2092 ad
381 2060 446 2092 Cic.
482 2061 578 2093 Osfic.
605 2063 628 2093 I.
658 2059 719 2103 19,
744 2060 800 2094 64.

37 2120 70 2151 p.
104 2106 176 2139 150.
238 2108 397 2147 Wopkens.
434 2107 541 2140 Lectt.
566 2107 654 2139 Tull.
681 2109 713 2146 Ι,
746 2107 799 2139 13.

37 2165 69 2196 p.
88 2152 151 2184 103
164 2164 213 2195 sq.
242 2152 328 2194 (H).
379 2154 448 2185 Octo
469 2152 512 2184 ad
530 2152 601 2185 Fin.
625 2154 664 2185 ll.
687 2153 718 2191 5,
746 2152 799 2184 17.

37 2210 70 2241 p.
84 2195 139 2230 96.
181 2199 306 2230 Jordan.
328 2197 370 2228 ad
389 2208 440 2229 or.
463 2209 496 2240 p.
510 2197 649 2229 Caecina
669 2197 723 2236 20,
744 2196 798 2230 ῦ7.

37 2255 70 2286 p.
85 2239 163 2274 236.
195 2244 245 2273 De
257 2242 352 2274 simili
373 2254 430 2273 usu
453 2243 695 2275 coniunctionis
708 2253 802 2284 neque

40 2299 70 2319 v.
95 2287 262 2318 Adnotata
288 2294 401 2319 nostra
425 2287 467 2319 ad
493 2300 520 2321 e.
541 2288 607 2327 24,
633 2289 686 2320 ὃὸ.

62 2347 65 2349 ·
106 2336 132 2364 ει
156 2334 406 2374 Epaminondas]
441 2334 568 2365 Vocula
593 2338 619 2365 et
642 2333 803 2376 excipitur

39 2377 187 2419 sequenti
207 2387 264 2416 que
285 2377 609 2420 (rhemistoelesque)
625 2404 632 2417 ,
659 2386 693 2410 ut
714 2383 741 2410 et
763 2398 800 2402 ——

39 2431 96 2462 que
125 2420 234 2451 dictae
256 2420 321 2451 sint
349 2432 410 2462 pro
439 2426 465 2453 el
487 2441 529 2446 —
553 2427 589 2454 et.
637 2423 691 2455 Sic
713 2424 803 2466 prius

39 2466 127 2498 hunc
146 2465 253 2497 locum
277 2465 455 2507 explicavi3
490 2478 576 2498 nunc
597 2468 694 2499 video
715 2469 803 2499 idem

39 2517 185 2543 statuere
210 2512 405 2550 Madvigium
429 2511 470 2542 ad
495 2511 590 2542 Finn.
618 2524 650 2554 p.
670 2511 737 2545 729
753 2525 802 2556 sq.

39 2559 84 2589 At
107 2555 178 2587 sine
202 2555 302 2587 dubio
327 2556 541 2587 vehementer
569 2556 693 2588 fallitur
717 2560 805 2590 Han-

37 2603 111 2644 dt'us
134 2601 167 2633 in
194 2600 334 2633 Tursell.
356 2601 432 2633 Vol.
456 2603 496 2632 Π.
521 2613 553 2644 p.
573 2600 655 2637 528,
693 2603 746 2645 qui
778 2607 805 2634 et

27 2645 74 2679 h.
99 2646 120 2678 l.
154 2646 393 2688 interpretatur
416 2649 495 2678 adeo
529 2647 671 2688 teliaml:
707 2658 804 2689 quam

31 2690 105 2723 *vim
127 2696 154 2723 el
175 2691 221 2722 sic
240 2690 383 2734 positum
404 2691 492 2735 apud
507 2691 700 2723 Ciceronem
718 2703 805 2722 nun-

42 2746 135 2778 quarn
159 2737 258 2768 habet
285 2740 328 2779 (v.
356 2736 397 2767 ad
422 2749 439 2768 c
468 2735 519 2774 17,
540 2736 608 2770 40).
655 2736 805 2767 Ubicun-

42 2791 104 2822 que
131 2781 213 2813 duae
243 2781 486 2814 enuntiationes
518 2781 687 2824 particulis
716 2785 742 2813 et
762 2799 806 2805 --

41 2833 99 2864 que
117 2826 178 2858 sibi
196 2833 418 2869 opponuntur,
443 2827 550 2859 oratio
579 2823 805 2864 ἀνακόλευξος

41 2871 213 2903 statuenda
247 2878 308 2903 est.
364 2873 404 2903 V.
439 2883 499 2904 nos
533 2871 565 2903 in
592 2873 738 2903 Gramm.
765 2873 802 2902 L.

41 2915 70 2964 ὁ..
92 2912 166 2964 Ιβὸ.
190 2916 269 2948 Not.
287 2915 319 2950 8.
366 2917 536 2961 Scriptor,
562 2917 674 2960 priore
697 2927 804 2948 enun-

41 2964 181 2991 ciatione
205 2971 264 3002 per
287 2965 315 2994 et
338 2961 490 3003 inducta,
525 2962 662 2994 alteram
696 2972 756 3003 per
777 2965 805 2994 et

491 672 616 705 Eodem
636 672 761 703 ducunt
783 671 966 714 scripturae
984 673 1152 710 Policlicos,
1177 672 1333 702 Politicos.
1370 673 1424 704 Or.
1450 683 1475 703 c.
1504 671 1592 713 vulg.

846 717 868 750 ὃ
892 716 925 748 b.
945 718 1027 758 Aug.
1049 716 1101 747 ed.
1120 715 1205 747 Lall.
1229 717 1444 756 incendimur3
1469 716 1593 747 v.Adn.

832 852 1004 884 opponere
1031 840 1062 873 in
1095 847 1207 872 mente
1236 839 1358 877 habet,
1393 839 1452 871 sed
1477 838 1597 870 deinde

831 886 1059 919 antecedentis
1082 891 1109 918 et
1131 886 1305 917 immernor
1327 885 1464 917 alteram
1490 896 1596 916 enun—

831 932 1005 964 tiationem
1026 932 1129 975 priori
1145 943 1212 963 non
1227 942 1288 974 per
1305 935 1332 963 et
1353 930 1504 973 opponit,
1526 929 1596 967 sed,

832 978 923 1021 quasi
947 982 973 1009 ei.
995 988 1061 1008 non
1086 976 1282 1015 antecedat,
1314 988 1373 1019 per
1397 985 1454 1016 que
1475 975 1597 1006 adiun-

831 1025 888 1065 git.
940 1024 974 1053 C.
998 1022 1069 1053 Fin.
1091 1023 1129 1055 V.
1153 1021 1214 1060 22,
1240 1020 1302 1054 64:
1335 1021 1413 1060 Quis
1435 1028 1494 1058 est,
1522 1020 1597 1063 quin

832 1067 1014 1109 intelligat,
1047 1070 1074 1099 et
1100 1078 1176 1105 eOS,
1210 1067 1264 1109 qui
1288 1066 1449 1104 fecerint,
1484 1064 1597 1107 digni-

831 1114 908 1144 tatis
930 1111 1109 1154 splendore
1129 1111 1246 1143 ductos
1268 1111 1477 1142 immemores
1498 1109 1599 1141 fuisse

833 1158 1011 1189 utilitatum
1026 1168 1167 1194 suarum,
1193 1166 1323 1196 nosque,
1349 1167 1447 1198 quum
1466 1166 1504 1186 ea
1523 1155 1598 1186 lau-

833 1204 966 1241 demus,
1003 1201 1093 1233 nulla
1127 1201 1189 1233 alia
1226 1212 1280 1240 re,
1315 1201 1376 1232 nisi
1411 1201 1598 1238 honestate,

833 1247 935 1279 duci?
983 1250 1026 1278 At
1047 1247 1081 1277 in
1103 1246 1219 1289 quibus
1238 1246 1320 1277 locis
1341 1245 1407 1276 duo
1424 1245 1600 1288 singularia

832 1293 933 1324 verba
955 1292 1020 1323 hoc
1042 1291 1143 1323 modo
1178 1293 1253 1335 (per
1274 1295 1301 1322 et
1319 1310 1363 1315 --
1384 1290 1453 1331 que)
1489 1291 1600 1322 iuncta

833 1337 1060 1380 reperiuntur,
1085 1336 1107 1367 ii
1131 1342 1164 1367 et
1189 1335 1286 1378 pauci
1308 1342 1404 1373 sunt,
1436 1342 1469 1366 et
1492 1335 1598 1367 maxi-

834 1394 921 1414 mum
947 1389 1076 1423 partem
1105 1392 1123 1413 a
1147 1381 1259 1412 critica
1289 1380 1420 1412 ratione
1444 1380 1601 1412 vacillant

837 1430 881 1471 (v.
908 1429 1048 1466 Madvig.
1072 1427 1091 1458 l.
1118 1426 1165 1466 d.)
1192 1433 1248 1458 aut
1279 1426 1378 1457 aliam
1400 1425 1599 1468 explicatio-

834 1485 910 1505 nem
932 1472 1112 1503 admittunt
1139 1472 1199 1513 (uti
1221 1471 1309 1503 infra
1333 1473 1390 1504 111.
1410 1470 1453 1510 3,
1479 1470 1519 1502 5:
1548 1470 1601 1502 ubi

835 1530 865 1549 v.
891 1517 1087 1558 Adnotatu).
1139 1517 1172 1549 C.
1202 1516 1303 1549 Acad.
1329 1518 1352 1548 Ι.
1379 1515 1430 1555 10,
1455 1514 1518 1548 37:
1545 1517 1602 1547 of—

836 1563 907 1595 ficia
943 1570 1053 1594 autem
1087 1566 1114 1594 et
1147 1569 1279 1594 servata
1312 1561 1602 1604 praetermissaque

834 1608 942 1640 media
965 1608 1124 1651 putabat:
1152 1607 1205 1639 ubi
1228 1607 1408 1639 Lambinus
1432 1611 1459 1638 et
1481 1606 1601 1645 omisit,

835 1654 904 1693 sed,
927 1660 963 1684 ut
977 1653 1117 1688 videtur.
1139 1665 1156 1685 e
1171 1653 1372 1685 coniectura.
1407 1652 1456 1684 lb.
1473 1651 1524 1691 12,
1538 1649 1600 1684 43:

837 1701 928 1739 Quae
963 1710 1061 1742 quum
1092 1698 1249 1730 dixisset:
1292 1700 1330 1729 Εἰ
1354 1697 1500 1729 breviter
1525 1708 1603 1728 sane

836 1745 1027 1784 minimeque
1043 1744 1181 1775 obscure
1195 1743 1344 1786 exposita
1367 1749 1416 1774 est
1439 1750 1500 1775 etc.
1521 1753 1603 1774 acu——

836 1790 961 1821 tissime
982 1791 1164 1829 Madvigiius
1186 1789 1207 1820 l.
1233 1788 1265 1819 d.
1297 1788 1479 1831 suspicatus
1504 1793 1553 1818 est
1576 1790 1603 1818 ei

836 1847 875 1865 ex
908 1834 1119 1865 antecedenti
1152 1833 1281 1865 dixisset
1315 1840 1427 1864 natum
1452 1844 1533 1864 esse.
1560 1850 1601 1855 —

840 1881 898 1911 De—
911 1879 1073 1910 vocabulo
1095 1881 1190 1918 igitur
1220 1878 1252 1909 in
1278 1878 1374 1910 initio
1398 1876 1604 1909 enuntiatio-

837 1925 885 1956 nis
911 1924 1075 1955 collocato
1102 1935 1132 1954 ν.
1156 1923 1198 1954 ad
1223 1935 1248 1955 c.
1268 1920 1309 1961 6,
1338 1922 1389 1954 lt.

901 1972 1065 2010 princeps,
1099 1970 1322 2008 meoiudicio,
1348 1967 1510 2011 Graeciae]
1546 1966 1602 1998 Ci-

837 2027 912 2048 cero
936 2015 977 2047 de
1003 2016 1093 2046 Orat.
1120 2015 1176 2046 111.
1201 2011 1264 2052 34,
1291 2011 1373 2045 159:
1407 2013 1604 2045 Thebanum

836 2060 1100 2105 Epaminondam
1138 2059 1226 2092 haud
1262 2059 1330 2093 scio
1368 2071 1406 2093 au
1444 2070 1605 2095 summum

836 2107 941 2139 virum
965 2118 1064 2138 unum
1089 2106 1194 2138 omnis
1220 2106 1390 2138 Graeciae.

903 2155 1016 2194 fidibus
1028 2155 1189 2192 praeclare
1203 2155 1344 2184 cecinisse
1358 2154 1486 2194 dicitur]
1505 2152 1606 2187 Com.

838 2198 923 2241 Nep.
947 2198 1092 2229 Praefat.
1119 2196 1148 2229 1.
1182 2205 1216 2229 et
1241 2199 1355 2240 Epam.
1387 2200 1425 2229 Η.
1451 2197 1490 2230 l:
1527 2209 1606 2229 eru-

828 2243 927 2274 ditus
957 2245 1015 2285 (sc.
1043 2243 1170 2285 Epam.)
1206 2249 1316 2274 autem
1340 2242 1404 2277 sic,
1444 2249 1480 2273 ut
1505 2254 1603 2274 nemo

837 2288 1014 2320 Thebanus
1038 2287 1160 2330 magi33
1198 2300 1273 2319 nam
1297 2294 1329 2318 et
1354 2287 1546 2318 citharizare
1572 2293 1606 2317 et

839 2340 973 2365 cantare
995 2333 1037 2364 ad
1061 2332 1255 2365 chordarum
1275 2343 1392 2362 sonum
1416 2332 1534 2363 doctus
1556 2338 1605 2362 est

838 2390 855 2410 a
882 2378 1052 2420 Dionysio.
1101 2379 1149 2408 De
1169 2376 1338 2408 locutione
1361 2378 1476 2416 fidibus
1497 2387 1606 2409 canere

839 2423 882 2455 cf.
916 2424 1075 2455 Ruhnken.
1098 2421 1220 2453 Dictat.
1252 2421 1285 2453 in
1310 2422 1447 2453 Terent.
1473 2423 1553 2454 Eun.
1576 2423 1601 2452 Ι.

838 2468 870 2505 2,
891 2467 952 2499 53:
979 2469 1093 2506 fidibus
1114 2469 1211 2498 scire:
1236 2466 1291 2498 ubi
1313 2466 1532 2511 supplendum
1552 2477 1604 2498 ca-

837 2522 917 2544 nere.
965 2511 1019 2542 Sic
1043 2510 1085 2542 ad
1108 2512 1198 2543 Fam.
1225 2513 1291 2549 lX,
1318 2510 1380 2543 22:
1412 2514 1526 2552 fidibus
1549 2514 1603 2544 do-

839 2567 913 2589 cere.
947 2555 988 2587 de
1002 2558 1131 2587 Senect.
1155 2556 1236 2588 effi:
1262 2559 1376 2598 fidibus
1395 2553 1531 2589 discere.
1557 2558 1604 2588 De

841 2600 1000 2632 vocabulo
1030 2603 1102 2641 fidis
1124 2602 1291 2633 subtiliter
1312 2602 1458 2645 disputat
1480 2604 1604 2634 Madvi-

839 2649 909 2687 gius
929 2645 972 2677 ad
995 2646 1028 2677 C.
1053 2646 1121 2680 Fin.
1149 2648 1200 2680 lV.
1224 2645 1278 2684 27,
1301 2645 1355 2679 75.
1394 2648 1439 2678 De
1460 2646 1605 2678 musicae

839 2691 872 2721 in
895 2690 1020 2722 animos
1052 2690 1082 2722 vi
1106 2694 1248 2724 Menhius
1277 2692 1308 2723 in
1333 2692 1489 2725 Observv.
1514 2691 1603 2723 ined.

840 2743 917 2778 apte
942 2743 1111 2779 comparat
1138 2739 1172 2770 C,
1200 2739 1300 2779 Legg.
1329 2739 1367 2769 ll.
1397 2737 1454 2775 15,
1479 2737 1534 2768 35.

907 2783 1024 2821 aliquot
1046 2786 1116 2813 ante
1137 2787 1249 2826 annos]
1274 2784 1337 2814 Pro
1354 2782 1485 2824 vulgato
1501 2783 1604 2820 annis,

840 2825 929 2869 quod
955 2829 1007 2859 Or.
1030 2826 1145 2866 edidit,
1171 2839 1233 2869 ego
1258 2838 1331 2859 cum
1352 2829 1490 2859 Ernestio
1511 2825 1603 2856 aliis-

840 2882 902 2914 que
923 2871 1039 2914 scripsi
1069 2882 1188 2912 annos,
1225 2878 1258 2903 et
1282 2872 1480 2903 auctoritate
1505 2881 1605 2913 prae-

838 2916 1113 2948 stantissimorum
1138 2917 1309 2955 codicum,
1337 2918 1373 2949 R.
1399 2922 1433 2947 et
1455 2915 1541 2947 Gud.
1568 2916 1603 2953 Ι.,

838 2961 954 3005 quibus
975 2961 1136 2994 accedunt
1160 2962 1246 2994 Gud.
1272 2963 1311 2993 Η.
1335 2967 1369 2993 et
1392 2964 1486 3002 Aug„
1510 2971 1604 2993 com-
