1832 3137
1533 103 1614 146 225

1389 187 1610 232 Contemuo

640 108 801 140 LlBER
828 110 868 141 ll.
899 107 956 148 19,
981 107 1035 143 45.

55 198 183 236 11111111,
217 199 292 239 quo
318 185 411 225 uiliil
434 186 485 225 sit
512 187 715 240 superius;
749 188 892 238 breve,
928 202 1002 242 quo
1028 188 1120 228 niliil
1153 189 1326 230 brevius.

51 258 358 313 magnitudinem
392 258 559 310 doloris,
593 274 616 300 a
649 275 723 315 qua
758 274 818 300 nie
853 260 1026 301 brevitas
1065 263 1248 317 temporis
1280 263 1489 304 vindicabit
1520 272 1610 305 ante

51 344 198 386 paene,
233 346 346 386 quam
375 332 583 373 venerit.“
616 357 672 364 —
730 331 810 374 Sed
840 333 871 373 si
909 341 968 373 est
1000 341 1129 375 tantus
1161 336 1294 387 dolor,
1325 343 1491 390 quantus
1517 335 1610 378 Phi-

48 404 245 445 loctetae?
268 428 324 434 —-
368 403 513 455 „Bene
535 406 646 459 plane
673 408 871 460 magnus4
900 406 991 446 mihi
1014 408 1166 460 quidem
1188 409 1356 460 videtur,
1389 410 1458 450 sed
1479 417 1608 451 tamen

46 491 124 518 non
147 491 336 519 summus.
398 478 508 519 Nihil
533 479 635 520 enim
661 479 787 529 dolet,
823 478 895 518 nisi
920 493 1011 533 pes3
1046 489 1209 534 possunt
1234 482 1360 534 oculi,
1393 490 1523 538 potest
1545 497 1608 524 ca-

45 557 135 606 put,
169 551 316 602 latera,
350 552 577 607 pulmones,
609 558 772 607 possunt
799 551 952 603 omnia,
986 552 1101 605 longe
1129 554 1249 608 igitur
1277 556 1389 596 abest
1411 570 1434 596 a
1455 570 1606 597 summo

45 624 194 665 dolore.

43 697 300 738 molestiae.“
332 722 389 729 —

257 623 387 679 Ergo,
421 626 566 679 inquit,

42 783 181 825 sapere
206 770 359 821 dicere3
393 772 461 812 sed
486 785 557 811 nos
583 771 630 810 ab
657 784 703 811 eo
728 770 896 811 derideri
922 778 1029 825 puto.

609 626 720 665 dolor
751 625 954 665 diuturnus
986 624 1100 665 hahet
1134 626 1305 668 laetitiae
1340 629 1448 682 plus,
1491 644 1603 683 quam

449 703 517 739 45.
550 697 669 739 Nunc
687 701 705 724 5
731 711 804 751 ego
831 712 906 737 non
929 712 1086 752 possum
1114 705 1261 739 tantum
1286 700 1479 741 hominem
1512 702 1605 742 nihil

1090 770 1179 825 Ego
1209 786 1400 813 summum
1431 774 1603 815 dolorem

40 842 248 896 (summum
274 850 402 883 autem
432 844 543 893 dico,
578 844 693 884 etiam
720 843 752 884 si
781 845 912 884 decem
941 832 1081 884 at'omis
1108 852 1168 885 est
1198 847 1324 885 maior
1355 845 1495 901 alius,)
1527 861 1604 887 non

39 916 225 957 continuo
247 930 336 957 esse
359 917 444 957 dico
467 917 627 958 brevem
643 916 660 943 6

40 989 103 1044 qui
131 990 350 1045 complures
384 1004 508 1031 annos
543 990 741 1031 doloribus
775 991 970 1045 podagrae
1008 990 1232 1031 crucientur
1260 992 1459 1032 maximis.

690 917 909 971 multosque
930 931 1088 972 possum
1109 917 1232 958 bonos
1254 919 1359 959 viros
1383 919 1601 970 nominare,

1523 991 1603 1034 Sed

37 1062 154 1103 homo
178 1065 348 1104 cautus⁷
384 1077 577 1118 nunquam
607 1063 789 1104 terminat
821 1077 892 1103 nec
925 1063 1201 1117 magnitudinis
1235 1078 1308 1105 nec
1338 1065 1602 1106 diuturnitatis

127 1178 151 1213 4
173 1182 255 1214 Tres
280 1183 361 1213 Oxx.
381 1182 474 1213 Mon.
493 1180 521 1213 1.
545 1179 576 1212 2.
601 1188 635 1212 et
657 1180 779 1213 multae
803 1181 877 1212 edd.
903 1187 984 1213 vett.
1009 1183 1081 1213 bene
1100 1184 1196 1221 plane
1214 1186 1241 1214 el
1263 1192 1408 1223 maynus.
1457 1184 1497 1215 V.
1513 1183 1598 1215 Adn.

38 1225 59 1258 5
87 1227 164 1258 Wes.
187 1227 258 1257 Em.
285 1228 307 1258 Ι.
332 1238 367 1277 p.
388 1224 442 1257 25.
465 1238 491 1258 c.
515 1225 591 1258 trib.
614 1228 695 1257 Oxx.
719 1227 811 1257 SEL.

36 1282 131 1311 rum,
166 1277 283 1314 utpote
313 1271 367 1313 qui
391 1277 501 1302 tantus
523 1271 623 1302 homo
644 1270 715 1311 sit).

35 1363 156 1392 brevem
177 1363 231 1392 Or.
256 1372 282 1392 c.
301 1359 388 1402 vulg.
436 1357 457 1391 7
482 1372 512 1391 v.
538 1359 622 1391 Adn.

33 1427 126 1467 XIV,
153 1424 205 1459 14.
231 1426 301 1460 init.
337 1433 370 1457 et
401 1426 704 1465 Academ.11.17‚
729 1426 798 1465 88„

35 1471 91 1503 ubi
114 1471 230 1514 plenus
255 1483 365 1503 versus
389 1471 435 1503 ita
461 1471 650 1503 exhibetur:

77 1518 140 1558 ,492
164 1519 277 1556 adsta,
299 1526 412 1556 mane,
437 1518 533 1556 audi,
566 1518 720 1548 iteradum
745 1527 798 1549 ea-

269 1563 401 1594 demmet
421 1565 482 1593 isla
505 1563 592 1593 mihi.

34 1609 179 1639 Goerenz.
202 1617 274 1638 cum
302 1609 405 1638 Vossio
439 1606 579 1638 correxit
608 1608 703 1638 istaec
736 1618 797 1650 pro

33 1651 121 1693 vulg.
146 1654 229 1691 ista,
257 1654 345 1682 metri
368 1661 498 1691 caussa,
524 1657 560 1682 ut
583 1651 650 1688 ait,
677 1657 729 1689 at,
765 1651 798 1683 ni

33 1696 155 1733 fallor,
196 1702 310 1728 contra
346 1702 494 1727 metrum.
553 1696 651 1736 Quod
687 1703 798 1727 autern

31 1743 200 1780 Davisius,
226 1740 322 1772 codd.
345 1740 424 1783 Reg.
449 1739 536 1772 Med.
561 1741 638 1772 Bak.
663 1748 695 1772 et
718 1741 797 1772 edit.

31 1785 255 1817 Victorianam
281 1791 431 1825 secutus,
467 1787 645 1818 iterandum
680 1785 796 1824 edidit,

31 1830 120 1862 haud
154 1830 300 1873 cogitate
325 1830 415 1862 fecit.
468 1830 519 1861 Cf.
546 1833 689 1862 Goerenz.
714 1830 735 1863 l.
761 1830 795 1861 d.

30 1877 188 1908 Iteradum
222 1875 306 1906 enim
333 1874 459 1906 dictum
483 1881 551 1912 est,
591 1881 625 1905 ut
651 1877 797 1915 a9edum,

29 1922 191 1960 tacedum,
216 1921 387 1960 adesdum,
411 1921 619 1959 accededum,
643 1929 797 1951 memora-

29 1966 128 2004 dum,
154 1965 227 1996 alia.

95 2011 175 2041 Bene
196 2011 289 2049 plane
312 2010 460 2050 magnus]
498 2010 658 2040 Erneslius
681 2009 795 2040 conie-

33 2053 97 2085 cit:
122 2055 201 2085 Bene
224 2063 310 2085 sane.
345 2056 489 2094 1110911115.
536 2054 606 2095 Ego
632 2065 704 2084 cum
728 2056 797 2085 Nis-

30 2101 114 2130 senio
138 2098 273 2130 meliore
291 2098 505 2130 distinctione
521 2097 630 2130 locum
649 2097 796 2130 adiuvari

30 2154 128 2185 posse
152 2150 251 2185 puto:
280 2145 370 2175 Bene.
406 2146 503 2175 Plane
526 2153 670 2183 maynus.
705 2145 796 2183 Bene,

31 2188 63 2219 h.
90 2199 118 2219 e.
154 2194 245 2220 recte
287 2187 435 2231 quaeris,
485 2187 590 2230 inquit
626 2188 794 2230 Epicurus.

29 2234 128 2265 Plane
149 2243 282 2272 maanus
302 2239 380 2264 cett.
415 2233 501 2264 Nam
521 2235 593 2264 bene
612 2235 706 2272 plane
727 2243 796 2264 ma-

30 2287 110 2318 gnus
130 2289 148 2308 a
167 2278 324 2309 Cicerone
348 2277 472 2309 dictum
491 2288 572 2317 esse,
598 2277 796 2320 persuadere

29 2321 109 2353 mihi
134 2333 199 2354 non
228 2333 371 2365 possum.
423 2324 548 2362 Wolfius
582 2322 682 2353 vertit
713 2324 796 2354 recht

32 2368 102 2398 sehr
120 2376 225 2406 grass,
264 2368 396 2398 Orellius
430 2378 468 2397 ex
504 2367 683 2398 communis
708 2367 794 2398 vitae

32 2410 269 2442 consuetudine
293 2410 525 2452 depromptum
559 2417 652 2452 putat
685 2411 794 2442 idem-

30 2466 94 2498 que
116 2456 159 2487 N.
183 2457 220 2486 D.
245 2456 302 2486 lll.
329 2455 357 2496 13.
381 2455 432 2487 53.
465 2466 526 2496 pro
551 2457 622 2486 bene
645 2458 797 2495 planeque

29 2500 279 2532 restituendum.
307 2493 406 2532 Moser
417 2499 610 2530 vocabulum
631 2502 702 2531 bene
723 2511 795 2531 cum

29 2554 164 2585 maynus
187 2544 451 2586 coniungendum
475 2543 671 2580 arbitratur,
698 2549 734 2574 ut
753 2543 796 2575 sit

31 2587 155 2621 dictum
179 2601 219 2621 eo
242 2589 362 2627 modo,
399 2600 463 2631 quo
496 2595 545 2619 est
569 2588 609 2619 ad
635 2588 725 2619 Fam.
750 2589 794 2626 X,

30 2632 92 2666 33:
128 2636 200 2666 bene
230 2636 340 2673 mulli,·
377 2636 470 2673 plane
503 2640 613 2664 autem
645 2632 797 2674 interpo-

32 2677 130 2709 situm
157 2690 245 2716 esse,
280 2686 316 2709 ut
340 2678 381 2709 sit
405 2678 426 2710 i.
452 2690 483 2721 q.
509 2681 652 2716 omnino,
687 2684 723 2708 ut
747 2683 795 2707 est

34 2722 124 2753 Brut
146 2723 300 2761 &1,22‹›2.
322 2723 586 2766 saepissimeque.
623 2723 693 2760 „Ut
717 2732 796 2753 vero

34 2767 501 2807 Auct.adHerenn.1V,‘20.
528 2767 636 2799 verbis
656 2777 714 2798 non
735 2776 796 2806 par

33 2809 231 2861 interposuit
257 2815 351 2852 plane
386 2814 458 2854 (non
480 2816 605 2853 plane
628 2814 723 2851 par
760 2816 796 2841 ut

33 2854 75 2885 sit
98 2854 119 2886 i.
134 2866 166 2898 q.
187 2867 249 2888 non
271 2860 393 2890 omnino
413 2867 494 2898 par,
528 2858 574 2889 ita
598 2856 705 2888 verbis
726 2858 797 2887 bene

33 2909 167 2940 maynus
200 2899 431 2944 interpositum
466 2905 561 2954 plane
594 2901 675 2933 nihil
708 2899 798 2932 aliud

32 2943 119 2976 velle
143 2943 294 2985 videtur,
331 2958 427 2990 quam
457 2947 485 2978 si
518 2946 703 2990 scripsisset
726 2947 798 2978 bene

116 2997 163 3026 ed.
183 3001 301 3034 quarta.

765 1270 862 1309 Quod
886 1270 1020 1302 minime
1042 1271 1161 1313 placet.

36 1315 126 1348 dicat
146 1322 214 1347 tarn
235 1315 386 1347 absurda.
432 1313 454 1346 6
478 1315 532 1346 Sic
551 1315 588 1346 R.
614 1315 685 1357 (sed
708 1317 825 1347 brevim
848 1327 900 1358 ap.
922 1315 1028 1357 Wes.)
1057 1315 1142 1347 Gud.
1168 1315 1198 1348 1.
1221 1314 1254 1348 2.
1279 1316 1407 1355 Marb.;

844 1236 904 1268 pro
930 1236 1012 1258 nunc
1038 1226 1213 1268 legendum
1248 1227 1333 1260 coni.
1356 1229 1436 1259 hunc
1461 1228 1598 1271 (Epicu-

1208 1274 1295 1303 Nunc
1319 1278 1367 1302 est
1392 1283 1490 1314 quum
1518 1273 1597 1304 talin

1443 1319 1512 1350 dico
1535 1327 1597 1350 esse

834 1428 957 1458 omnino
979 1429 1148 1466 ma9nus.“
1194 1428 1340 1459 Handius
1361 1427 1393 1458 in
1409 1428 1549 1460 Tursell.
1574 1431 1597 1460 Ι.

832 1482 865 1513 p.
887 1469 918 1503 4.
933 1495 942 1510 ,
977 1471 1100 1502 reiecta
1123 1483 1195 1503 mea
1221 1471 1368 1510 ratione,
1403 1473 1599 1505 vocabulum

830 1518 924 1556 plane
949 1528 967 1547 a
991 1516 1176 1558 glossatore
1201 1517 1390 1558 profectum
1422 1516 1596 1550 existimat.

898 1565 1027 1600 possunt
1050 1563 1143 1602 oculi]
1178 1561 1329 1604 intellige
1353 1564 1464 1595 dolere.
1511 1563 1599 1594 Male

832 1607 959 1637 Neidius
986 1612 1019 1637 et
1046 1608 1172 1646 Wolfius
1201 1617 1290 1646 posse
1322 1607 1377 1638 hic
1408 1607 1497 1639 idem
1528 1619 1598 1639 esso

833 1656 971 1693 putant,
997 1650 1087 1693 quod
1109 1653 1222 1686 valere.

901 1697 989 1727 dolor
1022 1697 1202 1737 diuturnus]
1240 1696 1380 1749 Diogen.
1412 1697 1524 1729 Laert.
1550 1698 1596 1733 Χ

835 1737 916 1772 140:
943 1741 978 1773 αἱ
991 1739 1167 1793 πολυχρόπ
1170 1753 1198 1773 οι
1210 1741 1276 1773 τῶν
1291 1738 1486 1782 αρῤωστιῶν
1501 1743 1580 1775 πλεο

831 1781 926 1824 νάζοο
962 1784 1075 1839 ἔχουσι
1105 1783 1141 1818 τὸ
1167 1782 1333 1827 ηδόμενο)
1358 1784 1391 1818 ἐ)
1413 1787 1456 1829 τῇ
1484 1786 1595 1828 σαρκί,

830 1825 899 1872 η’πε
903 1840 919 1870 ρ
942 1828 979 1863 τὸ
1005 1826 1046 1862 ἀλ
1049 1831 1139 1871 γοῦν.

899 1876 926 1916 §.
945 1871 999 1906 45.
1034 1883 1193 1905 summum
1225 1876 1361 1906 dolorem
1381 1893 1423 1899 —
1444 1884 1506 1907 non
1534 1884 1596 1906 esse

831 1919 966 1958 brevem]
994 1918 1033 1949 V.
1059 1918 1100 1948 de
1123 1917 1465 1957 Finib.11.28,93.

898 1964 1068 2002 multosque
1092 1972 1220 2002 possum
1240 1983 1282 1988 —
1303 1943 1479 2006 nominare]
1516 1965 1595 1996 Pos—

831 2016 899 2039 sum
922 2013 1051 2038 veteres
1070 2014 1161 2038 extra
1180 2007 1404 2039 conditionem
1421 2007 1591 2039 dixerunt:

831 2057 996 2082 nostrates
1023 2062 1145 2091 possem
1179 2051 1288 2083 dicere
1320 2052 1440 2084 solent.
1491 2052 1541 2083 Cf.
1571 2054 1592 2083 Ι.

831 2094 892 2134 34,
919 2096 973 2129 63.
1022 2095 1064 2127 de
1086 2098 1217 2128 Senect.
1241 2095 1298 2129 16:
1325 2099 1454 2129 Possum
1477 2108 1593 2139 perse—

832 2140 886 2183 qui
911 2140 1014 2172 multa
1036 2140 1280 2172 oblectamenta
1314 2153 1422 2173 rerum
1453 2142 1593 2173 rustica.-

831 2197 921 2223 rum3
946 2185 1003 2217 sed
1025 2197 1062 2217 ea
1084 2185 1166 2228 ipsa,
1193 2197 1276 2229 quae
1293 2186 1371 2225 dixi,
1397 2186 1497 2217 fuisse
1513 2197 1593 2218 sen-

830 2231 877 2262 tio
908 2230 1070 2273 longior.a
1117 2232 1157 2262 V.
1183 2230 1273 2262 adl.
1297 2230 1358 2268 49,
1387 2230 1460 2263 116.
1494 2236 1528 2261 et
1551 2232 1592 2262 ΙΙ.

836 2277 892 2312 13,
920 2276 995 2311 30.;
1020 2275 1180 2317 imprimis
1204 2287 1303 2317 saepe
1327 2274 1372 2305 ita
1397 2274 1516 2306 dicitur
1535 2284 1592 2314 po-

830 2324 949 2352 leram:
974 2299 1016 2351 de
1035 2331 1100 2362 (1110
1118 2332 1149 2351 v.
1172 2319 1214 2350 ad
1232 2321 1287 2350 Ill.
1303 2316 1336 2359 4,
1352 2319 1396 2356 7.‚
1420 2318 1474 2350 ubi
1493 2319 1591 2350 etiam

830 2364 1003 2396 discrimen
1028 2364 1117 2395 inte1
1147 2374 1274 2403 possum
1299 2369 1331 2394 et
1361 2367 1501 2403 poteram
1532 2374 1592 2394 ex—

831 2410 973 2452 positum
1006 2415 1066 2439 est.
1118 2408 1166 2439 Cf.
1191 2408 1278 2438 infra
1302 2408 1341 2438 V.
1365 2408 1425 2445 32,
1451 2406 1504 2440 90.
1551 2409 1590 2440 V.

830 2457 928 2486 Kritz.
954 2453 996 2485 ad
1019 2452 1096 2484 Sall.
1122 2452 1190 2483 Cat.
1216 2453 1271 2491 LI,
1288 2450 1320 2483 4.
1344 2451 1466 2494 p.¹23›6.
1500 2452 1591 2491 Quos

830 2505 940 2530 autem
962 2498 993 2529 h.
1009 2497 1031 2527 l.
1054 2496 1136 2527 dixit
1156 2499 1250 2528 bonos
1269 2499 1364 2536 viros,
1387 2496 1592 2539 intelligendi

831 2543 982 2574 videntur
1004 2541 1043 2579 ii,
1081 2552 1219 2583 quorum
1242 2540 1349 2572 verbis
1371 2540 1452 2573 fides
1479 2541 1592 2573 haberi

832 2586 946 2629 possit.
994 2585 1082 2617 Hinc
1117 2585 1213 2617 facile
1236 2585 1418 2628 intelliges,
1456 2598 1513 2618 cur
1535 2598 1591 2617 se-

832 2637 949 2674 quatur
968 2632 1151 2669 crucientur,
1176 2641 1241 2662 non
1262 2633 1452 2663 cruciantur.
1484 2631 1591 2662 Verba

833 2676 917 2707 enim
940 2678 993 2715 qm·
1013 2693 1056 2698 —-
1074 2677 1246 2707 crucientur
1267 2687 1306 2707 ex
1327 2675 1458 2707 illorum
1479 2676 1590 2707 bono-

832 2732 903 2752 rum
918 2720 1061 2751 virorum
1083 2726 1193 2751 mente
1211 2720 1300 2752 dicta
1320 2727 1406 2758 sunt,
1431 2727 1467 2751 ut
1487 2720 1590 2762 signi-

834 2765 948 2796 ficent:
973 2767 1026 2805 qui
1045 2767 1216 2804 complures
1239 2775 1337 2797 annos
1360 2767 1516 2797 doloribus
1535 2774 1590 2803 po-

830 2811 949 2850 da9rae
969 2811 1104 2842 cruciari
1121 2820 1152 2841 se
1171 2812 1321 2841 maximis
1342 2812 1514 2850 affirmant.
1549 2808 1588 2839 V-

831 2854 873 2886 ad
896 2855 937 2886 V.
962 2854 1025 2893 21,
1052 2854 1106 2887 6).

899 2901 987 2932 homo
1007 2879 1132 2942 daulus]
1168 2901 1193 2931 E
1218 2899 1329 2932 Nonio
1351 2910 1382 2941 p.
1398 2897 1452 2931 92.
1478 2896 1591 2934 Merc„

832 2946 1002 2977 Lambinus
1023 2950 1057 2976 et
1077 2946 1231 2977 Bentleius
1253 2946 1282 2976 h.
1303 2947 1391 2976 catus
1410 2941 1592 2974 emendan-

1218 2996 1264 3027 15
