1863 3221
226 95 310 138 440
808 99 1040 132 Lissnav.
1067 98 1210 140 2¹4,69.

230 185 468 239 cogitatione
500 183 680 236 fingatur.
735 177 909 219 Primum
934 177 1093 232 ingenio
1117 178 1264 218 eximio
1287 179 1337 219 sit
1359 194 1520 222 necesse
1545 188 1628 233 est3
1664 181 1783 222 tardis

230 258 332 299 euim
353 256 545 298 mentibus
564 254 687 295 virtus
712 266 789 292 non
811 251 923 292 facile
948 251 1154 292 comitatur
1172 254 1186 277 ¹
1204 269 1215 303 ς
1249 251 1386 293 deinde
1407 254 1452 293 ad
1473 253 1781 308 investigaiidann

230 331 434 371 veritatem
462 328 588 367 studio
611 325 784 365 incitato.

231 418 329 445 unus
358 403 396 442 in
423 400 645 455 cognitione
669 412 798 438 rerum
832 399 979 453 positus
1006 405 1044 437 et
1065 398 1103 437 111
1127 398 1389 452 explicatione
1413 407 1598 450 natm-aeg
1632 400 1730 440 alter
1749 401 1786 441 in

850 324 911 365 Ex
937 340 1011 378 quo
1035 324 1269 378 triplex'ille
1293 326 1409 366 animi
1436 328 1534 367 fetus
1558 328 1783 368 exsistet2:

230 475 490 530 descriptione
518 472 824 527 expetendarum
861 471 1213 525 fugiendarumvess
1251 485 1404 524 rerum3
1447 473 1585 513 tertius
1617 473 1655 512 in
1690 473 1787 513 iudi-

229 550 377 598 cando,
412 547 499 601 quid
526 545 663 600 cuique
689 546 745 585 rei
767 544 819 585 sit
843 558 1104 599 consequens,
1139 545 1227 598 quid
1250 559 1497 599 repugnans:
1528 546 1566 585 in
1590 560 1665 600 qno
1686 546 1789 586 inest

1592 625 1660 659 69.
1696 618 1785 672 Quo

229 695 382 735 tandem
405 693 523 747 igitur
541 691 682 747 gaudio
704 692 800 731 affici
825 705 988 732 necesse
1011 698 1072 731 est
1087 694 1104 717 ⁵
1135 691 1322 746 sapientis
1344 692 1508 732 animuin
1531 706 1616 732 eum
1640 693 1698 732 his
1721 693 1788 733 lia-

229 621 352 662 omnis
378 620 527 674 quu1n4
554 618 746 659 subtilitas
772 618 1010 667 disserendi,
1045 625 1121 658 111111
1152 619 1296 659 veritas
1321 618 1529 658 iudicandi.

227 769 414 808 bitantem
440 772 809 821 pernoctantemque
840 764 964 804 curis!
1002 767 1074 804 1116
1104 779 1218 818 quum
1244 765 1360 805 totius
1387 765 1516 805 mundi
1548 772 1674 806 motus
1696 780 1788 806 cou-

228 841 508 893 versionesque
534 838 779 893 perspexerit
802 838 1009 891 sideraque
1036 838 1177 877 viderit
1202 837 1496 878 innumerabilia
1522 839 1628 878 caelo
1655 839 1788 879 iuliae-

227 913 350 954 rentia
379 927 464 953 cum
492 912 575 952 eius
608 911 728 965 ipsius
758 918 863 951 motu
897 924 1112 963 congruere
1138 910 1255 950 certis
1279 910 1401 951 infixa
1426 912 1605 962 scdibus3
1640 920 1787 966 septem

226 987 299 1026 alia
325 999 416 1026 suos
439 998 614 1038 quaeque
641 991 774 1023 tencre
797 997 934 1023 cursus
960 983 1116 1022 multum
1140 982 1241 1022 inter
1264 997 1306 1023 se
1327 991 1394 1023 aut
1413 984 1612 1024 altitudine
1634 992 1699 1024 aut
1721 985 1789 1025 liu-

227 1059 387 1099 militate
410 1057 614 1107 distantia,
650 1071 812 1110 quorum
835 1056 922 1110 vagi
951 1062 1077 1096 motus
1106 1062 1189 1095 rata
1216 1063 1342 1096 tamen
1367 1063 1405 1096 et
1432 1064 1538 1096 certa
1563 1058 1622 1097 sui
1650 1048 1787 1098 cursus

314 1172 442 1203 XXIV.
482 1169 495 1202 1
523 1170 619 1202 Pauci
641 1169 822 1201 deteriores
847 1169 942 1201 codd.
965 1171 1175 1201 committitur.
1214 1170 1253 1201 V.
1276 1169 1360 1200 Adn.
1409 1168 1429 1200 2
1455 1169 1509 1201 Sic
1532 1180 1644 1201 omnes
1669 1170 1785 1209 codd.;

225 1218 283 1249 sed
297 1217 370 1248 edd.
385 1223 461 1248 ante
476 1216 580 1248 Gebh.
607 1216 676 1247 fere
700 1227 811 1246 omnes
833 1218 959 1255 exsistit,
983 1220 1018 1244 ut
1041 1216 1067 1258 §-
1082 1212 1136 1246 70.
1151 1212 1204 1247 71.
1248 1213 1270 1246 3
1292 1226 1322 1245 v.
1339 1214 1422 1246 Adn.
1463 1214 1485 1246 4
1506 1214 1559 1246 Sic
1573 1215 1611 1246 R.
1635 1215 1784 1254 G11d.1.;

227 1264 280 1293 Or.
305 1274 331 1294 c.
351 1262 436 1303 vulg.
463 1265 549 1300 tum;
586 1267 619 1291 at
644 1273 673 1292 v.
699 1260 740 1291 ad
768 1272 794 1291 c.
818 1259 881 1299 25,
908 1258 961 1292 72.

1021 1259 1040 1290 5
1067 1259 1102 1289 R.
1129 1260 1161 1290 P.
1188 1259 1274 1290 Gud.
1301 1259 1328 1290 l.
1354 1259 1386 1290 2.
1412 1266 1496 1302 sept.
1533 1262 1612 1292 Oxx.
1638 1261 1729 1292 Mon.
1751 1260 1782 1292 2.

225 1306 324 1340 Vind.
348 1306 377 1338 l.
398 1306 428 1338 2.
456 1306 508 1337 ed.
535 1307 568 1337 P.
594 1316 712 1338 necesse
736 1310 830 1337 esset:
858 1305 947 1348 quod
973 1304 1099 1346 recepit
1123 1304 1179 1335 Kl.
1225 1302 1247 1336 6
1272 1316 1302 1336 v.
1328 1304 1413 1336 Adn.

222 1387 320 1417 hleine
343 1387 444 1424 Weile,
466 1386 525 1425 auf
541 1386 627 1415 einen
648 1385 846 1423 Auyenblz'ch,
871 1394 988 1425 respe-

226 1437 279 1462 ctu
300 1430 415 1460 habito
439 1429 539 1459 futuri
565 1428 734 1470 temporis,
761 1439 825 1470 quo
847 1428 985 1459 actionis

224 1474 416 1506 vicissitudo
451 1474 560 1504 futura
595 1480 643 1503 est
681 1475 749 1514 (vor
778 1475 832 1504 cler
856 1474 986 1513 Hand),-

221 1522 395 1560 paulisper,
418 1521 483 1550 eine
504 1520 601 1549 hteiue
630 1520 719 1549 Weite
740 1520 825 1557 tany,
855 1518 986 1548 diutur-

224 1564 362 1596 nitatem
379 1570 505 1595 tantum
524 1569 629 1601 notat,
654 1562 700 1592 uti
719 1562 830 1593 docuit
844 1564 985 1603 Seyffert.

224 1609 267 1640 ad
289 1609 380 1640 Lael.
409 1610 441 1646 l,
468 1610 506 1639 5:
543 1615 579 1638 tu
606 1607 701 1638 velim
726 1619 743 1639 a
767 1619 819 1638 me
844 1609 986 1638 animum

219 1664 393 1694 parumper
416 1659 553 1684 avertas.

289 1701 440 1730 mentibus
463 1698 639 1741 comitatur]
679 1697 732 1727 Sic
763 1697 850 1728 infra
884 1709 909 1729 c.
932 1697 986 1735 35,

226 1744 305 1776 100:
340 1753 418 1783 quae
439 1745 625 1774 comitantur
645 1744 716 1774 huic
738 1744 841 1774 vitae:
867 1742 919 1773 ubi
941 1742 987 1773 sic

224 1788 384 1830 expressit
410 1788 466 1818 Gr.
502 1783 567 1820 ὅσα
599 1785 706 1829 τούτῳ
742 1786 914 1826 ξυνέπεται
937 1788 986 1830 τῷ

225 1832 299 1877 βίῳ.
337 1834 371 1863 111
390 1832 439 1863 his
454 1832 581 1863 duobus
600 1831 680 1863 locis
700 1832 803 1863 verbo
818 1834 987 1863 comitandi

225 1877 340 1909 Cicero
365 1877 440 1909 ideo
465 1876 651 1908 adiunxisse
673 1876 803 1908 videtur
828 1877 986 1915 dativum,

223 1922 296 1965 quia
317 1923 402 1953 hanc
423 1922 522 1953 habet
544 1922 618 1959 vim,
647 1928 680 1952 ut
702 1921 789 1952 idem
812 1922 984 1964 significet,

223 1967 312 2010 quod
344 1970 538 1999 coniunctum
561 1977 633 1998 esse.
682 1967 761 1997 Aliis
783 1967 868 1998 enim
894 1967 984 2005 locis,

223 2012 276 2044 ubi
291 2012 456 2055 propriam
471 2011 743 2053 significationem
763 2012 873 2049 habet,
902 2023 984 2043 con-

222 2057 341 2087 struxit
375 2068 447 2087 eum
478 2056 686 2091 accusativo:
726 2068 909 2098 quanquam
944 2057 984 2087 de

222 2101 304 2143 Rep.
329 2103 376 2138 11,
399 2100 453 2132 24.
484 2100 619 2141 legitur:
656 2103 702 2131 illi
726 2112 885 2143 prospere
911 2101 984 2132 for—

222 2152 299 2177 tuna
326 2145 481 2177 comitata
506 2151 565 2175 est.

288 2193 399 2230 triplex
419 2192 469 2221 ille
484 2192 582 2221 animi
598 2189 691 2232 fetus]
718 2190 756 2219 H.
774 2202 801 2221 e.
821 2189 869 2220 his
884 2189 983 2220 animi

222 2235 395 2266 virtutibus
420 2235 445 2265 si
471 2234 541 2276 quis
567 2240 699 2264 ornatus
730 2241 795 2271 est,
834 2236 982 2276 perfecte

220 2279 349 2322 sapiens
372 2279 516 2312 exsistit.
545 2278 596 2321 qui
619 2291 731 2309 omnes
755 2279 983 2320 philosophiae

220 2331 330 2367 partes
364 2324 547 2367 (physicam
571 2324 665 2362 dico,
691 2324 850 2366 ethicam,
875 2324 981 2355 diale-

221 2369 351 2410 cticam)
386 2376 495 2401 mente
520 2381 575 2399 sua
599 2368 858 2410 comprehendat
880 2369 982 2411 iisque

222 2414 319 2456 plene
352 2426 389 2446 ac
421 2413 584 2446 cumulate
607 2413 799 2445 satisfaciat.
850 2415 896 2444 De
918 2414 980 2445 tri-

222 2458 342 2500 pertita
367 2459 597 2501 philosophiae
629 2458 792 2490 divisione
824 2471 853 2489 v.
879 2459 979 2490 Acad.

222 2504 246 2533 Ι.
272 2504 302 2539 5,
328 2502 379 2535 19.
406 2506 445 2535 11.
469 2504 521 2541 so,
554 2503 623 2536 llo.
659 2503 731 2534 Fin.
754 2505 792 2534 V.
815 2501 845 2541 -1,
870 2503 901 2535 ⁴).
939 2504 980 2535 de

223 2549 276 2578 Or.
300 2548 324 2577 I.
355 2547 410 2583 15,
432 2548 484 2579 (114.
510 2548 562 2579 all.

288 2593 365 2622 ulter
381 2594 412 2622 in
431 2594 630 2631 descriptione
652 2603 721 2632 exp.
745 2595 980 2633 sumendorum-

220 2646 256 2668 ve
277 2637 396 2676 rerum]
432 2637 472 2666 H.
497 2648 523 2665 c.
558 2637 589 2667 in
615 2637 764 2668 doctrina
789 2638 830 2669 de
864 2638 980 2669 finibus

218 2681 381 2712 bonorum
404 2686 436 2711 ct
460 2680 629 2712 malorum.
668 2684 773 2721 Quam
796 2694 857 2725 ego
882 2695 909 2714 c.
925 2685 979 2715 Or.

221 2724 297 2756 dedi
316 2724 520 2767 scripturam.
545 2725 673 2766 vulgata
698 2727 785 2768 (edd.
808 2728 905 2768 vett.)
932 2735 981 2759 est

221 2769 408 2801 nonnullor.
432 2769 548 2806 codd.;
575 2770 720 2812 plerique
742 2772 837 2804 codd.
861 2784 921 2813 pro
944 2783 980 2805 ve

221 2814 375 2846 exhibent
398 2824 454 2854 que
475 2821 507 2844 et
532 2814 616 2844 Gud.
640 2815 663 2846 l.
682 2816 720 2845 Il.
744 2817 980 2855 fuyieudarum-

219 2869 276 2899 que
309 2869 345 2891 ve
375 2869 487 2890 rerum.
537 2858 601 2889 Sed
638 2870 735 2900 quum
772 2867 845 2901 post
875 2872 979 2893 rerum

219 2903 366 2946 plerique
388 2903 484 2935 codd.
504 2902 627 2946 aliquid
647 2903 795 2934 additum
816 2904 975 2937 habeant:

216 2948 257 2980 R.
279 2948 312 2980 in
337 2960 378 2982 m.
400 2958 437 2981 ne
458 2952 486 2981 et
507 2950 651 2988 vivendi,
683 2949 741 2980 sed
760 2960 884 2981 erasum
898 2975 905 2987 ,
935 2951 975 2982 R.

1022 1383 1055 1413 P.
1085 1384 1148 1425 (ap.
1162 1382 1269 1422 W'es.)
1296 1382 1381 1414 Gud.
1402 1382 1427 1414 1.
1452 1383 1572 1425 aliique
1593 1393 1629 1415 ne
1648 1385 1785 1423 vivendi,

1024 1427 1109 1457 Gud.
1136 1429 1174 1458 ΙΙ.
1201 1427 1319 1469 aliique
1343 1430 1486 1467 vivendi,
1523 1427 1577 1458 alii
1603 1439 1641 1458 ex
1669 1435 1785 1470 aperta

1022 1471 1279 1513 interpolatione
1302 1475 1334 1503 in
1358 1483 1481 1504 munere
1512 1475 1580 1515 (aut
1604 1477 1705 1504 arteve
1729 1480 1784 1504 aut

1021 1517 1244 1558 commmunione)
1278 1519 1403 1548 vivendi
1438 1521 1506 1559 (aut
1531 1521 1602 1549 bene
1624 1518 1784 1558 vivendo:

1022 1561 1236 1592 dubitandum
1255 1573 1320 1592 non
1336 1569 1394 1598 est,
1418 1563 1494 1604 quin
1511 1563 1608 1593 etiam
1621 1562 1652 1592 111
1666 1563 1784 1593 erche-

1021 1612 1103 1649 typo
1129 1614 1204 1648 post
1227 1616 1329 1637 rerum
1355 1606 1478 1648 aliquid
1502 1607 1648 1638 additum
1675 1608 1784 1642 fuerit.

1023 1656 1128 1682 Acute
1157 1653 1383 1690 It'esenberyius
1407 1652 1478 1683 Em.
1500 1654 1522 1682 1.
1549 1665 1580 1695 p.
1596 1651 1649 1684 ¹29.
1674 1653 1784 1695 suspi—

1023 1703 1114 1727 catur
1134 1696 1164 1726 in
1188 1696 1295 1727 verbis
1325 1706 1362 1727 ne
1385 1700 1411 1727 et
1434 1699 1557 1728 vivendi
1581 1697 1684 1728 latere
1706 1702 1732 1729 et
1752 1700 1784 1730 in

1020 1743 1145 1773 vivendi
1163 1744 1302 1780 ratione,
1327 1740 1373 1771 uti
1397 1741 1468 1772 Fin.
1487 1743 1526 1774 V.
1550 1741 1581 1781 6,
1608 1743 1666 1773 15:
1691 1754 1782 1774 sum-

1021 1794 1234 1816 mutuantem
1257 1785 1378 1816 bonurn
1403 1786 1428 1816 si
1452 1786 1632 1828 ignoretur,
1658 1790 1783 1819 vivendi

1021 1834 1171 1866 rationem
1189 1830 1333 1873 ignorari
1354 1842 1489 1862 necesse
1512 1839 1570 1863 est.
1603 1831 1681 1862 Aliis
1702 1833 1783 1864 locis

1022 1879 1092 1907 bene
1120 1876 1229 1918 theate)
1260 1877 1384 1907 vivendi
1409 1882 1465 1906 aut
1488 1879 1569 1908 vilae
1591 1879 1672 1908 ratio
1697 1877 1783 1908 dici-

1021 1927 1084 1951 tur.
1134 1921 1326 1959 ‚,Scilicet‚“
1351 1920 1455 1963 inquit
1479 1923 1548 1960 W.‚
1575 1933 1782 1964 „quanquam

1021 1966 1213 2007 quaestione
1233 1965 1287 1996 illa
1308 1965 1349 1996 de
1370 1966 1484 1997 finibus
1509 1966 1540 1997 b.
1569 1973 1602 1997 et
1623 1979 1664 1998 m.
1692 1967 1781 2009 quasi

1021 2010 1238 2041 fundamento
1270 2010 1412 2053 quodam
1436 2018 1507 2042 tota
1537 2011 1644 2043 ethica
1668 2012 1782 2044 nititur

1023 2056 1081 2097 (cs.
1105 2056 1174 2086 Fin.
1194 2057 1243 2086 [V.
1272 2058 1286 2097 Q·
1319 2057 1350 2087 ἶ).
1374 2062 1406 2086 et
1431 2054 1479 2087 1-1.
1509 2058 1548 2087 V.
1573 2059 1600 2096 ὁ.
1619 2058 1668 2088 If).
1709 2057 1779 2089 Div.

1022 2101 1061 2129 ll.
1085 2100 1186 2141 §.RQ
1211 2108 1320 2131 tamen
1343 2112 1454 2142 parum
1477 2108 1554 2143 apte
1575 2097 1605 2134 h.
1619 2101 1640 2132 l.
1663 2101 1780 2133 omissa

1021 2150 1105 2174 esset
1129 2145 1335 2185 paraenetica
1359 2146 1424 2175 eius
1448 2158 1532 2187 pars,
1559 2158 1641 2188 quae
1666 2153 1714 2177 est
1739 2147 1780 2178 de

1021 2189 1138 2219 officiis
1163 2201 1188 2219 s.
1215 2190 1419 2231 praeceptis,
1457 2191 1570 2231 quihus
1603 2191 1634 2221 in
1667 2202 1779 2223 omnes

1016 2240 1126 2275 partes
1148 2246 1220 2264 usus
1241 2234 1328 2264 vitae
1349 2234 1549 2265 conformari
1571 2235 1674 2276 possit
1699 2236 1776 2278 (Off.

1020 2281 1040 2309 1.
1067 2279 1164 2321 §.7..)
1202 2279 1250 2309 Cf.
1272 2279 1342 2309 Div.
1362 2281 1396 2309 ll.
1420 2277 1450 2316 -l,
1472 2281 1520 2311 lt).
1544 2286 1575 2310 et
1601 2282 1649 2312 11.
1678 2280 1777 2312 Acad.

1019 2325 1057 2354 ll.
1082 2322 1144 2361 50,
1177 2322 1245 2355 11-1».
1298 2325 1384 2354 Brut.
1421 2325 1448 2364 ti.
1470 2326 1530 2355 521.-
1569 2324 1778 2367 philosophia

1016 2369 1116 2406 haec,
1151 2368 1181 2398 in
1210 2380 1271 2410 quu
1301 2368 1328 2408 1)
1356 2368 1397 2398 de
1420 2371 1504 2400 bonis
1524 2371 1614 2400 rebus
1637 2374 1663 2401 et
1687 2373 1779 2402 malis

1016 2413 1049 2453 2>
1076 2415 1171 2453 deque
1196 2415 1353 2444 homiuum
1382 2416 1447 2444 vita
1480 2417 1505 2445 et
1538 2417 1675 2447 moribus
1708 2415 1778 2447 dis——

1017 2465 1159 2500 putatur.
1186 2458 1257 2489 Fin.
1276 2459 1314 2490 V.
1340 2459 1389 2501 ᾗῇ.
1412 2458 1555 2490 11--1“.).
1576 2466 1609 2490 et
1632 2459 1777 2493 15—16.

1018 2504 1117 2545 Legg.
1141 2506 1164 2536 1.
1191 2506 1217 2547 35.
1235 2502 1315 2535 605⁶

1084 2551 1110 2591 ᾗ.
1135 2548 1188 2580 69.
1224 2549 1319 2588 curis]
1342 2548 1415 2579 Hoc
1437 2548 1590 2587 verbum,
1617 2555 1650 2579 ut
1670 2549 1778 2580 Grae-

1017 2604 1087 2623 cum
1112 2592 1245 2635 μελέτη,
1271 2604 1369 2634 saepe
1392 2592 1510 2623 dicitur
1530 2593 1570 2623 de
1593 2593 1777 2625 litterarum

1015 2638 1196 2679 artiumque
1216 2637 1336 2668 studio.
1367 2638 1437 2668 Hac
1457 2638 1661 2679 paragrapho
1682 2649 1775 2669 com-

1015 2689 1238 2714 memorantur
1265 2682 1400 2725 gaudia,
1436 2694 1518 2724 quae
1551 2682 1777 2724 percipiuntur

1016 2739 1054 2758 ex
1081 2739 1117 2758 ea
1142 2727 1372 2769 philosophiae
1401 2733 1514 2769 parte,
1549 2738 1631 2769 quae
1656 2727 1776 2760 dicitur

1012 2774 1152 2812 physica.

1082 2821 1113 2848 ut
1133 2818 1241 2857 quum]
1273 2816 1419 2847 Davisius
1440 2815 1586 2846 voculam
1609 2820 1652 2856 ut,
1677 2829 1774 2860 quam

1014 2862 1116 2893 nescit
1141 2862 1213 2893 cod.
1236 2861 1344 2898 Med.‚
1379 2867 1512 2891 auctore
1538 2862 1684 2892 Bentleio
1713 2874 1773 2893 ex-

1012 2906 1212 2938 terminavit.
1244 2907 1379 2943 Vereor,
1403 2917 1443 2935 ne
1462 2905 1643 2947 incogitate
1662 2907 1695 2937 id
1718 2908 1773 2938 fa—

1012 2957 1099 2983 ctum
1133 2951 1186 2982 sit.
1242 2949 1405 2983 Particula
1436 2950 1522 2981 enim
1547 2955 1579 2982 ut
1610 2951 1771 2994 significat
