1863 3221
227 131 305 174 108

222 220 391 261 omnium
414 233 542 260 rerum
568 216 673 257 rudis
704 228 791 255 esse
818 214 1020 266 videatur,
1061 215 1161 255 bene
1186 215 1443 269 interroganti
1479 214 1777 269 respondentem

806 135 967 168 LIBER
993 136 1017 167 1.
1041 133 1106 176 24,
1132 133 1186 168 58.

221 294 437 343 declarare,
470 305 512 332 se
534 304 610 330 non
637 297 716 329 tum
743 288 807 328 illa
829 288 996 339 discere,
1030 289 1097 328 sed
1123 287 1406 328 reminiscendo
1432 291 1777 342 recognoscere33

221 381 294 406 nee
319 379 414 406 vero
440 363 521 405 fieri
546 363 622 403 ullo
646 361 759 401 modo
784 375 924 416 posse,
958 368 997 401 ut
1019 375 1040 401 a
1067 361 1197 416 pueris
1219 367 1274 401 tot
1295 375 1424 401 rerum
1449 370 1562 415 atque
1587 368 1778 400 tantarum

220 439 356 479 insitas
375 444 414 478 et
433 436 541 491 quasi
565 434 813 488 consignatas
833 434 872 474 in
892 434 1030 474 animis
1055 434 1257 485 notiones,
1292 447 1385 487 quas
1411 433 1563 480 ἐννοίας
1584 440 1727 475 vocant
1741 436 1778 482 ³,

221 511 476 560 haberemus,
519 509 592 549 nisi
614 508 786 557 animus,
827 515 1032 561 antequam
1059 508 1096 547 in
1125 521 1267 561 corpus
1295 507 1547 556 intravisset,
1587 507 1626 546 in
1651 520 1780 546 rerum

220 583 442 637 cognitione
467 582 672 636 viguisset.
733 587 803 621 58.
838 579 1044 634 Quumque
1071 580 1164 620 nihil
1192 587 1321 630 esset,
1365 587 1404 620 ut
1431 579 1609 619 omnibus
1632 579 1728 619 locis
1760 593 1782 619 a

219 655 385 696 Platone
408 655 635 696 disseritur:
671 654 786 706 (nihil
808 654 908 693 enim
925 655 945 679 4
974 660 1082 708 putat
1103 666 1214 703 esse,
1249 654 1347 707 quod
1369 652 1519 692 oriatur
1540 659 1577 692 et
1597 652 1779 702 intereat,

219 729 334 783 idque
361 729 484 769 solum
511 722 622 778 esse,
668 727 766 779 quod
791 740 946 781 semper
973 726 1049 766 tale
1077 725 1154 777 sit,
1199 727 1309 780 quale
1328 729 1345 752 ⁵
1375 725 1483 764 ἰδέαν
1503 725 1668 779 appellat
1699 724 1779 775 illc,

309 846 331 880 3
355 847 395 878 V.
419 845 503 879 Adn.

222 897 325 929 vett.;
361 893 413 922 Or.
442 903 468 923 c.
491 890 576 932 vulg.
601 893 677 922 nihil
701 893 780 922 enim
804 892 879 921 ille
901 900 954 929 p.‚·
989 892 1036 921 ille
1059 901 1076 920 a
1100 889 1281 931 glossatore
1305 888 1452 920 additum
1477 899 1568 925 esse,

220 942 371 979 apparet,
400 935 488 978 quod
511 935 615 967 Rehd.
636 942 669 966 et
682 935 773 967 Mon.
786 934 817 966 2.
839 934 960 965 habent
981 938 1070 974 putat
1093 937 1153 966 ille.

221 981 357 1023 aliisque
380 993 440 1023 pro
465 980 550 1022 vulg.
577 983 720 1020 qualem:
755 979 843 1022 quod
865 979 1121 1055 iniurizbiproAlzialt
1141 981 1259 1011 Baltius
1282 978 1324 1009 ad
1345 979 1446 1020 Legg.
1472 980 1496 1009 I.
1517 975 1549 1017 7,
1575 976 1629 1008 2¹2.

222 1027 279 1058 IV.
308 1026 366 1063 10,
392 1025 448 1057 23.
482 1027 557 1058 Ern.
580 1036 668 1067 susp.
691 1035 785 1064 quam
805 1026 917 1055 ideam.

287 1104 508 1135 reminiscendo
522 1102 746 1145 recoynoscere]
773 1103 829 1133 Tr.
844 1112 882 1132 ex
895 1100 982 1132 Gud.

221 1147 389 1180 collatoris
425 1148 467 1178 (le
499 1148 536 1179 R.
556 1147 710 1185 silentio,
747 1146 768 1178 2
794 1147 895 1184 Oxx.‚
931 1145 984 1176 ed.

221 1195 317 1231 Ven.,
344 1194 468 1224 Erasm.
493 1192 597 1223 edidit
618 1202 692 1224 rem.
708 1200 897 1231 coynoscere,
922 1190 940 1221 i.
957 1202 985 1221 e.

220 1238 328 1277 idem,
366 1236 455 1280 quod
490 1238 517 1279 ᾗ.
543 1235 606 1268 58:
644 1243 714 1267 tum
746 1235 897 1277 agnoscit
929 1234 985 1266 illa

220 1282 471 1314 reminiscendo.
518 1282 603 1313 Nam
623 1290 855 1321 recoynoscere,
879 1279 985 1322 inquit

220 1328 276 1359 ille
303 1327 335 1358 in
361 1327 469 1358 Praef.
494 1338 526 1369 p.
544 1327 672 1363 XVII..
709 1337 839 1367 semper
863 1331 913 1355 est
936 1334 985 1356 re-

220 1383 359 1411 censere,
394 1378 430 1402 ut
464 1383 504 1402 ex
536 1371 582 1402 eis
610 1369 691 1402 locis
721 1370 870 1401 omnibus
894 1375 985 1400 recte

220 1416 395 1448 intellectis
431 1422 589 1458 apparet,
630 1424 709 1457 quos
744 1416 918 1446 Freundius
951 1413 983 1444 in

220 1462 284 1493 lex.
331 1460 464 1492 alterius
511 1458 758 1502 significationis
806 1457 984 1489 firmandae

223 1518 335 1538 caussa
372 1505 494 1536 attulit.
558 1504 654 1546 Apud
690 1503 834 1534 Cassium
873 1509 982 1533 tamen

223 1551 304 1593 (Cic.
331 1551 419 1581 Fam.
444 1551 522 1580 ΧΠ.
548 1548 599 1587 12,
622 1548 665 1589 l.)
694 1559 751 1590 pro
776 1550 890 1579 amore-3
918 1557 984 1578 re-

221 1597 350 1636 cognovi
368 1594 541 1636 legendum
560 1600 671 1625 censet
691 1603 828 1624 amorem
845 1593 984 1632 coynovz'.

223 1642 368 1679 Treglderi
400 1639 484 1670 ratio
517 1639 675 1680 probatur
697 1640 816 1669 Klotzio
841 1637 872 1667 in
897 1636 983 1667 Add.

222 1686 372 1727 p.Vlll.‚
399 1684 476 1714 mihi
500 1694 565 1714 non
588 1682 679 1714 item.
728 1683 812 1713 Nam
836 1681 913 1712 licet
929 1681 984 1711 Ci-

223 1740 298 1760 cero
322 1729 456 1759 verbum
481 1729 716 1768 recoynoscendi
746 1726 986 1768 s³g11ifi0;1ti0ne

220 1775 397 1805 recensendi
419 1773 490 1804 aliis
512 1772 593 1804 locis
617 1771 840 1814 usurpaveritq
876 1777 984 1802 tamen

222 1818 303 1849 nihil
326 1818 448 1856 obstat,
473 1817 644 1860 quominus
669 1816 702 1847 in
725 1817 786 1848 hac
807 1815 848 1847 de
871 1815 984 1847 Plato-

221 1863 294 1894 nica
326 1863 557 1894 recordatione
590 1861 742 1893 doctrina
775 1860 850 1892 huic
883 1860 984 1891 verbo

223 1919 292 1939 eam
316 1907 381 1938 vim
405 1907 574 1945 tribuerit,
601 1918 702 1949 quae,
728 1906 754 1937 si
775 1906 860 1936 illius
882 1905 984 1947 origi·—

226 1952 393 1984 nationem
421 1959 627 1995 spectamus,
666 1951 734 1982 eius
766 1949 899 1993 propria
925 1956 984 1981 est.

223 1998 297 2035 Quo
321 2004 431 2028 autem
462 1997 566 2028 rarior
588 2004 638 2027 est
669 1996 750 2027 haec
780 1996 872 2027 huius
895 1994 986 2026 verbi

221 2041 436 2083 significatio,
473 2053 512 2072 eo
538 2041 665 2072 facilius
688 2040 722 2071 id
750 2052 767 2071 a
790 2039 929 2071 librariis
953 2039 985 2069 in

222 2086 358 2116 verbum
381 2088 581 2125 cognoscendi
602 2084 721 2116 mutari
745 2084 865 2126 potuit'.
912 2085 986 2115 Nu-

221 2141 282 2172 per
312 2129 409 2160 exiam
439 2132 681 2169 Wessenberqius
710 2130 779 2160 Em.
804 2130 843 2159 ΙΙ.
879 2139 909 2170 p.
934 2125 986 2158 16.

224 2180 339 2206 contra
355 2175 411 2207 Tr.
426 2180 557 2205 exortus
572 2174 710 2216 primum
725 2179 848 2209 monet,
875 2184 892 2203 e
907 2174 987 2202 Ber—

222 2219 305 2261 geri,
334 2219 479 2257 Bentleii,
509 2218 647 2256 Davisii,
674 2217 830 2259 Krarupii
852 2216 893 2247 de
916 2216 987 2247 cod.

222 2265 262 2295 R.
286 2263 418 2295 silentio
440 2275 611 2306 apparere,
638 2263 669 2293 in
696 2274 735 2293 eo
758 2261 820 2303 legi
842 2271 987 2301 recogno-

222 2318 324 2348 δοῦν-6,·
370 2308 443 2339 (lein
483 2308 616 2339 verbum
650 2308 883 2346 recoqnoscendi
921 2317 985 2336 non

222 2364 352 2395 semper
382 2353 504 2384 habere
537 2353 602 2384 vim
632 2353 808 2384 recensendi
846 2351 986 2381 (lemon-

223 2404 325 2437 strat,
356 2398 415 2428 sed
438 2408 670 2440 nonnunquam
693 2396 790 2427 etiam
812 2405 987 2435 aynoscere,

225 2453 333 2483 comp.
355 2443 447 2473 Verr.
472 2444 495 2474 Ι.
521 2442 570 2479 12,
591 2442 644 2473 32.
672 2445 742 2472 Att.
766 2442 852 2479 VJH,
880 2439 928 2471 ll.
951 2441 987 2471 E.

227 2486 322 2517 Ovid.
345 2486 432 2517 Fast.
457 2488 513 2528 IV,
538 2485 616 2518 418.

291 2533 437 2570 notiones,
461 2541 539 2571 quas
554 2530 678 2569 ἐννοίας
693 2530 817 2573 vocam]
843 2531 894 2561 Sc.
911 2528 989 2572 phi-

225 2573 357 2616 losophi
381 2575 508 2606 Graeci.
542 2577 632 2606 Unus
649 2578 707 2607 Ox.
729 2579 818 2607 vocae
842 2574 989 2616 (sc.Pla-

225 2619 299 2659 to);
326 2618 401 2650 edd.
424 2620 460 2649 E.
484 2622 516 2649 S.
540 2624 650 2651 vocant
675 2622 794 2651 Graeci.
841 2621 990 2662 Utraque

225 2662 387 2705 scriptura
410 2670 524 2705 aperte
545 2663 734 2703 glossatoris
755 2675 884 2695 manum
905 2675 988 2706 pro-

226 2707 286 2739 dit.
333 2709 421 2739 Beier
444 2707 485 2738 ad
508 2708 604 2738 offic.
632 2710 685 2739 111.
712 2706 761 2747 19,
785 2706 839 2740 76.
867 2721 905 2739 ex
926 2709 991 2740 hoc

225 2752 303 2784 loco
329 2758 362 2783 et
386 2764 403 2783 e
424 2751 533 2783 Divin.
556 2754 579 2784 1.
604 2750 657 2789 57,
681 2750 755 2783 191.
777 2764 826 2783 ex.
850 2753 990 2795 intelligi

225 2808 324 2840 posse
359 2804 489 2835 censet,
527 2796 645 2827 Stoicis
681 2796 853 2837 probatam
889 2798 989 2828 fnisse

225 2841 373 2874 Platonis
397 2841 486 2872 iliam
508 2837 692 2882 ἀνάμνησιν
707 2865 714 2879 ,
753 2840 794 2870 (16
819 2853 881 2882 qua
907 2853 990 2872 con-

228 2886 317 2918 ferre
336 2886 428 2918 iubet
442 2888 626 2923 Stallbuum.
649 2884 797 2926 Prolegg.
820 2884 849 2915 in
866 2885 990 2916 Phili-b.

228 2942 264 2973 p.
279 2932 409 2962 XXVI.
430 2931 589 2969 LXXIH.
638 2928 737 2967 Quod
759 2929 836 2959 mihi
860 2929 990 2971 quidem

229 2986 296 3007 non
320 2985 398 3007 sane
420 2975 593 3018 probabile
614 2973 761 3013 videtur;
792 2984 865 3005 nam
888 2974 918 3005 in
943 2974 990 3005 his

549 845 570 878 4
596 846 649 877 Sic
669 852 758 877 recte
779 845 834 876 Kl.
851 845 935 876 Mos.
947 845 1002 876 Tr.
1020 857 1046 877 c.
1061 845 1097 876 R.
1120 844 1292 877 trib.Oxx.
1314 842 1411 874 Viud.
1430 842 1457 874 1.
1479 849 1512 873 et
1533 841 1680 874 nonnuli.
1704 841 1779 873 edd.

1606 886 1656 918 vel
1679 898 1717 918 ex
1743 897 1782 917 eo

1200 935 1220 965 5
1246 933 1300 964 Sic
1324 936 1377 964 Or.
1392 945 1419 964 c.
1435 933 1471 963 R.
1488 932 1573 964 Gud.
1595 931 1622 962 l.
1647 933 1689 962 ll.
1703 930 1783 962 ⁴2.b.

1679 978 1719 1007 V.
1740 976 1782 1007 ad

1020 1101 1213 1133 Tusculanis
1248 1100 1359 1132 multis
1389 1100 1472 1132 locis
1501 1100 1616 1132 Cicero
1650 1098 1784 1130 decreta

1021 1145 1189 1178 Platonica
1212 1145 1330 1177 Stoicis
1355 1145 1537 1177 admiscuit.
1580 1146 1688 1183 Quare
1712 1155 1784 1174 cum

1020 1202 1137 1233 magna
1159 1191 1309 1222 cautione
1328 1191 1449 1221 versari
1469 1190 1626 1220 debemus
1646 1189 1677 1219 in
1693 1189 1784 1219 Stoi-

1021 1247 1132 1268 corum
1166 1235 1337 1266 sententiis
1372 1247 1410 1266 ex
1442 1235 1490 1266 his
1515 1235 1604 1265 libris
1630 1233 1781 1264 libandis.

1021 1281 1154 1312 Scilicet
1176 1287 1209 1311 ct
1230 1281 1323 1311 Plato
1347 1286 1379 1311 et
1403 1279 1523 1317 Stoici,
1556 1278 1708 1310 notiones
1730 1279 1784 1309 in—

1019 1332 1112 1356 natas
1137 1336 1226 1364 esse,
1262 1337 1280 1356 a
1302 1324 1364 1355 deo
1388 1324 1550 1355 mentibus
1585 1324 1705 1354 nostris
1730 1323 1783 1354 in-

1020 1369 1104 1401 ditas
1129 1381 1218 1407 esse,
1243 1376 1447 1406 statuerunt3
1473 1369 1530 1399 sed
1554 1367 1645 1398 Plato
1668 1368 1722 1401 ita,
1750 1374 1785 1398 ut

1020 1426 1072 1446 eas
1096 1426 1113 1445 e
1137 1413 1246 1457 priore
1267 1413 1333 1444 vita
1357 1413 1389 1444 in
1413 1413 1498 1444 hanc
1523 1412 1622 1443 vitam
1647 1413 1686 1443 ab
1710 1412 1783 1454 ipso

1019 1459 1166 1490 nascenti
1192 1458 1324 1490 homine
1347 1458 1457 1489 all'erri
1482 1463 1640 1493 censeret,
1668 1456 1784 1494 Stoici,

1021 1516 1074 1535 eas
1095 1503 1172 1535 oriri
1195 1515 1234 1534 ex
1255 1502 1521 1545 perceptionibus
1543 1513 1650 1533 rerum
1672 1508 1783 1532 exter—

1020 1560 1132 1579 narum
1147 1573 1154 1586 ‚
1180 1560 1239 1590 per
1261 1547 1407 1590 corporis
1431 1558 1542 1578 sensus
1566 1546 1678 1578 factis:
1706 1557 1784 1589 quas

1019 1593 1185 1624 vocabant
1199 1591 1331 1630 ἐννοίας.
1367 1593 1406 1623 V.
1420 1593 1617 1631 Wyttenbach
1629 1591 1667 1622 ad
1685 1592 1784 1632 Legg.

1022 1639 1053 1675 I,
1078 1637 1132 1669 22.
1160 1650 1190 1679 p.
1213 1636 1285 1669 1-13.
1311 1637 1362 1668 Cr.
1412 1637 1486 1667 Hoc
1513 1636 1613 1677 igitur
1635 1636 1710 1667 loco
1733 1636 1783 1666 vi-

1021 1682 1117 1713 detur
1132 1683 1247 1713 Cicero
1266 1682 1410 1713 Platonis
1431 1681 1473 1712 de
1493 1680 1575 1711 ideis
1600 1680 1785 1712 doctrinam

1022 1738 1092 1758 cum
1132 1727 1317 1757 Stoicorum
1360 1726 1401 1757 de
1438 1725 1628 1757 notionibus
1666 1725 1785 1756 innatis

1021 1771 1265 1814 quodammodo
1294 1770 1510 1803 consociasse.
1559 1772 1718 1810 Madviyio
1743 1770 1784 1801 ad

1021 1817 1093 1847 Fin.
1115 1817 1153 1846 V.
1176 1815 1238 1853 21,
1264 1814 1316 1846 59.
1349 1827 1379 1857 p.
1404 1813 1480 1847 720.
1517 1814 1630 1845 Cicero
1665 1815 1783 1846 Antio-

1022 1861 1115 1892 chum
1139 1867 1268 1891 secutus
1292 1860 1438 1895 videtur,
1470 1859 1651 1890 Antiochus
1675 1866 1782 1890 autem

1021 1905 1210 1937 Platonicae
1232 1905 1402 1936 doctrinae
1423 1903 1464 1935 de
1483 1903 1563 1934 ideis
1585 1911 1618 1934 et
1635 1901 1784 1947 ἀναμνή-

1022 1962 1073 1983 σει
1096 1950 1271 1992 particulas
1295 1961 1366 1981 cum
1391 1949 1502 1980 Stoica
1524 1948 1675 1980 doctrina
1700 1960 1782 1980 con·-

1019 1996 1171 2026 iunxisse..

1089 2041 1117 2082 ςῖ.
1134 2038 1187 2071 58.
1233 2041 1394 2079 Quumque
1415 2041 1491 2071 nihil
1513 2037 1601 2081 esset]
1628 2039 1785 2069 Ernestius

1023 2097 1050 2119 c.
1072 2087 1200 2116 Davisio
1232 2095 1250 2115 e
1280 2083 1470 2126 parenthesi
1492 2083 1665 2125 supplent:
1703 2083 1786 2122 quod

1021 2132 1150 2160 orirelur
1175 2132 1201 2159 et
1227 2131 1381 2165 interirem
1417 2128 1476 2159 sed
1508 2129 1626 2158 rectius
1651 2129 1786 2159 Olivetus

1022 2173 1121 2204 verba
1144 2183 1297 2212 quumque
1321 2175 1397 2204 nihil
1420 2176 1493 2203 esset
1518 2183 1576 2213 per
1600 2183 1635 2202 se
1659 2171 1786 2203 intelli-

1021 2217 1127 2260 genda
1151 2223 1261 2247 censet
1284 2217 1482 2258 verbumque
1510 2219 1583 2246 esset
1618 2227 1684 2247 non
1710 2215 1784 2246 vul-

1022 2262 1112 2303 gari,
1151 2261 1209 2291 sed
1241 2260 1385 2291 Platonis
1418 2260 1581 2291 sententia
1617 2259 1785 2302 accipien—

1022 2307 1117 2340 (lum;
1153 2305 1178 2336 is
1201 2305 1287 2336 enim
1310 2305 1389 2335 nihil
1412 2315 1473 2337 esse
1498 2304 1530 2346 (i.
1548 2316 1575 2335 e.
1601 2315 1678 2335 vere
1701 2304 1783 2343 esse)

1023 2351 1184 2385 docebat,
1220 2350 1280 2380 nisi
1305 2350 1406 2382 ideas.
1454 2349 1687 2391 Imperfectum
1713 2352 1787 2380 esset

1023 2396 1070 2427 sic
1094 2394 1247 2437 explicari
1270 2401 1398 2437 potest:
1434 2394 1588 2437 quamdiu
1608 2394 1732 2424 animus
1752 2393 1785 2424 in

1026 2451 1166 2482 corpore
1198 2446 1288 2477 erat,
1323 2439 1404 2470 nihil
1436 2438 1660 2482 percipiebat,
1697 2437 1787 2480 quod

1024 2496 1101 2516 vere
1126 2491 1220 2517 esset.
1268 2487 1387 2516 Keilius
1416 2484 1438 2515 l.
1463 2483 1495 2514 d.
1520 2495 1552 2526 p.
1574 2484 1665 2514 le.
1700 2483 1788 2514 hunc

1024 2530 1132 2562 locum
1155 2529 1202 2561 sic
1223 2529 1343 2560 vertit:
1380 2528 1458 2559 Und
1482 2528 1523 2559 (la
1548 2527 1685 2565 Nichts,
1723 2538 1786 2558 was

1025 2575 1078 2606 die
1101 2574 1194 2607 Seele
1221 2573 1265 2604 im
1289 2573 1401 2604 Leben
1426 2572 1588 2609 vorsand,
1623 2572 1788 2603 wahrhaft

1024 2630 1111 2651 avar:
1135 2639 1175 2643 —
1199 2629 1234 2649 so
1254 2618 1377 2649 konnte
1391 2617 1438 2648 sie
1451 2617 1520 2655 das,
1546 2628 1609 2647 was
1623 2616 1669 2647 sie
1682 2616 1783 2654 weiss,

1025 2664 1117 2695 nicht
1147 2662 1301 2695 xviihrend
1332 2662 1421 2692 ihrer
1443 2660 1787 2702 Eingeschlossenheit

1025 2709 1069 2740 im
1099 2709 1233 2749 Ko'rper
1266 2707 1441 2738 erkenuen.
1488 2705 1663 2736 Verissime
1698 2703 1785 2735 idem

1027 2753 1218 2784 Ciceronem
1257 2750 1400 2782 Platonis
1445 2749 1553 2780 locum
1604 2748 1786 2789 (Phaedon.

1027 2810 1053 2828 c.
1078 2796 1117 2828 19
1131 2809 1201 2839 sqq.
1229 2795 1279 2827 ed.
1304 2794 1433 2835 stallb.)
1460 2794 1530 2824 sine
1555 2793 1654 2824 dubio
1674 2794 1786 2836 expri—

1025 2854 1113 2873 mere
1135 2840 1274 2872 voluisse
1297 2839 1430 2877 iudicat,
1455 2838 1513 2869 sed
1538 2849 1605 2869 non
1630 2838 1709 2869 satis
1734 2839 1786 2869 lu*

1028 2886 1174 2917 cnlenter
1210 2884 1414 2926 expressisse.
1480 2882 1650 2914 Platonica
1686 2894 1787 2925 argu-

1027 2931 1187 2961 mentatio
1216 2935 1266 2959 est
1295 2928 1364 2959 sere
1394 2928 1490 2958 haec:
1531 2927 1566 2958 ld
1593 2928 1697 2959 solum
1723 2927 1785 2958 dici

1028 2981 1138 3016 potest
1156 2984 1219 3006 esse
1244 2976 1325 3015 (vere
1345 2982 1418 3012 esse,
1444 2968 1547 3010 ὅντως
1570 2970 1677 3013 simil,
1699 2972 1786 3014 quod
