1863 3221
269 121 354 164 494

266 213 451 252 Philippus,
485 221 540 242 rex
560 206 802 244 Macedonum,
826 210 921 248 pater
944 204 1026 236 Ale-

313 256 426 288 xandri
451 256 496 286 M.
532 254 571 290 5,
596 250 650 284 42.

265 303 376 341 Philo,
401 299 597 335 Larissaeus,
623 294 817 327 Clitomachi
838 293 1026 326 Academici

313 344 509 387 discipulus,
556 340 783 372 Academicam
820 339 1026 382 disciplinam

312 390 443 422 Stoicae
476 387 610 430 propius
642 384 790 416 admovit
824 384 1024 427 propiusque

313 435 355 467 ad
377 434 548 465 Platonem
576 430 682 463 rediit.
733 429 822 460 Bello
845 429 1023 460 Mithrida-

312 480 381 511 tico
396 479 531 508 Romam
551 487 620 507 sese
643 475 782 507 contulit
797 476 862 516 (δὸ.
876 486 904 506 a.
919 474 1022 515 Chr.)‚

311 523 366 555 ubi
393 523 506 554 Cicero
529 532 663 564 operam
685 520 713 551 ei
736 519 838 551 dedit.
862 538 904 543 —
928 519 1023 550 Plura

312 569 353 599 (le
373 567 440 598 eius
462 565 720 610 philosophandi
747 565 874 596 ratione
903 571 1024 596 contu—

309 613 405 645 limus
427 612 460 643 in
492 611 574 643 libro
606 611 696 643 dicto
719 610 760 641 de
786 613 881 642 Cicer.
903 611 933 642 in
954 611 1025 649 phi-

311 661 365 690 los.
384 659 482 689 merit.
506 668 539 699 p.
559 657 620 689 155
631 667 679 699 sq.
705 675 750 679 -
773 656 804 694 2,
830 655 861 688 9.
881 655 943 687 ¹26:
971 653 1024 685 ubi

310 716 342 734 v.
367 702 452 734 Adn.
501 704 542 740 5,
572 702 641 734 107.

263 750 466 786 Philoctetes,
495 745 647 778 Poeantis
672 745 777 786 filius,
803 756 910 776 comes
935 745 1023 775 Her-

313 793 402 826 culis.
450 791 589 834 Accepit
623 791 662 822 ab
687 790 828 821 Hercule
863 789 1023 822 morituro

311 839 498 881 pharetram
521 843 552 868 et
573 836 708 878 sagittas
732 835 837 878 Hydri
866 834 1024 876 sanguine

309 883 462 915 infectas.
500 882 577 913 Sine
600 881 648 912 his
673 881 800 922 sagittis
824 891 920 922 quum
934 881 1023 911 Tro-

309 929 374 960 iam
397 926 683 969 inexpugnabilem
707 927 781 956 fore
808 925 841 955 in
866 925 942 955 fatis
967 935 1022 955 es-

309 980 371 1008 set,
392 972 550 1003 deductus
572 976 620 1002 est
643 970 684 1002 ad
696 969 874 1002 Troianum
890 969 1022 1007 bellum,

310 1018 385 1061 quia
399 1023 530 1059 praeter
554 1027 625 1046 eum
648 1015 686 1046 iis
710 1026 806 1045 nemo
828 1014 874 1045 uti.
898 1020 1021 1056 posset.

310 1064 347 1094 Jn
371 1062 488 1093 itinere
509 1060 571 1092 sibi
594 1059 786 1091 vulnerabat
805 1059 934 1101 pedem,
961 1070 1020 1090 cu·-

308 1107 358 1138 ius
378 1106 521 1138 vulneris
541 1106 671 1137 foetore
691 1104 808 1135 Graeci
827 1116 899 1135 eum
917 1104 950 1134 in
967 1103 1021 1134 in-

309 1152 379 1184 sula
412 1153 539 1183 Lemno
573 1150 757 1193 relinquere
791 1149 897 1180 coacti
936 1155 1020 1182 sunt.

309 1199 389 1230 Post
403 1196 529 1228 Achille
548 1195 656 1227 occiso
682 1194 792 1225 Ulixes
816 1194 847 1225 in
862 1195 1023 1225 Lemnum

309 1253 474 1285 regressus
505 1253 577 1272 eum
601 1240 643 1271 ad
663 1239 797 1272 Troiam
819 1239 921 1270 duxit.
970 1239 1022 1270 Cf.

309 1287 484 1331 Sophoclis
508 1286 737 1318 Philoctetam.
763 1303 805 1308 —
841 1286 873 1324 2,
896 1283 947 1317 19.
969 1284 1022 1317 33.

308 1331 362 1365 44.
388 1333 442 1365 55.

263 1380 435 1417 Phliasius,
459 1376 538 1408 urbe
562 1376 716 1408 Phliunte
741 1374 907 1407 oriundus.
936 1375 967 1414 5,
991 1373 1023 1406 8.

265 1469 385 1507 Phlius,
412 1467 485 1497 urbs
507 1465 648 1497 Achaiae
667 1465 699 1495 in
722 1464 953 1507 Peloponneso
971 1463 1023 1494 in-

310 1519 362 1543 ter
373 1510 561 1554 Sicyonium
585 1517 617 1541 et
638 1509 794 1552 Argivum
815 1520 928 1551 agrum
953 1508 1024 1539 sita.

309 1558 349 1596 5,
374 1559 405 1590 ὅ.

263 1616 358 1653 Piso,
401 1615 438 1644 L.
473 1614 643 1652 Culpam,
685 1609 785 1652 Frugi
819 1609 1024 1652 cognomine,

309 1665 420 1690 orator
456 1657 559 1689 clarus
593 1656 656 1687 fuit
691 1662 723 1686 et
748 1655 895 1686 tribunus
920 1658 959 1685 A.
984 1655 1022 1686 V.

312 1704 346 1735 C.
372 1700 447 1736 604.
475 1703 562 1745 (150.
586 1713 615 1732 a.
638 1701 727 1741 Chr.)
754 1700 859 1742 legem
882 1699 957 1730 tulit
981 1699 1023 1729 de

310 1747 457 1792 pecuniis
493 1745 703 1788 repetundis,
741 1757 822 1787 quae
849 1743 1023 1786 Calpurnia

310 1800 361 1824 est
384 1798 512 1823 vocata.
562 1795 656 1822 Anno
680 1790 756 1822 6¹20.
780 1791 821 1821 U.
846 1802 871 1822 c.
899 1786 970 1823 134.
993 1800 1021 1820 a.

312 1838 386 1869 Chr.
406 1836 519 1868 consul
542 1843 574 1867 et
592 1835 668 1868 633.
684 1836 724 1866 U.
742 1847 766 1867 c.
782 1836 869 1878 (121.
886 1847 914 1867 a.
930 1834 1019 1876 Chr.)

312 1894 428 1915 censor
460 1881 532 1913 fuit.
591 1880 746 1923 Idemque
776 1880 907 1912 annales
938 1891 1021 1911 con—

311 1927 453 1970 scripsit.
479 1927 521 1965 ὃ,
549 1925 607 1959 16:
633 1926 687 1957 ubi
713 1926 756 1957 cf.
782 1925 865 1957 Adn.
900 1925 940 1964 3,
966 1923 1019 1958 48.

265 1988 376 2024 Ρῑαίο,
400 1981 560 2015 Aristonis
585 1981 681 2019 filius,
706 1983 849 2013 Socratis
875 1981 1022 2024 discipu-

308 2031 370 2070 lus,
396 2028 531 2060 Athenis
557 2027 705 2059 condidit
730 2027 937 2058 Academiam
961 2039 1022 2058 ve-

309 2083 414 2106 terem
439 2076 479 2115 (ο.
506 2084 533 2103 a.
556 2070 631 2103 400.
654 2084 681 2102 a.
700 2071 800 2112 Chr.).
844 2073 870 2110 1,
895 2073 948 2103 20.
967 2072 1021 2103 22.

309 2119 365 2152 39.
383 2118 436 2160 (de
452 2116 596 2148 Platonis
608 2116 778 2147 itineribus
798 2128 827 2147 v.
839 2115 952 2157 Adn.).
967 2114 1020 2148 49.

309 2161 365 2196 54.
389 2164 440 2195 55.
464 2162 516 2194 57.
538 2162 590 2193 63.
615 2161 667 2194 70.
688 2159 739 2192 54.
763 2160 817 2193 97.
854 2163 873 2191 2
887 2186 894 2197 ,
916 2161 947 2193 8.
967 2160 1019 2193 27.

313 2207 501 2252 (proscribit
524 2209 638 2248 poetas
661 2217 678 2236 e
701 2204 833 2236 civitate
853 2207 941 2244 sua):
967 2204 1021 2235 ubi

311 2252 438 2285 v.Adn.
470 2251 501 2289 3,
525 2250 578 2283 56.
600 2249 653 2283 45.
684 2248 716 2289 4,
742 2251 791 2282 10.
814 2247 867 2282 44.
887 2251 940 2283 55.
964 2249 1017 2282 71.

310 2299 351 2336 5,
385 2299 416 2330 ὅ.
454 2296 504 2328 11.
529 2296 583 2328 30.
610 2294 663 2327 34.
687 2294 740 2327 36.
763 2293 816 2327 64.
848 2295 918 2326 100.
946 2293 1019 2326 109.

312 2341 386 2375 119.
443 2342 491 2372 De
526 2340 670 2372 Platonis
707 2339 794 2382 apud
831 2339 1020 2370 Ciceronem

311 2387 508 2419 auctoritate
538 2397 568 2416 ν.
593 2385 635 2416 ad
661 2386 681 2416 Ι.
705 2386 754 2423 17,
779 2382 851 2421 40.;
889 2384 929 2415 de
953 2383 1020 2415 eius

311 2432 409 2464 animi
443 2430 602 2462 divisione
633 2430 676 2461 ad
710 2431 733 2461 I.
760 2430 818 2467 10,
840 2430 894 2461 20.
922 2436 954 2460 et
978 2430 1018 2460 ΙΙ.

311 2478 373 2515 21,
399 2475 453 2510 47.
500 2475 644 2507 Platonis
669 2485 766 2506 amor.
813 2472 854 2513 4,
879 2475 940 2508 71:
967 2473 1021 2505 ubi

311 2533 343 2551 v.
369 2522 452 2553 Adn.

266 2578 411 2615 Plautus,
436 2578 599 2615 Sarsinae,
624 2576 781 2607 Umbriae
801 2575 889 2613 urbe,
916 2580 1019 2611 natuS,

312 2621 476 2652 Romanus
500 2625 595 2662 pot-‘ta
617 2621 767 2655 comicus,
795 2621 916 2651 Romae
940 2619 1022 2651 vixit

316 2668 394 2708 (nat.
420 2665 494 2697 227.
520 2678 548 2696 a.
570 2667 643 2697 Chr.
670 2665 694 2705 ’1-
722 2664 821 2706 1ῠ4.).
849 2667 875 2704 1,
899 2664 931 2697 3.

267 2723 404 2761 Ροῐέηῑο,
430 2719 635 2751 Atheniensis
659 2723 698 2763 (ο,
723 2733 750 2752 a.
774 2719 846 2753 360.
869 2732 898 2752 a.
919 2720 1018 2761 Chr.),

313 2766 367 2809 qui
389 2777 485 2808 quum
513 2764 545 2795 in
569 2764 738 2796 iuventute
759 2766 909 2807 petulans
934 2772 1020 2796 esset

313 2818 346 2843 et
362 2809 536 2852 aliquando
552 2809 659 2840 ebrius
675 2817 707 2840 et
727 2818 900 2842 coronatus
918 2810 1019 2841 scho—

312 2856 377 2888 lam
400 2854 599 2886 Xenocratis
623 2854 784 2896 ingressus
809 2862 914 2895 esset,
951 2855 1018 2885 eius

313 2900 474 2939 oratione,
499 2911 580 2942 quae
600 2905 679 2930 tunc
700 2898 740 2929 de
763 2899 920 2940 pudicitia
937 2906 1018 2938 erat,

312 2953 437 2983 motus,
472 2945 555 2976 adeo
588 2955 694 2975 mores
726 2943 909 2974 immutavit
941 2951 1018 2975 tan-

314 2997 447 3033 tumque
479 2990 512 3021 in
546 2988 754 3032 philosophia
788 2988 950 3030 profecit,
985 2996 1019 3020 ut

825 125 969 158 INDEX
991 124 1265 158 HISTORICUS.

1105 203 1290 235 Xenocrati
1309 202 1343 235 in
1355 204 1532 238 Academia
1545 204 1748 238 succederet.
1782 206 1815 245 5,

1105 249 1159 282 30.
1181 247 1237 281 39.
1262 248 1316 282 87.
1344 247 1416 281 109.

1058 295 1233 333 PolyclEtus
1250 295 1317 337 (aut
1330 293 1529 334 Polyclitus),
1545 294 1688 337 Sicyone
1704 295 1737 326 in
1751 295 1812 327 Pe-

1104 338 1289 381 loponneso
1310 345 1423 377 natus,
1458 338 1576 370 nobilis
1602 339 1665 370 fuit
1684 347 1813 372 statua-

1103 383 1168 415 rius
1183 395 1243 415 nec
1262 382 1431 425 imperitus
1452 383 1531 415 artis
1545 384 1731 416 delineandi
1743 385 1814 427 pin-

1103 428 1266 472 gendique
1292 432 1333 471 (c.
1353 440 1383 460 a.
1407 426 1482 461 430.
1507 440 1536 459 a.
1563 429 1664 470 Chr.).
1706 431 1721 461 1
1736 454 1744 469 ‚
1770 428 1810 462 4:

1104 473 1157 504 ubi
1182 485 1212 504 v.
1236 473 1320 505 Adn.

1058 521 1275 558 Polyphemus,
1297 517 1445 561 Neptuni
1465 524 1498 549 et
1514 518 1678 561 nymphae
1695 518 1816 551 Thoo-

1102 575 1158 595 sae
1181 563 1288 602 filius,
1327 563 1470 606 Cyclops
1505 563 1539 594 in
1564 563 1669 595 insula
1693 563 1814 595 Sicilia.

1104 611 1141 647 5,
1169 609 1241 641 115.

1058 657 1235 695 Pompeius,
1266 655 1331 691 Cn„
1358 652 1555 695 cognomine
1581 653 1739 695 Magnus,
1764 651 1814 684 vir

1103 699 1213 730 multis
1232 698 1327 730 rebus
1348 698 1446 740 gestis
1465 697 1577 729 clarus.
1618 699 1741 740 Dignus
1764 704 1815 729 est

1104 744 1193 776 locus
1220 743 1313 775 Plinii
1340 744 1394 785 (Η.
1411 743 1449 773 N.
1470 743 1500 779 7,
1526 742 1615 784 26),
1641 742 1695 785 qui
1720 742 1813 785 lega-

1104 796 1166 826 tur,
1193 789 1226 820 in
1243 800 1307 831 quo
1332 799 1444 819 omnes
1466 788 1533 819 eius
1555 799 1606 819 res
1629 794 1741 830 gestae
1757 799 1813 819 τεο

1105 840 1288 866 censentur.
1334 834 1370 864 In
1405 832 1493 864 bello
1518 833 1604 864 civili
1632 845 1651 864 a
1677 833 1813 864 Caesare

1102 891 1212 922 pugna
1237 878 1418 910 Pharsalica
1452 884 1644 920 superatus,
1685 877 1813 920 fugiens

1102 925 1134 955 in
1161 929 1346 966 Aegyptum
1382 923 1466 965 regis
1500 922 1636 965 perfidia
1670 922 1813 954 interfe—

1103 976 1172 1000 ctus
1197 976 1246 999 est
1272 967 1338 1010 (49.
1362 980 1391 1000 a.
1415 968 1515 1005 Chr.).
1564 969 1600 1006 l,
1630 967 1678 999 1¹2.
1700 967 1754 1000 86.
1781 969 1813 1010 (e

1099 1013 1216 1044 morbo
1242 1012 1442 1054 convaluit):
1469 1012 1522 1043 ubi
1546 1024 1575 1043 v.
1602 1011 1685 1043 Adn.
1710 1012 1741 1050 ¹2,
1758 1011 1814 1044 61.

1054 1105 1170 1135 Pontus
1193 1104 1364 1141 Euxinus,
1397 1113 1488 1133 mare
1511 1101 1601 1144 quod
1624 1101 1724 1133 hodie
1747 1113 1811 1145 ap-

1100 1148 1243 1191 pellatur
1266 1147 1414 1188 Nigrum.
1465 1147 1500 1183 l,
1526 1146 1578 1179 45.
1604 1146 1658 1178 94.

1056 1195 1261 1232 Posidonius,
1296 1203 1335 1223 ex
1370 1195 1533 1234 Apamea,
1571 1191 1684 1234 Syriae
1721 1191 1810 1231 urbe,

1103 1237 1276 1275 oriundus,
1306 1236 1452 1268 Panaetii
1476 1236 1674 1278 discipulus,
1700 1236 1813 1279 philo-

1104 1283 1226 1326 sophus
1248 1282 1396 1324 Stoicus‚
1425 1281 1588 1313 Ciceronis
1613 1281 1742 1314 doctor.
1778 1281 1811 1321 2,

1105 1329 1157 1362 61.
1192 1329 1230 1367 5,
1258 1327 1328 1360 107.

1059 1377 1226 1413 Priamus,
1251 1372 1383 1403 ultimus
1405 1371 1526 1404 Troiae
1550 1383 1618 1410 rex,
1643 1384 1662 1403 a
1683 1371 1809 1415 Pyrrho

1102 1431 1127 1450 s.
1147 1417 1380 1460 Neoptolemo,
1407 1417 1541 1448 Achillis
1563 1417 1640 1455 filio,
1666 1417 1707 1448 ad
1724 1429 1813 1448 aram

1103 1469 1248 1494 necatus.
1297 1463 1333 1497 1,
1359 1463 1412 1494 ὅς’).
1448 1466 1611 1503 (numerus
1635 1461 1813 1493 liberorum

1104 1507 1256 1547 Priami):
1283 1506 1337 1537 ubi
1361 1518 1392 1538 v.
1417 1505 1500 1537 Adn.
1524 1525 1567 1530 —-
1593 1506 1632 1545 1,
1657 1506 1711 1539 93.
1739 1505 1811 1539 106.

1103 1554 1143 1590 3,
1169 1551 1222 1585 44.

1057 1599 1273 1636 Prometheus,
1309 1595 1391 1627 filius
1424 1595 1529 1638 Iape‘ti
1561 1602 1594 1626 et
1626 1595 1811 1638 Clymenae,

1104 1643 1188 1673 filiae
1209 1640 1350 1678 Oceani,
1380 1647 1472 1683 pater
1496 1640 1712 1679 Deucalionis,
1738 1640 1812 1683 quia

1103 1699 1120 1719 e
1146 1686 1235 1718 caelo
1268 1685 1377 1728 ignem
1406 1685 1568 1717 detulerat
1598 1685 1812 1728 hominesque

1104 1744 1121 1764 e
1141 1732 1217 1763 limo
1237 1730 1383 1768 finxerat,
1411 1730 1495 1762 Iovis
1517 1730 1603 1762 iussu
1625 1742 1642 1761 a
1662 1730 1808 1762 Vulcano

1102 1777 1217 1810 affixus
1242 1783 1290 1807 est
1312 1777 1465 1807 Caucaso.
1497 1775 1570 1808 Vid.
1596 1778 1755 1808 Caucasus
1778 1782 1811 1806 et

1101 1825 1262 1855 Lemnium
1282 1823 1407 1861 furium.
1433 1820 1464 1858 2,
1483 1821 1543 1852 ⁴23:
1570 1820 1622 1851 ubi
1643 1833 1673 1852 v.
1688 1820 1810 1852 Adnot.

1101 1868 1132 1905 3,
1150 1867 1202 1901 76.
1229 1865 1420 1908 Astrologus
1444 1865 1542 1897 fuisse
1565 1865 1693 1896 dicitur.
1728 1866 1758 1903 5,
1775 1867 1807 1898 ὅ.

1105 1913 1156 1945 Cf.
1180 1911 1300 1954 Hygin.
1322 1911 1387 1942 fab.
1412 1909 1465 1943 54.
1495 1908 1566 1942 144.
1592 1910 1687 1942 eund.
1710 1909 1807 1942 Poet.

1101 1961 1289 1989 Astronom.
1309 1957 1386 1988 XV.
1407 1966 1438 1997 p.
1454 1954 1518 1987 455
1530 1966 1577 1998 sq.
1603 1957 1692 1987 Serv.
1713 1954 1754 1986 ad
1768 1955 1809 1986 V.

1102 2003 1172 2034 Ecl.
1197 2001 1236 2040 6,
1260 1999 1313 2033 42.
1362 2000 1513 2043 Aeschyl.
1539 2001 1590 2032 Pr.
1615 1998 1681 2032 449
1693 2008 1758 2042 sq.·

1055 2050 1257 2080 Ptolemaeus.
1302 2047 1333 2087 a)
1360 2046 1499 2077 fortasse
1522 2046 1602 2085 Lagi
1634 2046 1672 2086 (S.
1697 2044 1808 2086 Soter),

1101 2105 1160 2124 rex
1183 2091 1322 2134 Aegypti
1347 2091 1425 2133 (323
1440 2089 1564 2122 -284,
1586 2102 1614 2121 a.
1640 2089 1743 2131 Chr).
1774 2091 1807 2130 5,

1100 2137 1153 2171 97.
1177 2156 1221 2161 —
1263 2137 1296 2175 b)
1321 2137 1562 2175 Philadelphus,
1586 2146 1642 2166 rex
1667 2134 1810 2177 Aegypti

1103 2180 1182 2224 (254
1195 2180 1324 2213 -246,
1345 2193 1373 2212 a.
1393 2181 1494 2216 Chai,
1520 2180 1569 2210 vir
1591 2179 1807 2217 doctissimus,

1101 2226 1154 2268 qui
1179 2225 1411 2256 bibliothecam
1444 2224 1533 2255 illam
1558 2223 1808 2255 Alexandrinam

1099 2270 1251 2301 instituit.
1305 2271 1340 2309 1,
1365 2270 1418 2302 δ’ὁ.

1055 2318 1207 2348 Punicum
1232 2317 1353 2354 bellum.
1400 2314 1440 2354 3,
1465 2312 1519 2345 51.

1054 2363 1240 2400 Puteolani,
1284 2359 1411 2391 incolae
1447 2358 1678 2399 Puteolorum,
1710 2357 1808 2390 >urbis

1100 2405 1282 2436 maritimae
1307 2405 1338 2435 in
1367 2403 1552 2445 Campania.
1602 2405 1638 2442 1,
1662 2402 1717 2437 86,

1056 2453 1186 2490 Pyrrho,
1211 2462 1249 2481 ex
1274 2449 1368 2481 Elide
1391 2448 1544 2480 oriundus
1570 2449 1611 2491 (c.
1634 2460 1663 2479 a.
1685 2446 1760 2480 340.
1776 2460 1806 2479 a.

1105 2496 1214 2535 Cim),
1250 2495 1375 2537 pictor,
1413 2505 1484 2525 cum
1512 2493 1704 2524 Anaxarcho
1725 2492 1804 2524 Ale-

1101 2540 1217 2572 xandri
1241 2540 1273 2571 in
1297 2539 1390 2571 bellis
1414 2550 1539 2576 comes,
1577 2545 1690 2580 postea
1713 2536 1805 2568 Elide

1102 2585 1276 2622 sacerdos,
1322 2584 1470 2620 dicebat,
1513 2583 1666 2615 virtutem
1701 2581 1805 2613 solam

1102 2642 1172 2661 esse
1209 2630 1350 2667 bonum,
1388 2635 1495 2660 cetera
1524 2627 1653 2664 omnia,
1700 2626 1804 2668 ipsam

1100 2675 1287 2713 scientiam,
1325 2674 1411 2705 nulla
1432 2685 1511 2704 esse.

1100 2732 1150 2751 res
1168 2720 1274 2752 vocati
1294 2725 1369 2750 sunt
1387 2717 1553 2761 opor-etici,
1571 2716 1709 2755 zetetici,
1730 2728 1804 2747 sce—

1100 2765 1190 2807 ptici,
1214 2766 1246 2803 ¹2,
1267 2766 1315 2796 15.
1340 2765 1370 2802 ξ),
1387 2765 1451 2796 δὸς
1477 2761 1530 2792 nbi
1554 2773 1584 2792 v,
1610 2761 1693 2792 Adn.
1734 2761 1802 2793 Cfr.

1098 2813 1207 2842 Aristo.

1053 2857 1202 2895 Pyrrhus,
1225 2853 1315 2896 Epiri
1331 2864 1397 2889 rex,
1417 2863 1488 2882 cum
1504 2851 1655 2882 Romanis
1673 2850 1803 2894 (⁴280—

1098 2900 1174 2933 275.
1189 2912 1217 2930 a.
1232 2899 1320 2938 Chr.)
1341 2897 1461 2928 bellum
1480 2897 1590 2938 gessit.
1628 2898 1655 2934 1,
1674 2895 1726 2928 59.
1748 2894 1801 2928 89.

1053 2946 1268 2984 Pythaqoras,
1293 2941 1427 2979 Samius,
1453 2941 1678 2983 philosophus,
1702 2939 1803 2971 disci—

1098 2989 1191 3031 pulus
1204 2985 1400 3028 Pherecydis
1419 2988 1458 3028 (c.
1473 2984 1546 3018 540.
1559 2997 1585 3019 a,
1604 2985 1705 3025 Chr.).
1730 2984 1802 3016 Pri-

1559 2672 1632 2702 Eius
1656 2677 1806 2703 sectato—
1861 2711 1863 2714 .
