1863 3221
217 128 272 172 44

829 136 996 168 LIBER
1020 137 1046 168 1.
1075 136 1112 174 1,
1139 135 1169 168 3.

219 232 317 272 quae
346 224 504 268 natura,
539 229 615 256 uon
647 214 787 255 litteris
809 214 978 255 assecuti
1002 222 1117 266 sunt,
1153 229 1277 269 neque
1310 230 1394 258 cum
1424 217 1614 269 Graecia,
1649 229 1772 273 neque

218 292 292 332 ulla
322 305 408 332 cum
435 296 550 344 gente
581 295 671 329 sunt
700 288 950 328 conferenda.

1014 287 1125 341 Quae
1158 288 1258 328 enim
1296 297 1403 331 tanta
1435 293 1629 345 gravitas,
1677 307 1773 346 quae

218 371 323 405 tanta
346 363 581 412 constantia,
614 361 838 416 magnitudo
859 362 1001 413 animi,
1035 362 1231 416 probitas,
1267 363 1386 415 fides,
1420 379 1517 418 quac
1544 372 1617 405 tam
1643 367 1773 406 excel-

217 438 300 477 lens
325 438 360 477 in
395 437 497 477 omni
522 449 666 489 genere
690 435 815 476 virtus
835 435 874 475 in
898 435 984 476 ullis
1011 435 1105 486 fuit,

1148 443 1188 475 ut
1213 436 1263 476 sit
1287 450 1372 476 cum
1394 438 1604 478 maioribus
1629 439 1774 479 nostris

215 510 499 564 comparanda?
541 515 582 549 5.
616 507 807 549 Doctrina
829 507 997 549 Graecia
1023 523 1093 549 nos
1115 516 1154 549 et
1177 509 1280 549 omni
1305 509 1520 551 litterarum
1541 526 1687 564 genere
1710 526 1774 552 su-

214 584 396 637 perabat:

441 583 479 623 in
512 597 586 637 quo
620 589 703 624 erat
735 582 847 622 facile
878 582 1038 623 vincere
1073 597 1149 622 non
1180 590 1458 637 repugnantes.

1527 583 1629 624 Nam
1658 599 1773 638 quum

212 657 310 711 apud
337 655 513 697 Graecos
543 656 852 710 antiquissimum
883 670 903 696 e
932 656 1055 696 doctis
1087 670 1209 710 genus
1242 656 1293 696 sit
1317 662 1542 712 poctarum,
1585 657 1772 712 siquidem

212 729 408 771 Homerus
448 730 518 771 fuit
554 738 592 771 et
622 729 820 771 Hesiodus
845 736 935 770 ante
962 729 1128 770 Romam
1165 729 1381 781 conditam,
1427 730 1686 772 Archilochus
1710 745 1774 772 re-

210 875 310 908 servit
332 875 374 908 ad
396 888 475 916 rem,
502 876 634 919 dignam
650 875 787 917 scilicet,
811 875 853 908 ad
875 887 971 920 quam

210 921 353 953 animum
376 922 596 954 advertamus.

277 968 334 998 itta
355 986 398 991 --
421 978 516 1008 neque
536 978 606 999 cum
627 969 769 1007 Graecia,
792 977 887 1007 neque
906 969 972 999 ulla

209 1021 280 1043 cum
305 1016 392 1052 gente
423 1016 493 1044 sunt
524 1014 723 1054 conserenda]
762 1012 971 1055 Comparatio

209 1067 293 1098 quae
317 1056 437 1088 dicitur
460 1057 725 1099 compendiaria,
750 1068 812 1099 qua
836 1069 874 1099 p1
877 1057 970 1088 aedi—

209 1107 318 1132 catum
347 1101 399 1132 vel
432 1101 626 1133 attributum
660 1101 793 1132 alicuius
824 1101 871 1132 rei
906 1112 970 1133 non

209 1157 282 1177 cum
303 1144 494 1188 praedicato
512 1146 563 1177 vel
586 1146 745 1177 attributo
765 1145 896 1177 alterius
914 1146 971 1184 rei,

207 1189 266 1221 sed
297 1202 370 1222 cum
401 1190 472 1233 ipsa
496 1202 550 1230 re,
588 1190 638 1222 cui
668 1190 893 1233 praedicatum
916 1197 973 1222 aut

207 1235 402 1267 attributum
425 1235 600 1275 adhaeret,
626 1242 852 1278 comparatur:
884 1235 972 1278 quod

206 1280 338 1323 quidem
361 1280 492 1312 dicendi
524 1292 624 1323 genus
655 1287 688 1312 et
718 1281 751 1312 in
775 1280 971 1312 recentiori—

207 1325 265 1357 bus
302 1332 335 1357 et
365 1325 398 1356 in
430 1326 595 1357 veteribus
637 1325 755 1368 linguis
786 1326 885 1368 longe
922 1332 971 1357 est

205 1370 462 1402 usitatissimum.
517 1370 630 1403 Veluti
659 1382 752 1403 mox:
788 1382 870 1414 quae
903 1376 971 1402 tam

206 1415 368 1448 excellens
393 1416 426 1446 in
459 1415 547 1447 omni
570 1427 691 1458 genere
715 1416 817 1448 virtus
841 1415 874 1447 in
898 1416 970 1447 ullis

205 1460 288 1499 fuit,
324 1467 359 1491 ut
380 1461 422 1492 sit
446 1472 518 1492 cum
540 1463 710 1493 maioribus
732 1463 845 1493 uostris
875 1472 969 1492 com—

203 1504 378 1548 paranda?
427 1505 468 1537 de
498 1507 587 1537 Orat.
621 1506 712 1544 I.4,
741 1505 800 1537 15:
838 1505 969 1548 ingenia

205 1562 285 1583 vero
304 1569 349 1574 —
369 1557 556 1582 nostrorum
575 1550 745 1582 hominum
765 1550 882 1582 ceteris
902 1550 968 1582 ho—

204 1595 345 1627 minibus
371 1595 515 1627 omnium
539 1595 685 1638 gentium
715 1607 808 1639 plaes
812 1595 967 1627 titerunt:

205 1640 261 1673 ubi
292 1653 323 1673 v.
353 1643 389 1672 0.
413 1643 453 1674 M.
480 1643 600 1674 Mi'tller.
649 1641 703 1673 Sic
726 1642 824 1673 Tusc.
849 1642 889 1674 V
913 1638 966 1679 26,

204 1684 266 1718 73:
305 1685 474 1728 (Epicuro)
506 1697 570 1717 non
596 1686 733 1717 multum
759 1685 925 1717 differenti
950 1698 968 1718 a

203 1730 325 1762 iudicio
351 1731 503 1763 ferarum.
552 1732 602 1762 Cf.
629 1734 726 1763 Beier.
757 1731 798 1762 ad
820 1731 915 1764 offic.
942 1733 966 1763 Ι.

203 1775 266 1815 22,
291 1773 344 1808 76.
376 1777 415 1807 ll.
441 1774 474 1814 7,
498 1772 550 1807 26.
598 1778 751 1808 Krilzz'um
775 1775 816 1807 ad
836 1776 968 1807 Sallust.

204 1820 299 1854 Catil.
321 1818 386 1859 41,
415 1818 465 1854 14.
514 1823 642 1853 Ellendt
676 1820 717 1851 ad
749 1820 790 1852 de
814 1822 867 1852 Or.
887 1823 911 1852 Ι.
934 1821 966 1860 5,

205 1865 256 1897 15.
284 1865 356 1897 Vol.
376 1866 413 1897 ll.
441 1877 471 1907 p.
493 1863 533 1897 16
548 1877 596 1908 sq.
643 1867 784 1906 Seyffert.
807 1865 850 1896 ad
873 1865 965 1897 Lael.

203 1909 244 1950 8,
270 1908 475 1951 27.1›.1&8.
524 1910 560 1941 11.
588 1923 614 1953 ρ.
638 1910 699 1941 51;
734 1908 839 1952 >uiuat
859 1910 965 1953 Χαρί-

201 1966 313 1989 τεσσιν
339 1953 471 1997 ομοῐαι;
507 1955 703 1987 creberrime
733 1955 767 1986 in
793 1966 966 1998 eompara-

202 1999 311 2037 tione,
339 2012 420 2042 quae
444 2012 502 2042 per
527 2012 671 2053 compai
663 2000 787 2031 ativnm
813 2001 859 2032 fit.
885 2001 966 2032 Pin-

203 2044 272 2076 dar.
285 2045 413 2087 Olymp
428 2044 548 2076 1.init.:
575 2042 855 2087 μηδ”Οὶυμπίας
875 2042 965 2088 οἷγῶ-

202 2101 241 2122 να
265 2100 366 2131 <pects
370 2101 421 2131 ρο)
445 2086 656 2132 αὗδάσομενε
695 2089 748 2121 ubi
781 2102 812 2123 v.
835 2092 965 2123 Boechh.

201 2133 235 2165 in
248 2135 320 2176 Exp
324 2133 425 2165 licatt.
448 2145 481 2176 p.
500 2134 573 2166 104.
623 2134 717 2166 Plura
738 2146 756 2166 e
778 2135 834 2166 Gr.
856 2134 923 2165 lin
903 2147 966 2177 gua

201 2178 379 2211 dedimus
371 2191 403 2210 ιιι
424 2179 568 2210 Gramm.
592 2191 639 2221 gl.
662 2181 701 2212 T.
719 2180 759 2210 II.
786 2179 814 2222 [5.
829 2159 922 2211 749.ὃ
928 2179 962 2219 d)

200 2234 234 2266 p.
247 2221 324 2256 449.
362 2224 433 2266 (Gr.
457 2224 560 2256 schol.
585 2222 701 2267 §.323
727 2223 812 2255 Adn.
829 2222 874 2263 6)
914 2225 964 2256 Cf.

200 2270 332 2301 Nitzsch.
357 2268 398 2300 ad
421 2268 537 2311 odyss,
562 2271 592 2313 [5
619 2267 692 2300 120.
715 2281 747 2311 p.
763 2267 815 2300 86.
854 2271 960 2301 Kiess-

200 2316 275 2354 ling).
300 2313 342 2345 ad
364 2280 596 2347 T11e001it.i1.
622 2313 672 2345 15.
722 2316 879 2346 Matthiae.
905 2315 961 2346 Gr.

203 2356 478 2401 G1.§.453.1.›
497 2357 564 2391 848
580 2371 617 2402 sq
621 2358 705 2390 ..ed
727 2357 758 2390 2
809 2361 961 2391 Thiersch.

202 2403 260 2436 Gr.
285 2404 342 2435 Gr.
368 2404 394 2445 ᾖ.
413 2371 490 2436 2811.
517 2403 567 2436 10.
594 2416 625 2446 p.
646 2401 721 2435 490.
747 2404 797 2436 ed.
814 2403 846 2436 3.
897 2405 961 2435 Ce—

200 2454 308 2479 terum
320 2448 499 2490 gerundiva
519 2453 590 2481 suut
608 2450 805 2489 conferenda,
829 2451 867 2480 sit
880 2459 961 2481 com-

197 2494 346 2532 paranda
369 2504 434 2524 non
458 2505 519 2536 pro
542 2496 674 2534 conferri
699 2498 849 2534 possunt,
872 2501 961 2526 com-

198 2539 311 2577 parari
331 2540 427 2576 possit
460 2538 548 2570 dicta
570 2545 665 2575 sunt3
701 2539 840 2570 alterum
865 2539 961 2579 enim,

201 2593 274 2613 cum
295 2582 471 2623 negatione
489 2583 708 2620 coniunctum,
733 2591 781 2615 est
795 2595 856 2616 non
868 2585 962 2623 decet,

200 2636 260 2659 non
289 2630 332 2658 est
361 2630 476 2658 rectum
507 2629 658 2667 conferri,
693 2628 830 2660 alterum
864 2631 961 2669 diyna

200 2674 250 2711 sit,
273 2681 352 2711 quae
375 2676 579 2711 comparetur.
616 2673 654 2703 V.
679 2684 737 2703 nos
760 2674 791 2704 in
817 2674 960 2705 Gramm.

200 2716 275 2747 Lat.
301 2717 329 2758 ις.
354 2715 427 2748 131.
455 2717 534 2749 Not.
562 2715 590 2747 l.
636 2719 832 2757 Madvigium
855 2719 897 2750 ad
923 2720 958 2750 C.

200 2760 272 2792 Fin.
300 2762 325 2792 I.
350 2759 390 2801 2,
416 2759 446 2792 6.
498 2763 715 2793 us'eissenborn.
751 2762 792 2792 de
822 2763 958 2804 gerund.

200 2817 232 2848 p.
254 2803 328 2838 136.

269 2851 297 2893 §.
315 2849 348 2883 3.
385 2850 551 2894 siquidem]
577 2851 624 2885 Et
642 2862 690 2893 γε
715 2860 803 2883 wemz
822 2854 870 2892 ja,
894 2861 961 2883 we—

199 2897 334 2935 niystens
354 2897 385 2928 in
405 2898 475 2928 dem
491 2898 587 2936 Falle,
611 2905 709 2928 uenu.
758 2897 901 2935 Quidem,
926 2902 960 2927 ut

201 2939 250 2980 γέ,
277 2940 374 2973 habet
398 2940 462 2972 vim
485 2941 779 2983 argumentativam
803 2940 853 2971 vel
877 2951 958 2972 con-

201 2984 413 3023 firm-{tixam
450 2985 554 3018 utin.
590 2988 642 3026 qui
664 2986 788 3027 quidem
822 2981 874 3028 (ἅς
894 2985 960 3028 γε),

1005 877 1131 917 quaudo
1151 878 1273 916 quidem
1300 874 1421 920 (ἐπεί
1420 876 1472 917 ε).
1509 876 1560 908 Cf.
1573 878 1771 917 Harttmyum

1006 921 1028 953 l.
1049 921 1081 952 d.
1105 920 1228 964 p.408.
1254 927 1287 952 et
1307 933 1367 952 nos
1389 921 1423 952 in
1449 922 1505 954 Gr.
1528 922 1566 954 L.
1591 923 1619 965 §.
1639 920 1715 960 133,
1738 920 1769 953 2.

1008 966 1047 1005 Α)
1072 933 1125 1007 1))Ρ
1159 966 1298 999 lnfral.
1320 965 1375 1005 23,
1401 963 1462 999 54:
1488 966 1685 1010 principium
1709 978 1770 998 ex-

1006 1011 1162 1043 stinctum
1186 1022 1247 1043 nec
1270 1010 1377 1053 ipsum
1408 1011 1448 1042 ab
1480 1012 1544 1044 alio
1569 1018 1768 1050 renascetuz,

1007 1068 1068 1088 nec
1091 1067 1129 1087 ex
1157 1068 1191 1088 se
1216 1055 1304 1087 aliud
1332 1056 1472 1094 creabit,
1507 1058 1534 1088 si
1557 1058 1682 1097 quidem
1706 1068 1769 1088 ne-

1008 1112 1097 1132 cesse
1121 1108 1170 1131 est
1192 1112 1210 1132 a
1238 1101 1399 1143 principio
1425 1101 1500 1132 oriri
1524 1101 1642 1132 omnia.
1690 1101 1770 1133 Aliis

1008 1145 1088 1177 locis
1108 1144 1141 1176 in
1161 1145 1210 1176 his
1229 1145 1461 1188 particularum
1482 1146 1768 1178 coniunctionibus

1007 1191 1131 1230 quidem
1154 1189 1340 1233 suppletiva
1361 1190 1393 1221 vi
1418 1190 1613 1222 instructum
1635 1198 1703 1229 est,
1734 1197 1770 1222 ut

1006 1246 1103 1278 supra
1126 1235 1154 1277 ᾗ.
1171 1235 1208 1266 1;
1236 1235 1353 1266 fecisse
1374 1235 1520 1275 meliora,
1545 1246 1623 1276 quae
1643 1238 1769 1276 quidem

1008 1280 1042 1323 (i.
1066 1291 1095 1311 e.
1123 1291 1161 1311 ea
1184 1279 1272 1318 scil„
1309 1281 1404 1322 quae)
1442 1281 1541 1323 digna
1565 1281 1768 1321 statuissent,

1004 1325 1037 1356 in
1063 1324 1178 1367 quibus
1202 1324 1421 1356 elaboraient.

1073 1372 1165 1401 annis
1193 1372 1254 1410 sere
1283 1371 1343 1401 DX
1367 1381 1400 1410 p.
1427 1372 1464 1402 R.
1497 1370 1537 1413 c.]
1573 1371 1607 1402 C.
1641 1370 1768 1402 Claudii

1004 1414 1161 1446 Centenis
1199 1414 1308 1456 (Caeci
1342 1415 1392 1456 F.)
1432 1422 1465 1446 et
1496 1416 1542 1446 M.
1579 1416 1765 1457 Sempronii

1003 1459 1161 1491 Tuditani
1186 1459 1372 1491 consulatus
1394 1460 1426 1490 in
1451 1459 1556 1491 Fastis
1579 1460 1713 1502 ponitur
1733 1460 1766 1493 iu

1003 1515 1090 1536 anno
1107 1505 1231 1535 DXIV.
1245 1507 1283 1537 A.
1297 1505 1338 1536 U.
1357 1503 1391 1535 C.
1414 1503 1494 1547 (239
1515 1517 1544 1536 a.
1559 1505 1647 1545 Chr.)
1684 1505 1765 1538 Vdr.

1005 1548 1183 1580 Consulum
1203 1548 1302 1580 index
1324 1549 1356 1580 in
1379 1552 1415 1580 G.
1429 1552 1480 1583 Fr.
1496 1552 1670 1590 Grotesendi
1691 1552 1764 1582 Lat.

1004 1595 1149 1625 Gramm.
1172 1595 1212 1626 T.
1232 1596 1271 1626 ΙΙ.
1293 1605 1325 1636 p.
1343 1592 1420 1626 277.
1459 1594 1572 1626 Cicero
1598 1597 1682 1626 Brut.
1710 1596 1761 1633 le,

1002 1637 1064 1671 72:
1100 1639 1211 1671 Livius
1233 1638 1355 1681 primus
1380 1639 1542 1677 fabulam,
1569 1640 1604 1670 C.
1629 1639 1764 1672 Claudio

1004 1683 1100 1716 Caeci
1119 1685 1154 1715 F.
1175 1692 1208 1715 et
1227 1685 1272 1717 M.
1286 1684 1453 1717 Tuditano
1476 1683 1673 1723 consulibus,
1699 1685 1765 1716 do-

1004 1729 1089 1770 cuit,
1128 1740 1214 1760 anno
1248 1729 1341 1771 ipso,
1377 1736 1553 1772 antequam
1587 1736 1682 1761 natus
1714 1737 1764 1762 est

1002 1774 1143 1810 Ennius3
1181 1780 1257 1816 post
1281 1774 1420 1805 Romam
1454 1774 1621 1806 conditam
1654 1781 1764 1806 autem

1001 1825 1118 1861 quarto
1141 1818 1269 1850 decimo
1298 1825 1331 1850 et
1351 1819 1624 1861 quingentesimo.
1670 1819 1766 1852 Adde

1001 1863 1042 1895 de
1063 1866 1139 1895 Seu.
1164 1861 1218 1905 14,
1241 1863 1295 1898 50.
1344 1866 1407 1895 Cur
1429 1864 1459 1896 h.
1482 1864 1502 1896 1.
1529 1864 1643 1896 Cicero
1665 1872 1764 1908 quat-

1000 1915 1076 1940 tuor
1095 1909 1176 1940 istos
1198 1921 1301 1941 annos
1325 1920 1391 1941 non
1412 1909 1588 1948 addiderit,
1615 1921 1682 1942 non
1703 1917 1763 1951 est,
1801 1924 1804 1925 ⁷

1001 1954 1091 1997 quod
1115 1965 1295 1995 urgeamus.

1069 2001 1210 2039 fabulam
1222 2000 1320 2043 dedit]
1344 1998 1397 2030 sic
1410 2010 1470 2042 pro
1484 1999 1611 2031 Cluent.
1625 1998 1680 2039 31,
1699 1998 1760 2032 84:

1002 2044 1293 2076 Staienus-istam
1315 2047 1399 2076 dedit
1419 2044 1583 2083 fabulam,
1608 2055 1667 2087 pro
1692 2046 1762 2076 fre-

1002 2088 1193 2131 quentiore:
1219 2092 1282 2129 fab.
1303 2092 1425 2129 docuit,
1449 2096 1484 2120 ut
1509 2090 1626 2121 Graeci
1649 2090 1762 2121 dicunt

1001 2131 1172 2167 διδάσκειν
1189 2132 1346 2176 δράματα
1367 2134 1409 2165 de
1425 2134 1542 2176 poetis,
1568 2135 1683 2177 quibus
1705 2135 1761 2166 of·-

1002 2177 1108 2209 ficium
1132 2177 1313 2210 iniunctum
1341 2184 1427 2217 erat,
1466 2186 1500 2209 nt
1533 2179 1659 2211 fabulas
1684 2192 1701 2210 a
1727 2192 1761 2211 se

1001 2223 1199 2265 compositas
1218 2223 1430 2255 histrionibus
1452 2223 1621 2255 traderent
1640 2236 1761 2267 eosque

998 2267 1040 2299 ad
1068 2279 1121 2299 eas
1150 2274 1239 2300 recte
1273 2267 1414 2310 agendas
1442 2268 1651 2300 instituerent
1686 2269 1760 2300 uni-

998 2324 1188 2355 versamque
1211 2313 1340 2344 fabulae
1360 2314 1522 2344 actionem
1545 2314 1761 2345 moderaren-

997 2364 1061 2389 tur.
1111 2359 1200 2390 lnfra
1221 2359 1276 2389 IV.
1299 2358 1362 2395 29,
1388 2356 1449 2390 (531
1477 2360 1585 2398 Quum
1611 2361 1761 2390 Orestem

998 2402 1142 2434 fabulam
1160 2403 1294 2434 doceret
1311 2403 1492 2445 Euripides.
1526 2405 1617 2435 Brut.
1634 2405 1759 2442 XVIII,

996 2446 1049 2479 72.
1098 2449 1137 2479 V.
1166 2450 1295 2480 Erneslz't
1320 2448 1408 2479 Clav.
1437 2448 1504 2482 Cic.
1529 2461 1561 2480 v.
1586 2451 1692 2481 docere
1726 2455 1760 2480 et

995 2494 1157 2533 Boettiyeri
1180 2492 1221 2524 de
1246 2493 1310 2524 hoc
1334 2500 1527 2535 argumento
1560 2493 1759 2536 peculiarem

996 2537 1161 2570 libellum:
1198 2538 1284 2577 Quid
1306 2537 1348 2569 sit
1374 2540 1479 2570 docere
1506 2540 1658 2578 fabulam.
1706 2538 1757 2570 Cf.

997 2586 1032 2614 A.
1062 2585 1106 2615 W.
1132 2585 1269 2624 Schleyel
1304 2582 1501 2624 dramaturg.
1529 2583 1757 2625 Vorlesungen

997 2629 1035 2659 T.
1062 2629 1086 2659 Ι.
1123 2640 1155 2670 p.
1176 2625 1230 2659 96.
1290 2628 1410 2659 Contra
1443 2634 1571 2658 actores
1605 2627 1758 2659 dicuntur

995 2675 1110 2705 discere
1130 2675 1281 2713 fabulam.
1308 2673 1345 2704 V.
1368 2673 1503 2704 Terent.
1528 2672 1649 2715 Hecyr.
1673 2672 1757 2715 prol.

995 2717 1055 2749 425:
1082 2718 1136 2749 ubi
1162 2718 1236 2749 vide
1261 2719 1369 2759 intpp.
1406 2719 1570 2749 Maetzuer.
1591 2717 1633 2748 ad
1656 2717 1754 2749 Anti—

995 2763 1108 2804 phont.
1136 2774 1168 2804 p.
1185 2761 1261 2793 255.

1064 2810 1116 2847 qut
1137 2809 1194 2847 sui!
1216 2809 1318 2838 maior
1337 2809 1433 2845 natu,
1460 2816 1554 2846 quam
1575 2809 1707 2839 Plautus
1730 2811 1758 2838 et

995 2854 1144 2895 Naevius]
1186 2853 1310 2892 tt'olfius
1343 2851 1442 2882 verba
1475 2856 1502 2883 et
1532 2854 1667 2883 Naevius
1678 2876 1688 2891 ,
1721 2851 1755 2882 in

997 2896 1095 2928 codd.
1121 2896 1197 2939 aliq.
1223 2895 1360 2934 omissa,
1384 2895 1481 2938 plane
1506 2895 1647 2934 delevit,
1674 2896 1755 2928 reli-

995 2952 1057 2983 qua
1077 2941 1177 2973 verba
1198 2939 1240 2972 de
1253 2943 1384 2972 Ernestii
1405 2940 1569 2972 sententia
1589 2941 1680 2973 uncis
1700 2940 1753 2972 in-

997 2985 1110 3024 clusit3
1146 2987 1308 3018 Schatzius
1336 2991 1444 3017 autem
1472 2992 1503 3017 et
1527 2996 1632 3028 nuper
1657 2988 1752 3026 Trey—
