1863 3221
483 116 540 146 AD
568 115 852 147 LUDOLPHUM
879 116 1132 148 DISSENIUM.
1514 111 1599 148 ΧΙΙῙ

33 224 142 270 quae
188 208 242 254 ad
279 208 595 254 accuratiorem
642 222 790 253 rerum
839 209 894 254 ad
940 208 1263 270 philosophiam
1308 212 1600 271 spectantium

35 298 330 361 cognitionem
360 297 658 359 pertinerent,
696 302 770 343 aut
790 313 844 343 ne
867 299 1003 345 verbo
1033 299 1207 359 quidem
1232 299 1359 362 tetigi
1389 305 1464 347 aut
1487 318 1597 363 pau-

32 388 221 436 cissimis
256 388 523 450 perstrinxi,
567 403 695 434 nemo
729 402 859 445 sane,
908 388 969 446 si,
1019 390 1136 448 quod
1164 390 1211 436 in
1235 390 1491 438 adornanda
1516 392 1597 439 hac

32 479 224 526 editione
256 484 432 526 secutus
456 478 614 525 fuerim
636 477 891 535 consilium,
937 492 1084 525 secum
1109 481 1407 541 reputaverit,
1450 482 1497 529 in
1522 499 1595 530 re-

29 570 370 631 prehensionem
405 569 589 617 vocabit.

167 660 385 720 Reliquae
417 658 724 705 adnotationes
762 658 1045 705 continentur
1067 658 1160 706 fere
1186 663 1421 722 aperienda
1445 666 1595 726 expla-

29 750 261 810 nandaque
291 749 569 797 Ciceroniani
601 749 821 796 sermonis
850 765 897 795 ac
927 750 1259 797 consuetudinis
1288 752 1359 798 vel
1390 755 1594 815 proprie-

28 844 115 886 tate
152 840 225 887 vel
259 839 489 902 elegantia.
561 838 742 887 Etenim
775 838 928 886 Cicero
955 844 999 886 et
1024 839 1209 887 habetur
1241 845 1283 886 et
1317 846 1385 888 est
1417 843 1455 890 is
1481 845 1593 891 scri-

27 934 145 991 ptor,
183 930 272 990 qui,
309 930 516 991 quoniam
536 930 584 977 in
605 930 724 978 omni
742 928 834 977 fere
856 930 1107 976 litterarum
1129 946 1290 992 genere
1310 939 1594 982 monumenta

28 1020 222 1080 reliquit,
261 1036 386 1080 quae,
421 1025 469 1067 ut
494 1036 644 1067 rerum
668 1021 1075 1080 sententiarumque
1100 1024 1143 1066 et
1166 1021 1382 1083 gravitate
1416 1029 1459 1070 et
1489 1041 1593 1071 sua-

30 1109 164 1156 vitate
202 1114 245 1155 et
273 1125 381 1157 vero
409 1111 598 1156 utilitate
625 1110 849 1171 praeclare
885 1125 982 1156 sese
1016 1112 1345 1170 commendant,
1380 1113 1441 1159 ita
1465 1129 1591 1176 egre-

29 1199 100 1261 gio
125 1199 413 1258 omnibusque
439 1197 637 1244 numeris
663 1213 710 1244 36
738 1198 937 1259 partibus
960 1198 1282 1259 perfectissimo
1317 1201 1488 1249 dicendi
1514 1221 1592 1267 ge-

26 1302 130 1334 nere
159 1287 348 1345 enitent,
392 1292 601 1347 tanquam
628 1287 849 1348 exemplar
877 1287 1006 1333 nobis
1029 1288 1288 1349 propositus
1315 1306 1411 1338 esse
1448 1294 1589 1353 debet,

26 1377 81 1424 ad
105 1377 236 1437 quod,
258 1381 467 1437 tanquam
488 1377 543 1423 ad
563 1392 780 1435 normam,
804 1376 956 1423 Latini
980 1378 1198 1425 sermonis
1223 1379 1450 1441 ingenium
1474 1384 1589 1431 diiu—

26 1468 217 1514 dicemus
244 1471 286 1513 et
307 1482 433 1514 omne
453 1471 658 1513 nostrum
681 1466 883 1513 imitandi
905 1467 1099 1513 studium
1123 1468 1461 1520 conformemus.
1534 1475 1590 1522 In

25 1557 179 1618 primis
215 1557 402 1619 scripta,
451 1572 560 1618 quae
590 1561 695 1604 sunt
721 1557 772 1603 de
795 1557 1098 1619 philosophia,
1147 1562 1363 1620 aequabili
1399 1565 1588 1624 quodam

24 1651 66 1693 et
88 1651 330 1708 temperato
356 1647 528 1694 (licendi
549 1663 708 1709 genere
733 1648 989 1709 composita,
1010 1652 1131 1695 tanta
1152 1650 1438 1712 iucunditate,
1462 1659 1585 1703 tanto

21 1737 197 1798 lepore,
241 1741 309 1783 tot
334 1737 521 1798 denique
549 1738 764 1785 orationis
794 1738 1033 1785 veneribus
1061 1739 1256 1800 elucent,
1302 1747 1374 1803 111,
1421 1751 1584 1805 quanto

22 1826 186 1873 (liutius
211 1826 258 1872 in
283 1827 483 1888 legendis
509 1827 571 1874 eis
596 1832 801 1875 versatus
825 1827 989 1886 fueris,
1025 1834 1148 1876 tanto
1170 1832 1336 1879 maiore
1362 1835 1585 1882 detineare

20 1916 322 1962 delectatione.
396 1916 540 1976 Quare
570 1917 757 1962 multum
785 1932 942 1977 operae
972 1918 1096 1976 dedi,
1139 1924 1211 1978 ut,
1260 1938 1369 1981 quae
1398 1925 1583 1971 maxime

19 2005 201 2065 propria
241 2009 391 2051 essent
426 2005 704 2052 Ciceroniani
738 2006 980 2071 sermonis,
1026 2007 1120 2054 sive
1165 2024 1214 2055 ea
1250 2013 1584 2062 continerentur

18 2093 228 2153 loquendi
251 2093 478 2153 formulis,
523 2094 617 2141 sive
645 2095 885 2141 verborum
915 2099 1300 2148 consecutionibus
1327 2107 1371 2148 et
1396 2104 1583 2151 circum-

16 2182 353 2244 scriptionibus,
400 2184 636 2246 diligenter
660 2185 715 2230 ad
745 2200 794 2231 ea
821 2185 1098 2233 adverterem
1130 2189 1476 2239 adolescentium
1510 2194 1582 2240 in-

15 2272 156 2334 genia.
230 2273 349 2332 Quae
381 2274 556 2334 quidem
581 2274 904 2337 interpretandi
935 2276 1048 2323 ratio
1080 2277 1183 2324 licet
1216 2281 1352 2327 multa
1378 2283 1580 2344 attingat,

16 2377 124 2420 quae
149 2362 204 2419 ei,
241 2363 362 2409 cuius
381 2363 607 2425 ingenium
632 2380 655 2410 a
674 2364 827 2411 Latini
848 2366 1067 2412 sermonis
1090 2367 1320 2429 elegantiis
1342 2374 1385 2416 et
1403 2370 1579 2419 festivi-

14 2449 178 2496 tatibus
213 2450 446 2509 abhorret,
490 2453 706 2500 minutula
736 2470 783 2500 ac
815 2455 966 2515 putida
1004 2455 1264 2518 videantur3
1310 2463 1457 2507 tamen
1483 2476 1577 2508 eam

13 2554 145 2585 unam
172 2540 463 2587 certissimam
496 2541 551 2587 ad
582 2547 783 2589 veterum
816 2543 1084 2603 scriptorum
1117 2545 1455 2609 intelligentiam
1478 2567 1575 2598 mu-

11 2627 107 2674 nire
133 2628 249 2676 viam
276 2629 711 2690 efficacissimumque
736 2632 790 2677 ad
817 2636 987 2679 mentes
1012 2633 1229 2682 iuveniles
1251 2640 1468 2687 acuendas
1493 2657 1574 2702 po-

10 2716 267 2778 liendasque
293 2724 336 2765 et
361 2724 592 2767 venustate
616 2720 872 2768 imbuendas
893 2738 1049 2784 parare
1077 2724 1421 2775 instrumentum
1444 2745 1572 2775 nemo

9 2805 281 2854 infitiabitur.

145 2896 266 2944 Haec
293 2897 385 2945 fere
409 2904 536 2958 sunt,
575 2915 683 2959 quae
711 2901 762 2946 de
789 2902 972 2948 consilio
1004 2907 1048 2948 et
1071 2905 1266 2963 ratione,
1313 2906 1359 2951 in
1389 2907 1569 2953 edendis
