1832 3137
621 108 788 140 LIBER
815 108 855 140 ΙΙ.
883 105 944 149 16,
970 106 1026 141 38.

47 201 136 231 esse
165 187 313 228 dicunt.

1523 97 1602 139 ‘217

376 183 490 240 Quae
514 186 667 240 quidem
693 187 745 227 ita
773 189 992 241 geruntur¹
1027 193 1139 242 apte,
1174 193 1237 238 ut,
1271 186 1303 228 si
1328 199 1422 228 usus
1451 187 1550 227 ferat
1572 190 1603 236 ¹,

45 260 208 303 abiectis
239 259 446 311 oneribus,
492 260 685 315 expeditis
717 259 858 310 armis,
905 268 947 300 ut
977 259 1186 311 membris,
1231 274 1407 315 pugnare
1439 260 1603 315 possint.

45 333 176 390 Quid?
217 333 453 374 exercitatio
483 333 702 387 legionum3
743 332 858 386 quid?
899 333 963 373 ille
992 348 1153 384 cursus,
1188 348 1425 385 concursus,
1459 334 1606 374 clamor

45 407 178 462 quanti
200 406 345 447 laboris
368 407 449 447 est!
490 405 556 446 Ex
582 407 653 447 hoc
676 406 738 446 ille
761 406 914 446 animus
936 406 975 446 in
996 407 1153 460 proeliis
1176 414 1332 462 paratus
1354 408 1400 448 ad
1424 408 1603 448 vulnera.

43 479 184 521 Adduo
206 479 288 535 pari
314 479 442 520 animo
466 479 769 520 inexercitatum
789 478 971 529 militem3
1006 480 1143 519 mulier
1164 480 1374 521 videbitur.

1422 486 1492 522 58.
1525 478 1609 521 Cur

45 560 197 594 tantum
219 553 386 593 interest
409 553 513 594 inter
537 567 680 594 novum
707 559 746 592 et
771 558 944 592 veterem
970 552 1186 592 exercitum
1201 584 1211 603 ,
1246 561 1430 607 quantum
1453 554 1606 609 experti

45 627 207 668 sumus?
263 626 389 666 Aetas
414 626 583 666 tironum
609 626 834 680 plerumque
863 625 1024 675 melior3
1055 625 1123 665 sed
1150 626 1253 666 ferre
1284 627 1481 678 laborem,
1515 642 1608 667 con-

45 706 221 741 temnere
242 700 383 740 vulnus
405 699 646 740 consuetudo
672 699 800 739 docet.

864 696 969 751 Quin
998 698 1112 738 etiam
1136 698 1335 749 videmus,
1369 713 1421 740 ex
1447 701 1532 741 acie
1554 702 1608 740 ef-

47 773 142 814 ferri
166 786 283 828 saepe
307 772 484 824 saucios3
520 779 558 812 et
582 772 736 826 quidem
757 771 891 812 rudem
915 771 1022 812 illum
1049 779 1088 812 et
1110 772 1411 813 inexercitatum
1433 773 1608 827 quamvis

46 913 134 935 ram:
163 912 213 942 pr.
235 913 352 934 mora
377 904 419 934 ad
442 906 462 934 t.
511 905 555 934 At
576 912 666 934 mora
693 900 808 945 (μόρα)

46 946 383 979 Lacedaemoniorum
395 947 558 990 significat
569 955 694 990 partem
709 958 810 990 quan-

45 992 121 1024 dam
134 992 295 1024 exercitus
308 992 657 1025 Lacedaemoniorum.
681 994 720 1024 V.
732 995 811 1025 Pas-

46 1040 125 1070 sovt'i
148 1038 226 1068 Lex.
252 1038 309 1069 Gr.
336 1038 368 1069 h.
389 1050 420 1068 v.
470 1040 570 1070 Moser
591 1038 703 1069 laudat
726 1039 811 1069 Pro—

48 1082 209 1113 lusionem
235 1085 272 1114 G.
288 1084 326 1115 H.
341 1085 481 1115 Mai-unii
505 1084 553 1114 De
572 1083 811 1125 Spartiatarum

47 1128 154 1159 Mora.
179 1127 304 1158 Ratisb.
332 1127 424 1161 1771.
476 1128 590 1169 Agitur
612 1135 720 1159 autem
744 1127 812 1158 h.l.

48 1171 90 1203 de
111 1171 200 1204 omni
222 1171 375 1203 exercitu.
393 1191 432 1195 —
460 1172 565 1204 Tibiis
582 1179 691 1204 autem
709 1175 813 1214 Spar-

48 1217 146 1248 tiatas
181 1216 215 1247 in
250 1216 383 1259 proeliis
418 1217 586 1249 turbarum
625 1217 700 1249 loco
738 1228 812 1249 usos

50 1274 140 1303 csse,
173 1273 223 1293 res
247 1267 297 1292 est
320 1262 524 1316 pervulgata.
572 1262 748 1316 „Thucyd.
773 1262 811 1299 V,

50 1307 111 1341 70.
138 1305 398 1348 Δακεδαιμένιιο.
419 1306 572 1350 βραδέως
594 1306 651 1339 καὶ
665 1304 729 1340 51&
753 1303 812 1339 α’]-

48 1352 158 1393 Ani-<52
188 1352 315 1384 πολλῶν
347 1350 440 1393 νόμῳ
474 1349 740 1392 ἐμαὲεστώτω)
775 1348 813 1383 ου’

47 1397 105 1429 τοῦ
131 1395 184 1428 ΞἻε’
175 1407 222 1428 ’.ου
245 1394 362 1438 χάριι,
387 1381 466 1428 ἀλλ’
488 1395 541 1428 ἱάα
565 1393 703 1437 ομαλῶς
727 1406 790 1437 μετ
792 1392 813 1428 ἀ

49 1441 177 1483 (5475μοῦ
213 1440 269 1483 βαί
270 1451 378 1477 θοντες
411 1451 490 1481 ποοε
484 1439 564 1473 ’λὲοι
555 1452 636 1493 ἐλῶ
667 1439 725 1473 καὶ
762 1452 818 1495 μη

48 1484 275 1526 διασπασῧείη
301 1481 414 1523 αυτοῖς
434 1497 457 1527 η
480 1483 593 1524 τάξις·
618 1481 700 1527 ὅπερ
724 1497 761 1527 φ’.
765 1486 800 1517 λε

46 1528 89 1564 τὰ
110 1528 240 1572 μεγάλα
260 1528 424 1571 στρατόπε
410 1529 506 1563 δαὶ
490 1543 523 1563 ιν
542 1534 616 1568 ταῖς
635 1529 814 1572 προσόδοις

47 1579 171 1609 notem:
198 1573 267 1617 [ubi
290 1574 333 1606 cf.
354 1586 436 1617 quae
457 1577 566 1614 Poppo
590 1575 664 1606 Vol.
690 1576 753 1613 ΙΙΙ,
778 1574 810 1607 3.

49 1631 82 1662 p.
102 1617 170 1652 634
182 1631 230 1661 sq.
255 1620 444 1661 congessit.]
481 1620 589 1651 Valer.
613 1620 745 1651 Maxim.
770 1620 810 1650 ll.

47 1664 88 1703 6,
113 1664 153 1696 2:
189 1664 530 1696 Lacedaemoniorum
561 1665 721 1696 exercitus
746 1675 812 1695 uon

49 1716 126 1741 ante
158 1708 199 1740 ad
231 1709 452 1740 dimicandum
489 1709 691 1741 descendere
723 1709 814 1740 sole-

48 1755 148 1792 bant,
185 1765 280 1797 quam
305 1757 397 1786 tibiae
417 1759 563 1787 concentu
594 1761 628 1785 et
651 1756 816 1794 anapaesti

48 1801 137 1840 pedis
159 1801 284 1831 modulo
309 1799 549 1831 cohortationis
572 1799 714 1831 calorem
739 1799 812 1830 ani-

49 1855 104 1875 mo
133 1843 329 1881 traxissent,
364 1850 484 1886 vegeto
516 1851 549 1875 et
581 1844 696 1876 crebro
729 1844 813 1875 ictus

49 1900 130 1920 sono
165 1895 298 1920 strenue
331 1889 462 1920 hostem
495 1889 650 1920 invadere
685 1888 801 1920 moniti

51 1933 176 1965 Gellius
210 1934 250 1965 N.
277 1936 313 1964 A.
339 1935 369 1969 Ι,
395 1933 436 1966 9:
474 1933 700 1975 Hephaestion
733 1933 813 1964 Ale-

48 1978 225 2011 xandrinus
263 1979 309 2020 (p.
327 1977 380 2010 26.
406 1979 456 2010 ed.
480 1978 639 2016 Turnebi)
672 1978 814 2009 servavit

48 2023 142 2055 nobis
173 2023 312 2065 primum
344 2034 472 2054 versum
497 2023 648 2054 carminis
680 2022 814 2054 alicuius

51 2068 129 2112 [ἐμ.ἢ
119 2068 249 2109 artai:
252 2068 299 2109 u],
314 2066 448 2099 alternis
462 2068 645 2122 anapaestis
660 2074 692 2098 et
708 2079 814 2109 spon-

50 2093 119 2144 deis
151 2112 398 2144 decurrentem:
428 2108 556 2167 ’Ἄγε-ε’,
594 2112 620 2146 ὤ
651 2112 750 2154 E'a'tc
754 2124 815 2150 ἀς

51 2157 175 2191 ἔνοπλοι
199 2159 332 2198 κοῦροι,
366 2157 440 2190 ποτὶ
470 2155 528 2190 Tala
551 2153 686 2199 ’Ἄρεως
718 2158 752 2191 κί
753 2169 810 2190 aa-

49 2214 112 2235 σ..ν
117 2204 139 2219 “
187 2204 324 2234 Midias.
374 2202 535 2234 Orellius'
526 2214 558 2234 m
582 2209 692 2245 partes
715 2209 814 2234 vocat

50 2248 180 2279 Franhii
201 2247 359 2278 Callinum
379 2258 410 2290 p.
429 2248 505 2279 200.
530 2254 563 2278 et
588 2250 687 2279 Moser
709 2250 814 2279 Thier-

49 2294 125 2324 schiz‘
164 2291 296 2322 lJissert.
333 2291 375 2323 de
409 2292 578 2324 Gnomicis
611 2292 813 2323 Carminibus

51 2337 206 2367 Graecor.
231 2337 264 2367 Ρ.
293 2342 436 2377 poster„
474 2348 557 2378 quae
588 2344 638 2368 est
668 2337 699 2368 in
727 2341 814 2369 Actt.

50 2381 201 2411 Monace.
226 2381 283 2411 ΙΙΙ.
306 2378 337 2412 3}-
382 2381 557 2422 Anapaesti
581 2389 688 2412 autem
715 2382 816 2423 pedes

51 2423 211 2467 aptissimi
232 2431 307 2455 sunt
330 2424 372 2455 ad
394 2425 584 2455 excitandos
607 2426 813 2457 inflamman-

50 2470 175 2512 dosque
204 2469 340 2501 animos.

116 2517 168 2554 qui
192 2516 297 2553 labor,
322 2518 457 2554 quantus
479 2516 628 2555 ayminis]
664 2515 701 2545 D.
726 2515 810 2547 Lall.

51 2558 134 2592 Oliv.
148 2559 232 2590 Mos.
246 2570 270 2590 c.
286 2570 351 2590 uno
364 2558 411 2591 El.
431 2563 465 2590 et
487 2563 621 2599 artanius
642 2570 673 2590 a.
708 2559 813 2591 Etiam

53 2605 185 2635 Wesenb.
211 2605 280 2634 Em.
306 2605 344 2634 ΙΙ.
371 2615 401 2646 p.
419 2602 493 2642 43„
529 2603 583 2646 qui
608 2603 813 2635 durissimum

51 2647 151 2679 habet
171 2648 374 2690 asyndeton,
402 2659 466 2690 quo
489 2651 624 2689 ayminis
644 2648 684 2679 ab
706 2648 814 2679 inter-

51 2692 159 2734 posito
184 2704 255 2725 voc.
282 2693 449 2736 utriusque
481 2693 617 2724 membri
650 2694 813 2724 communi

53 2738 140 2768 labor
160 2737 255 2779 plane
277 2737 463 2777 divellatur,
490 2737 697 2769 inserendum
721 2744 814 2779 putat

52 2784 100 2819 et,
135 2792 242 2824 comp.
279 2783 383 2815 Divin
413 2785 433 2814 Ι

52 2829 186 2864 quantus
207 2827 340 2859 Fin.11.
367 2828 392 2869 §
410 2827 464 2861 67.

54 2868 129 2899 Div.
165 2869 197 2900 in
232 2871 462 2913 C1ec.§.4o.

52 2913 92 2944 V·
120 2913 148 2954 ,δ

53 2957 82 2999 §·
97 2957 172 2996 29„

469 2785 495 2827 ᾗ.
520 2784 579 2814 52:
620 2785 672 2822 qni
706 2783 754 2813 vir
788 2787 814 2814 el

514 2829 612 2870 Legg
638 2828 812 2869 11{.§.‘20.

511 2873 604 2903 Ver-,1
632 2874 683 2903 lll
735 2871 811 2903 .6().

171 2915 214 2946 03
235 2922 268 2946 et
294 2916 366 2948 149.
413 2918 511 2948 Tusc.
544 2919 597 2950 ΙΙΙ.
631 2924 658 2957 ς.
683 2917 734 2949 50.
773 2917 812 2947 V.

209 2964 242 2990 et
270 2960 312 2992 de
335 2961 454 2993 omisso
487 2966 513 2994 e!
547 2973 652 3004 comp.
679 2962 715 2992 V.
743 2963 810 2992 Ser.

847 903 903 934 ΙΙΙ.
928 902 979 941 17,
1026 902 1056 936 Τ.
1079 902 1133 941 20,
1159 901 1212 937 74.
1261 902 1343 935 Mihi
1365 914 1444 936 vero
1467 903 1611 935 omnium

846 948 918 979 fere
940 947 1037 980 codd.
1062 948 1224 991 scriptura
1247 948 1373 991 optime
1395 960 1466 980 sese
1490 949 1611 980 habere

845 993 985 1024 videtur.
1023 993 1215 1036 Asyndeton
1238 993 1270 1025 in
1289 993 1483 1037 gradatione
1504 994 1610 1036 aptis—

846 1038 963 1069 simum
997 1045 1065 1069 est.
1099 1049 1175 1078 quos
1208 1038 1241 1079 (i.
1268 1050 1296 1070 e.
1333 1039 1456 1082 quales)
1493 1042 1612 1071 labores

848 1083 982 1114 omnino
1004 1083 1166 1114 sustinent
1187 1084 1347 1115 exercitus
1371 1084 1487 1123 nostri,
1511 1094 1611 1124 quan-

847 1132 891 1159 tos
915 1134 1042 1166 autem,
1071 1127 1123 1159 ubi
1148 1135 1224 1159 sunt
1247 1128 1279 1159 in
1305 1129 1445 1181 agmine.

926 1174 1003 1213 ferre
1034 1175 1106 1212 plus
1139 1175 1298 1205 dimidiati
1329 1177 1442 1206 mensis
1473 1176 1608 1215 cibaria]

850 1220 982 1250 Orellius
1007 1229 1115 1260 comp.
1140 1218 1232 1249 Caes.
1260 1220 1293 1249 Β.
1319 1219 1354 1250 C.
1381 1221 1413 1257 Ι,
1440 1219 1500 1252 Τὸῑ
1536 1219 1612 1256 „le-

847 1262 985 1304 gionarii
1006 1262 1132 1293 dierum
1154 1264 1256 1294 XXlI
1279 1263 1320 1295 ab
1337 1263 1442 1295 Ilerda
1461 1263 1612 1295 frumeu—

847 1315 916 1339 tum
930 1306 1008 1338 iussi
1026 1314 1118 1338 erant
1137 1307 1294 1339 efferre.“
1321 1315 1352 1339 et
1372 1311 1452 1340 Voss.
1467 1309 1507 1340 ad
1522 1309 1611 1350 Virg.

849 1353 970 1393 Georg.
992 1363 1024 1394 p.
1040 1351 1119 1384 611.
1157 1352 1252 1383 Adde
1275 1355 1355 1385 Cort.
1378 1353 1419 1384 ad
1441 1354 1519 1386 Sall.
1543 1356 1609 1395 lug.

847 1397 953 1433 XLV,
979 1396 1010 1428 2.
1034 1396 1089 1438 qui
1113 1397 1252 1428 contulit
1271 1397 1342 1428 Liv.
1366 1399 1490 1430 XLIV.
1514 1399 1547 1436 2,
1571 1399 1610 1431 4:

849 1441 969 1472 Consul
982 1445 1173 1473 menstruum
1185 1443 1272 1473 iusso
1284 1441 1389 1473 milite
1401 1454 1511 1475 secum
1526 1444 1614 1474 ferre

804 1486 1030 1528 Mprofectus
1064 1488 1166 1518 Menh.
1184 1487 1216 1518 in
1233 1486 1390 1518 Obsenvx.
1403 1487 1491 1520 ined.
1505 1499 1612 1531 comp.

849 1531 1012 1564 Plutarch.
1039 1531 1135 1562 Marii
1168 1532 1266 1565 c.13.
1318 1533 1366 1563 De
1388 1544 1457 1576 seq.
1485 1535 1558 1573 plus
1581 1545 1610 1564 v.

847 1576 889 1608 ad
915 1575 1058 1613 111.2{‚)
1084 1576 1138 1610 73

925 1621 1087 1664 geruntur]
1123 1624 1272 1654 Davisius
1306 1629 1339 1653 et
1375 1624 1507 1655 Orellius
1542 1635 1613 1654 cum

849 1666 946 1698 codd.
970 1666 1017 1697 El.
1036 1667 1062 1697 1.
1087 1673 1119 1697 et
1133 1667 1245 1698 Duisb.
1267 1674 1300 1699 et
1323 1679 1424 1710 marg.
1446 1667 1497 1699 ed.
1525 1669 1611 1701 Crat.

848 1711 962 1754 legunt
996 1716 1105 1751 9erunt
1138 1723 1199 1754 pro
1233 1712 1433 1755 reliquorum
1468 1713 1612 1744 omnium

847 1761 1013 1797 9erunlur:
1049 1756 1136 1798 quod
1172 1756 1262 1788 nullo
1292 1757 1393 1789 modo
1425 1758 1612 1789 sollicitan-

849 1801 926 1832 dum
962 1807 1041 1832 erat.
1099 1803 1204 1842 Saepe
1240 1801 1325 1833 enim
1360 1803 1539 1845 scriptores
1573 1803 1613 1833 ab

848 1846 955 1878 activa
981 1846 1087 1877 forma
1110 1846 1289 1878 deflectunt
1312 1847 1353 1878 ad
1374 1847 1535 1889 passivam
1558 1854 1615 1878 aut

849 1903 866 1921 a
891 1902 976 1933 pass.
999 1890 1040 1921 ad
1061 1890 1212 1922 activam.
1243 1892 1281 1923 V.
1304 1894 1462 1923 Bremium
1481 1891 1522 1923 ad
1542 1892 1614 1923 Fin.

850 1936 900 1969 ΙΙ,
930 1935 986 1967 15:
1025 1935 1057 1966 Si
1090 1935 1177 1966 enim
1202 1935 1242 1966 atl
1273 1936 1483 1968 honestatem
1506 1936 1614 1968 onmia

848 1982 1040 2020 referantur,
1077 1992 1183 2022 neque
1215 1981 1247 2011 in
1275 1993 1311 2012 ea
1336 1982 1540 2024 voluptatem
1566 1983 1614 2013 di-

849 2029 919 2056 cant
941 2025 1056 2056 inesse.
1106 2025 1155 2055 Cf.
1179 2026 1266 2056 infra
1291 2028 1345 2057 ΙΙΙ.
1371 2026 1424 2064 28,
1450 2027 1503 2059 Tl.
1532 2034 1613 2057 extr.

847 2072 1024 2109 repulerunt
1041 2089 1094 2101 —.
1131 2070 1252 2102 Contra
1272 2073 1417 2103 dicuntur
1435 2071 1517 2102 haec
1538 2077 1613 2102 cett.

850 2115 904 2145 lv.
933 2113 975 2153 9,
1001 2115 1044 2146 ‘20
1067 2126 1116 2157 sq.
1152 2117 1326 2147 describunt
1348 2134 1390 2139 —
1413 2117 1612 2156 definiuntur.

848 2160 888 2190 V.
911 2158 975 2197 355,
1000 2156 1074 2198 94„
1108 2159 1161 2190 ubi
1185 2160 1228 2192 cf.
1253 2160 1337 2192 Adn.
1385 2161 1425 2192 V.
1454 2163 1614 2201 Wopkens.

848 2204 957 2236 Lectt.
981 2204 1069 2236 Tull.
1096 2206 1128 2241 Ι,
1161 2205 1211 2237 10.
1237 2217 1269 2248 p.
1289 2206 1331 2238 ὃὸ
1347 2216 1394 2248 sq.

916 2251 943 2281 si
965 2259 1040 2280 usus
1062 2250 1155 2292 ferat]
1193 2251 1249 2280 Est
1272 2249 1419 2291 egregria
1443 2249 1614 2280 coniectu—

849 2305 885 2326 ra
910 2295 1055 2325 Lambini
1080 2301 1112 2325 et
1135 2297 1281 2333 Bentleii,
1317 2305 1413 2336 qnam
1442 2293 1614 2325 confirmat

850 2339 944 2370 Mon.
965 2341 996 2369 ζ).
1012 2364 1020 2377 ,
1046 2350 1108 2381 pro
1129 2339 1215 2380 vulg.
1240 2341 1266 2370 si
1287 2348 1360 2370 usus
1380 2340 1465 2378 sorel.
1502 2338 1613 2370 Altera

852 2385 978 2415 Bentleii
1001 2383 1187 2414 coniectura
1209 2389 1258 2413 est
1282 2386 1309 2414 si
1334 2393 1408 2414 usus
1430 2383 1542 2423 suerit,
1578 2389 1613 2414 ut

852 2429 906 2458 lv.
927 2428 967 2465 3,
991 2429 1021 2459 Ξ).
1036 2453 1043 2465 ,
1070 2427 1122 2458 ubi
1148 2434 1256 2458 tamen
1277 2427 1308 2458 in
1332 2427 1435 2458 altera
1459 2428 1613 2459 enuntia-

849 2472 941 2503 tione
963 2472 1108 2502 suturum
1133 2471 1268 2513 legitur:
1295 2471 1336 2503 (le
1357 2472 1473 2503 ceteris
1496 2472 1613 2503 studiis

849 2516 914 2547 alio
935 2516 1011 2547 loco
1034 2518 1183 2555 dicemus,
1207 2519 1233 2547 si
1252 2527 1325 2548 usus
1346 2519 1448 2557 fuerit.
1496 2517 1561 2548 Off.
1591 2519 1613 2549 ῐ.

849 2560 910 2597 26,
936 2560 998 2591 07:
1024 2563 1050 2591 si
1071 2571 1145 2592 usus
1166 2565 1250 2593 esset.
1298 2562 1371 2593 Duo
1395 2563 1474 2593 Oxx:
1501 2562 1613 2604 legunt

848 2607 924 2644 fert:
950 2607 1000 2635 ΚΙ.
1025 2616 1042 2634 e
1061 2604 1145 2636 coni.
1169 2607 1253 2645 feret.

916 2651 1067 2688 expeditis
1100 2650 1220 2693 armis]
1259 2650 1321 2682 Mit
1355 2651 1611 2694 schlagfertigen

849 2694 1002 2731 VVass'en,
1028 2693 1074 2725 uti
1098 2694 1182 2726 bene
1205 2695 1305 2727 vertit
1333 2698 1468 2736 liolfius.

916 2738 1216 2780 6.3*⁴.q»1antum
1237 2743 1353 2780 experti
1372 2742 1527 2782 sumus]
1533 2741 1612 2777 ,Rev

848 2782 946 2824 spicit
967 2783 1086 2815 bellum
1113 2784 1206 2816 civile
1225 2785 1466 2828 Pompeianum,
1493 2785 1522 2815 in
1547 2796 1611 2826 quo

850 2827 930 2858 Caes
918 2838 970 2859 sar
992 2828 1106 2860 habuit
1128 2837 1359 2861 veteranorum
1382 2830 1523 2863 robor-:n
1559 2827 1613 2870 qui

850 2872 1064 2924 profligarunt
1078 2874 1294 2916 Pompeianos
1313 2885 1417 2905 novos
1438 2873 1557 2904 mitius
1580 2878 1613 2903 et

850 2916 1117 2949 inexercitatos.“
1147 2921 1255 2951 Moser.
1282 2920 1381 2951 Menh.
1404 2918 1425 2948 l.
1447 2917 1478 2949 d.
1504 2928 1612 2958 comp.

851 2961 1014 2995 Plutarch.
1039 2964 1131 2995 Caes,
1154 2975 1180 2995 c.
1195 2961 1248 2996 40.
1266 2961 1319 2995 412.
1347 2961 1490 3005 Pompei.
1514 2974 1540 2994 c.
1557 2960 1611 2996 64.
