1863 3221
252 87 289 123 X
810 91 1023 122 EPISTOLA
1048 89 1251 121 EDITORIS

250 184 656 248 persequendisque
686 181 1067 241 disquisitionibus
1093 181 1410 229 assuefaciendi
1435 183 1619 230 materia
1645 199 1807 247 suppe-

253 276 480 322 ditaretur.

385 363 709 411 Adnotationes
739 365 918 408 nostrae
940 362 1101 424 partim
1122 367 1359 409 versantur
1391 363 1437 409 in
1458 364 1671 411 librorum
1695 366 1806 412 scri-

248 459 379 516 ptura
415 452 698 499 examinanda
725 452 844 498 etad
876 451 1048 498 criticae
1094 468 1292 498 normam
1332 455 1600 513 revocanda,
1645 455 1805 516 partim

247 545 293 589 in
319 542 588 604 exponendis
617 542 764 589 verbis
797 541 1116 601 sententiisque
1156 558 1202 588 ac
1238 544 1370 589 rebus
1407 543 1669 604 aperiendis.
1740 544 1806 591 Ac

247 633 437 693 primum
458 632 597 679 dicam
623 632 674 678 de
698 631 860 678 critica.
934 630 1121 677 Secutus
1153 647 1251 677 811111
1278 648 1373 678 011111
1397 632 1552 679 Neidio
1576 635 1800 680 recensio-

246 738 346 768 nem
369 722 545 780 Wolfii,
584 722 681 781 qui,
717 721 830 766 miro
854 720 1019 782 ingenii
1043 721 1238 766 acumine
1263 726 1445 768 ornatus
1460 758 1471 780 ,
1509 723 1806 782 exquisitissia

247 829 315 858 ma
342 811 652 858 Ciceronianae
677 810 1008 857 consuetudinis
1037 810 1338 870 orationisque
1363 811 1602 872 elegantiae
1626 813 1806 858 scientia

247 903 468 960 munitus,
504 917 672 948 summa
694 900 879 960 (lenique
903 899 1075 946 criticae
1097 899 1302 946 facultate
1323 901 1592 960 instructus,
1628 901 1675 947 in
1696 903 1807 948 scri-

245 997 399 1054 pturae
426 991 680 1053 integritate
717 990 991 1037 restituenda
1027 990 1288 1036 excellenter
1324 996 1529 1038 versatus
1561 996 1641 1038 est.
1713 992 1805 1038 Ita-

247 1097 329 1141 que
366 1082 448 1127 etsi
482 1081 709 1127 nonnullis
738 1080 847 1125 locis
879 1080 927 1125 in
963 1080 1181 1140 scriptura
1206 1096 1230 1125 a
1253 1079 1414 1126 Wolfio
1448 1085 1623 1141 recepta
1656 1081 1805 1141 acqui—

246 1185 392 1216 escere
420 1185 511 1215 non
533 1169 682 1230 potui,
717 1173 888 1225 tamen,
927 1182 1061 1226 quum
1093 1184 1142 1212 ea
1164 1173 1207 1212 et
1230 1185 1367 1228 pauca
1399 1175 1548 1215 essent
1583 1186 1664 1217 nec
1688 1171 1806 1217 eius-

246 1260 388 1317 modi,
424 1263 474 1304 ut
498 1257 823 1319 elegantissima
848 1256 924 1302 illa
946 1257 1144 1302 recensio
1172 1257 1413 1304 deserenda
1434 1263 1566 1316 esset,
1603 1274 1713 1318 eam,
1749 1276 1802 1305 ne

244 1349 469 1396 levissima
492 1349 667 1408 quidem
687 1347 878 1393 admissa
898 1347 1154 1405 mutatione,
1190 1347 1278 1393 nisi
1301 1348 1417 1407 quod
1436 1347 1654 1394 hincinde
1677 1365 1802 1410 aper-

244 1440 415 1485 tissima
440 1437 812 1500 interpunctionis
841 1436 972 1495 vitia,
1010 1452 1118 1496 quae
1145 1436 1463 1483 sententiarum
1487 1437 1802 1500 intelligentiae

249 1530 499 1587 officerent,
535 1528 721 1585 sustuli,
756 1528 974 1588 integram
998 1527 1283 1588 repetendam
1307 1527 1471 1574 curavi.
1541 1529 1701 1590 Magna
1719 1529 1805 1575 iam

247 1619 579 1665 adnotationum
607 1634 803 1664 mearum
827 1621 951 1679 parte
974 1617 1243 1678 perscripta,
1291 1617 1338 1662 111
1375 1617 1515 1663 11100111
1543 1619 1806 1679 prodierunt

249 1709 540 1767 Tusculanae,
571 1708 727 1755 Orellii
754 1707 980 1769 diligentia
1004 1711 1132 1767 atque
1154 1707 1349 1752 acumine
1371 1707 1637 1753 recensitae:
1677 1724 1804 1767 quam

245 1799 483 1845 editionem
506 1815 639 1859 qumn
662 1797 832 1844 eximiis
853 1797 981 1843 1101118
1003 1797 1201 1844 viderem
1222 1797 1482 1843 cumulatam
1507 1802 1549 1842 et
1568 1798 1805 1859 compluri—

243 1890 325 1934 bus
351 1889 459 1934 10018
488 1905 510 1934 3
535 1888 754 1934 Wolfiana
789 1887 1045 1933 recensione
1072 1887 1414 1947 discrepantem,
1458 1886 1565 1945 feci,
1612 1891 1682 1945 ut,
1732 1903 1805 1933 re—

244 1978 443 2024 tractatis
473 1994 579 2037 quas
608 1977 872 2037 scripseram
895 1976 1252 2022 adnotationibus
1277 1976 1463 2034 criticis,
1499 1978 1549 2022 ab
1578 1976 1704 2022 initio
1727 1993 1806 2023 us-

249 2083 330 2127 que
365 2067 419 2113 ad
454 2067 584 2113 finem
619 2066 729 2111 113110
766 2065 1067 2111 recensionem
1107 2082 1202 2111 011111
1234 2065 1453 2111 Wolfiana
1486 2066 1730 2112 conferrem
1764 2071 1806 2112 et

243 2162 381 2204 totam
419 2156 682 2204 variantium
725 2156 1066 2216 scripturarum,
1113 2156 1161 2201 ab
1189 2154 1356 2202 Orellio
1383 2159 1682 2213 enotatarum,
1727 2156 1807 2201 811-

244 2263 367 2306 vam,
415 2251 576 2307 quanta
603 2246 789 2291 maxima
818 2261 994 2306 possem
1030 2245 1255 2306 diligentia
1286 2244 1646 2306 pervestigarem.
1717 2245 1806 2291 Nec

247 2337 441 2399 profecto
461 2336 713 2398 poenitebat
734 2351 801 2381 me
825 2335 935 2381 hanc
952 2336 1230 2381 collationem
1251 2334 1516 2392 instituisse,
1538 2334 1804 2380 laboriosam

244 2427 365 2472 illam
389 2427 578 2486 quidem,
615 2426 693 2472 sed
715 2425 914 2472 maximis
939 2425 1214 2471 coniunctam
1235 2422 1476 2483 fructibus,
1511 2439 1613 2469 nam
1633 2424 1679 2470 in
1702 2439 1805 2485 per-

250 2532 377 2576 quam
402 2516 553 2562 multis
579 2516 712 2573 locis,
757 2516 803 2562 in
831 2516 985 2576 quibus
1011 2514 1135 2577 prius
1157 2530 1315 2575 anceps
1342 2518 1385 2559 et
1421 2513 1577 2559 dubius
1612 2513 1803 2559 haesita-

249 2622 422 2664 veram,
456 2620 572 2651 nunc
607 2605 683 2650 lux
718 2605 824 2650 1111111
859 2606 1173 2652 accendebatur
1210 2602 1464 2650 clarissima,

382 2696 477 2742 Iam
496 2711 628 2753 vero,
668 2710 799 2753 quum
827 2694 1014 2741 Wolfius
1042 2695 1088 2740 in
1114 2695 1302 2740 editione
1328 2693 1472 2738 suain
1493 2692 1580 2738 imo
1606 2692 1801 2752 margine

247 2785 538 2832 Ernestianae
570 2784 841 2830 recensionis
869 2784 1169 2836 diversitatem
1194 2782 1450 2840 subiecerit,
1494 2786 1544 2827 ut
1577 2797 1664 2827 uno
1700 2796 1805 2827 con-

249 2880 399 2935 spectu
425 2874 773 2936 intelligeretur,
812 2873 968 2933 quibus
996 2875 1127 2920 rebus
1152 2874 1255 2920 haec
1279 2888 1355 2918 sua
1381 2870 1577 2918 recensio
1606 2869 1803 2916 differret
