1832 3137
659 112 821 144 einen
850 113 888 143 n.
916 112 956 154 e,
981 112 1034 145 20.
1549 104 1620 146 197

65 190 225 232 Difficile
251 190 354 230 (lietu
378 190 547 241 videtur,
583 204 667 231 eum
691 205 767 231 nou
795 191 833 231 in
863 192 962 231 malo
985 205 1090 242 esse,
1124 198 1162 232 et
1187 205 1326 246 magno
1353 193 1521 246 quidem,
1556 194 1617 247 qui

59 264 111 304 ila
143 264 310 304 clamare
343 271 521 317 cogatur.

172 334 286 376 Vm.
335 343 403 377 20.
435 334 513 377 Sed
537 336 739 377 videamus
763 335 972 377 Herculem
996 338 1134 392 ipsum,
1169 339 1230 393 qui
1255 345 1331 379 tum
1355 339 1488 379 dolore
1516 341 1616 379 fran-

56 409 235 463 gebatur,
271 423 385 463 quum
405 409 736 450 immortalitatem
758 410 840 464 ipsa
857 413 872 436 1
902 417 1025 450 morte
1049 411 1273 465 quaerebat.
1328 410 1437 465 Quas
1462 412 1522 452 hic
1548 427 1616 452 vo-

57 496 123 522 ees
153 483 251 537 apud
276 481 510 537 Sophoclem
541 483 579 523 in
602 482 826 523 Trachiniis
856 483 955 523 edit!
990 484 1050 523 cui
1076 499 1192 537 quum
1215 483 1399 525 Deianira
1426 485 1616 538 sanguine

59 553 249 596 Centauri
289 556 446 596 tinctam
486 556 656 597 tunicam
698 555 911 606 induisset,
960 556 1271 611 inhaesissetque
1303 572 1348 598 ea
1379 558 1613 606 visceribus,

57 628 111 668 ait
141 628 230 669 ille:

227 706 257 741 O
287 701 404 741 malta
433 705 536 741 dictu
563 699 720 754 gra'm'a,
748 717 930 754 perpessu
957 699 1106 754 aspera,

227 777 329 824 Quae
357 779 515 826 corpore
544 777 777 815 eoeaneldtffl
809 784 921 828 atque
949 779 1071 815 animo
1096 778 1268 828 pertuli!

225 850 304 886 Nec
334 850 432 886 mila·
458 851 612 887 Iunonis
643 851 768 888 terror
798 845 1057 900 implacabiles,

224 922 303 959 Nec
334 924 480 960 trintum
512 925 657 961 invent
684 926 810 961 tristis
839 925 1076 974 Em’ystleet'zs
1106 925 1208 970 mali,

227 996 411 1044 Quantam
442 998 517 1034 zvm
548 1010 676 1034 vecors
708 999 823 1034 Οέηθί
845 1003 962 1047 partu
992 998 1105 1034 edita.

224 1071 326 1106 Haec
356 1082 412 1106 me
440 1071 610 1107 irretivit
636 1071 734 1107 ve'ste
751 1070 900 1122 secriale’
927 1072 1100 1115 inscz'mn,

226 1143 328 1190 Quae
359 1142 477 1179 la'tere
494 1144 510 1168 ³
545 1144 743 1180 inhaerens
770 1144 897 1180 morsu
928 1144 1074 1180 lacerat
1101 1144 1246 1180 viscera

146 1270 234 1302 Vm.

284 1268 298 1301 1
326 1271 366 1301 D.
381 1277 535 1313 c.,quatt.
561 1272 642 1301 Oxx.
663 1277 696 1301 et
712 1270 865 1302 Cantabr.
885 1272 1000 1310 ipsam,
1026 1270 1123 1312 plane
1144 1276 1260 1301 contra
1273 1270 1440 1302 Ciceronis
1458 1277 1614 1307 mentem,

56 1326 140 1357 quae
164 1321 233 1346 est:
258 1319 428 1346 mortem
453 1317 558 1346 adeo
583 1318 786 1354 oppetens
808 1317 975 1354 quaerebat
999 1317 1084 1346 imm.

1132 1313 1153 1346 2
1178 1314 1231 1346 Sic
1243 1317 1296 1346 Or.
1311 1327 1338 1347 c.
1358 1316 1395 1346 R.
1416 1314 1500 1347 Pith.
1528 1315 1615 1346 Gud.

58 1358 130 1391 1.2.
151 1360 189 1392 H.
213 1358 290 1390 trib.
319 1361 399 1390 Oxx.
423 1358 559 1401 aliisque
582 1358 679 1391 codd.
703 1365 736 1390 et
759 1358 810 1391 ed.
826 1359 1007 1391 vet.ssoul1.
1028 1360 1134 1398 CMD,
1160 1366 1271 1397 reete3
1297 1359 1415 1402 iunge:
1442 1370 1521 1400 quae
1543 1370 1615 1400 per-

52 1406 109 1436 tuli
126 1406 292 1435 exanclato
314 1414 340 1435 c.
367 1407 430 1443 atq.
453 1414 508 1443 a.;
531 1403 586 1435 alii
610 1403 707 1435 codd.
721 1410 755 1434 et
779 1403 853 1436 edd.
877 1406 1060 1444 exanclato,·
1083 1404 1216 1446 inepte3
1243 1404 1341 1436 codd.
1365 1405 1492 1447 aliquot
1519 1405 1558 1435 L.
1582 1404 1613 1434 b.

53 1448 158 1480 Rehd.
183 1451 348 1480 exanclavz·
371 1449 575 1491 (exantlavi).
622 1450 671 1480 De
692 1448 854 1492 scriptura
876 1451 997 1480 exancl.
1022 1460 1053 1479 v.
1076 1448 1119 1479 ad
1146 1450 1167 1480 l.
1189 1447 1254 1487 35,
1279 1447 1334 1481 86.
1380 1448 1402 1481 3
1430 1460 1460 1482 v.
1477 1448 1560 1479 Adn.

54 1513 141 1548 1048
164 1527 236 1559 sqq.
275 1515 327 1547 ed.
360 1515 503 1558 Weigel.
538 1516 622 1548 1035
646 1527 718 1559 sqq.
762 1515 814 1547 ed.

54 1561 165 1593 Herm.
199 1561 357 1601 Fuerunt,
382 1560 436 1603 qui
457 1561 545 1592 hunc
564 1560 739 1603 Sophoclis
760 1561 816 1593 lo·-

55 1617 128 1637 cum
151 1617 217 1638 non
242 1617 260 1636 a
283 1605 462 1644 Cicerone,
496 1607 556 1638 sed
587 1606 628 1637 ab
653 1605 752 1637 Accio
783 1606 816 1637 in

52 1650 207 1682 Latinum
231 1662 416 1682 sermonem
443 1662 636 1682 conversum
661 1662 731 1682 esse
761 1663 817 1682 ar-

55 1695 272 1727 bitrarentur:
299 1707 317 1727 a
337 1707 398 1738 qua
423 1695 580 1737 opinione
602 1696 741 1727 maxime
765 1696 817 1726 vi—

56 1740 154 1772 detur
177 1740 356 1771 abhorrere
379 1740 479 1771 totius
510 1741 668 1772 orationis
699 1741 816 1772 metri-

54 1797 117 1828 que
140 1785 370 1822 conformatio,
397 1797 479 1828 quae
500 1785 541 1817 ad
560 1785 649 1817 Accii
671 1786 817 1828 antiqui-

53 1837 158 1862 tatem
179 1830 266 1862 haud
289 1830 386 1862 facile
405 1830 552 1862 revocari
573 1830 688 1873 possit.
716 1832 817 1862 Prae—-

55 1882 144 1907 terea
170 1877 302 1908 Orellius
325 1876 444 1913 docet,
469 1875 622 1918 antiquos
647 1876 818 1906 Romano»

54 1931 125 1952 rum
143 1920 287 1962 tragicos
310 1920 477 1963 longiores
502 1921 703 1951 Graecorum
726 1920 818 1951 locos

52 1976 219 2008 nunquam
253 1971 323 1996 tam
357 1965 399 1996 ad
435 1965 569 1996 verbum
604 1965 818 2000 convertisse,

55 2021 152 2052 quam
175 2010 230 2040 hic
250 2010 375 2040 factum
397 2009 458 2045 sit3
485 2008 705 2052 (longissimus
730 2008 819 2040 Accii

57 2054 148 2085 locus
181 2054 357 2085 duodecim
387 2065 539 2085 versuum
568 2061 618 2085 est
642 2054 683 2084 N.
711 2055 750 2086 D.
776 2055 816 2091 ΙΙ,

55 2099 144 2139 35.;)
171 2098 313 2141 denique
336 2099 526 2130 Ciceronem
546 2110 704 2141 nusquam
726 2098 818 2130 locos

55 2143 140 2175 tanti
163 2143 302 2174 ambitus
326 2155 344 2174 e
369 2143 493 2175 Latinis
522 2143 654 2186 tragicis
676 2143 719 2175 ad
741 2154 819 2174 ver—

56 2187 133 2220 bum
155 2187 350 2220 reddidisse.

131 2233 313 2276 visceribus]
350 2243 402 2264 am
435 2235 569 2265 Fleische
613 2234 726 2276 (unter
760 2232 820 2264 der

57 2278 171 2318 Haut).
218 2279 258 2309 V.
281 2278 322 2308 ad
351 2275 406 2312 14.
431 2276 485 2310 34.

123 2331 202 2362 quae
225 2323 363 2374 corpore]
391 2323 533 2354 Graece.
560 2322 619 2356 καὶ
641 2322 739 2367 χερσὶ
762 2322 821 2356 και

55 2364 190 2399 νώτοισι
226 2364 405 2409 μοχξτῆσας
437 2366 525 2409 ἐγώ·
563 2367 649 2398 unde
674 2370 822 2399 Davisius

58 2410 243 2452 suspicatur
259 2410 452 2441 Ciceronem
473 2422 533 2452 pro
553 2411 685 2445 νώτοισι
704 2412 822 2454 legisse

57 2453 179 2493 νόοισι;
215 2461 249 2486 at
274 2454 389 2486 Cicero
416 2456 542 2486 Graeca
576 2455 709 2487 liberius
744 2467 822 2488 ver-

58 2506 129 2531 tere
153 2499 249 2531 solet.

124 2546 251 2576 Iunonis
265 2548 363 2575 terror
377 2545 601 2585 implacabilis]
624 2546 748 2576 lunonis
763 2548 824 2576 ter-

58 2599 158 2621 rorem
178 2600 238 2631 pro
257 2591 371 2621 Iunone
385 2591 513 2621 terribili
532 2588 656 2619 dictum
670 2599 740 2619 esse
758 2600 824 2631 pu-

58 2639 108 2665 tat
130 2636 308 2673 Nissenius;
346 2635 473 2674 Wolfius
504 2633 743 2676 interpretatur
767 2635 824 2664 Iu-

60 2678 155 2709 nonis
175 2678 277 2716 iram,
303 2690 366 2721 qua
390 2678 523 2710 Herculi
545 2685 708 2710 terrorem
729 2678 825 2709 incu-

57 2721 122 2758 -tit3
148 2722 316 2765 eleganter
332 2725 484 2756 Kernius:
509 2723 618 2754 Selbst
641 2725 737 2754 lunos
760 2733 825 2753 un-

62 2766 258 2798 vers6hnter
279 2768 579 2811 Schreckensgroll.
618 2767 825 2799 Adiectivum

65 2813 297 2850 implacabilis·
288 2813 377 2855 iungi
397 2814 500 2856 possit
520 2825 593 2845 cum
608 2815 744 2852 lunonis,
768 2811 825 2843 sed

64 2855 167 2897 magis
189 2857 319 2898 poetice
340 2864 373 2889 et
399 2858 559 2900 exquisite
583 2858 729 2899 iungitur
754 2868 825 2888 cum

63 2904 182 2940 terror,
215 2901 263 2932 uti
288 2902 401 2947 paullo
424 2910 510 2955 post·
525 2905 689 2944 biformato
712 2905 829 2942 impetu

67 2947 263 2985 centaurus‚·
286 2958 313 2979 c.
328 2946 372 2990 9,
391 2948 453 2981 21:
479 2947 545 2980 vim
568 2958 737 2980 coruscam
760 2946 828 2978 ful-

851 1515 958 1547 minis.
1016 1517 1132 1547 Inanes
1166 1515 1263 1558 plane
1297 1522 1374 1546 sunt
1408 1515 1616 1547 coniecturae

849 1563 963 1601 fervor,
986 1562 1075 1601 furor
1097 1572 1158 1603 pro
1180 1565 1287 1593 terror.
1322 1560 1527 1592 Vocabulum
1547 1564 1617 1592 tan—

850 1610 927 1646 tum,
952 1605 1042 1648 quod
1055 1605 1088 1636 in
1107 1605 1257 1649 sequenti
1273 1617 1366 1637 versu
1381 1605 1512 1648 legitur,
1537 1617 1615 1648 per—

849 1651 936 1682 tinet
960 1650 1059 1681 ctiam
1083 1650 1126 1682 ad
1147 1651 1236 1682 hunc
1259 1662 1399 1682 versum.

929 1698 1024 1727 tristis
1048 1696 1250 1738 Eurystheus]
1286 1695 1383 1738 Apud
1416 1695 1616 1738 Sophoclem

852 1739 1013 1782 στυγνόςς
1040 1748 1089 1771 est
1109 1747 1255 1772 nostrum
1281 1742 1394 1780 finster.
1443 1740 1533 1771 Infra
1560 1741 1615 1770 ΠΙ.

853 1788 893 1823 ἓ),
926 1789 973 1817 Μ.
1009 1788 1039 1827 (e
1065 1786 1177 1827 po'c‘tal
1211 1785 1358 1816 tristibus
1383 1784 1449 1815 iris.
1496 1787 1615 1816 Nissen.

852 1831 1090 1872 interpretatur
1111 1839 1262 1869 severum,
1284 1832 1396 1869 ferum,
1424 1831 1549 1869 Wolfius
1567 1830 1616 1860 ‘in-

853 1878 977 1906 uisum:
1015 1875 1120 1904 minus
1152 1875 1245 1904 bene.
1297 1874 1383 1904 lnsra
1408 1875 1447 1904 V.
1471 1873 1534 1911 32,
1560 1872 1614 1904 91.

851 1922 1000 1950 tristiores
1021 1926 1071 1948 est
1090 1920 1314 1957 verdriesslich‚
1338 1920 1527 1957 verstimmt,
1550 1928 1617 1948 non

851 1966 982 2003 tratti-1¹9.
1039 1964 1078 1994 V.
1113 1964 1301 1995 Doederlim'i
1334 1965 1462 2006 Synon.
1495 1963 1536 1995 T.
1561 1963 1615 1993 lli.

853 2020 885 2050 p.
912 2009 988 2040 234.

919 2063 1025 2085 vecors
1046 2055 1139 2085 Oenei
1159 2057 1254 2092 partu
1274 2052 1372 2095 edita]
1407 2053 1500 2091 Quae
1523 2051 1619 2082 Cice-

852 2097 925 2130 roni
948 2107 1053 2129 vecors
1075 2096 1215 2135 dicitur,
1251 2109 1288 2129 ea
1310 2096 1397 2139 apud
1420 2096 1618 2138 Sophoclem

853 2142 944 2174 audit
976 2142 1130 2179 δολῶττις.
1179 2145 1287 2174 Vecors
1317 2142 1406 2173 idem
1437 2141 1620 2183 significare

855 2187 1004 2225 videtur,
1042 2187 1131 2229 quod
1164 2189 1308 2227 demens,
1343 2188 1445 2226 furore
1469 2189 1619 2224 correpta,

852 2235 977 2265 insana.
1027 2232 1080 2263 Sic
1104 2232 1238 2264 Festus:
1275 2241 1381 2263 vecors
1413 2237 1463 2262 est
1496 2230 1619 2260 turbati

855 2285 888 2309 et
912 2277 988 2308 mali
1014 2276 1134 2308 cordis.
1194 2278 1282 2307 Inest
1310 2276 1342 2306 in
1367 2276 1432 2306 hoc
1457 2273 1619 2306 vocabulo

854 2321 1076 2365 improbitatis
1100 2328 1133 2352 et
1156 2320 1302 2352 malitiae
1325 2319 1429 2350 notio.
1478 2319 1517 2350 V.
1547 2321 1618 2349 For-

856 2369 957 2399 cellini
980 2367 1081 2399 Thes.
1107 2366 1215 2397 Latin.
1241 2376 1294 2395 vv.
1324 2365 1470 2395 vecordia
1503 2369 1537 2393 et
1569 2372 1620 2393 ve-

856 2422 933 2444 cors.
955 2429 1000 2435 —
1047 2413 1163 2442 Partus
1186 2420 1247 2451 pro
1270 2412 1339 2440 satu
1371 2407 1412 2438 de
1434 2418 1512 2439 sexu
1536 2405 1620 2438 virili

856 2456 1021 2488 rarissime
1043 2454 1184 2491 dicitur,
1215 2462 1324 2493 parere
1342 2458 1452 2483 autem
1477 2450 1622 2483 crebrius

859 2508 892 2531 et
912 2510 1028 2540 parens
1048 2498 1212 2529 communi
1231 2509 1289 2528 usu
1307 2497 1420 2528 tritum
1442 2503 1508 2532 est;
1535 2495 1622 2538 apud

859 2547 1005 2575 Graecos
1029 2543 1158 2585 saepius
1190 2541 1289 2579 τόκος
1321 2548 1354 2572 et
1382 2541 1503 2575 τίκτειν
1538 2541 1623 2572 lianc

858 2589 981 2620 habent
1019 2587 1303 2629 significationem.
1365 2589 1472 2618 Davis.
1514 2596 1621 2627 comp.

860 2632 1194 2675 50ph.0.c.1379:
1220 2631 1348 2669 Οἰνέως
1367 2631 1467 2670 τόκος
1479 2630 1623 2671 Τυδεύς,

861 2685 894 2709 et
917 2677 1055 2709 Philoct.
1080 2676 1164 2710 652.
1199 2676 1350 2718 Λαέρτου
1375 2676 1474 2714 τόκος
1497 2675 1622 2707 Ulixes.

865 2720 966 2754 1243:
990 2722 1040 2766 τῷ
1061 2720 1099 2756 δὲ
1112 2721 1276 2759 Ποίαντος
1297 2720 1402 2764 τόκῳ.
1441 2725 1483 2752 At
1510 2720 1624 2751 Cicero

861 2778 927 2798 non
950 2757 1057 2798 solum
1078 2771 1174 2806 partu
1197 2766 1300 2806 dixit,
1333 2765 1392 2796 sed
1416 2765 1515 2797 etiam
1540 2767 1621 2806 pon·-

861 2812 926 2843 tica
959 2811 1099 2854 quadam
1132 2811 1269 2843 audacia
1299 2810 1430 2841 addidit
1454 2811 1537 2842 edita
1563 2818 1624 2850 pio

863 2863 1046 2899 procreata.
1094 2859 1249 2889 Bentleius
1280 2855 1421 2887 coniecit
1446 2856 1545 2886 Oeneo
1566 2861 1626 2892 pa-

862 2906 905 2934 tre
929 2903 1031 2942 edita,
1063 2902 1220 2945 profecto
1243 2900 1333 2932 haud
1357 2896 1627 2941 improbabiliter.

931 2948 1026 2980 tatere
1046 2947 1223 2987 inhaerens]
1259 2945 1314 2977 Sic
1338 2946 1376 2976 D.
1404 2943 1489 2975 Mos.
1513 2943 1572 2975 Tr.
1596 2952 1627 2973 c.
