1832 3137
610 131 1031 174 LlssERIV.15,34.
1521 125 1605 168 349

40 214 182 264 sunt2,
215 211 305 266 quia
326 210 401 252 *hi
426 210 448 236 *
465 213 483 238 ³
517 225 595 252 non
622 219 698 252 tam
726 212 909 252 celeriter
931 218 1142 263 sanantur,
1175 226 1287 267 quam
1310 212 1375 254 illa
1401 213 1601 256 tolluntur.

38 292 107 328 55.
149 284 282 326 Habes
308 298 376 334 ea,
421 298 517 337 quae
544 285 590 325 de
620 284 974 338 perturbationibus
1007 285 1209 326 enucleate
1236 286 1432 341 disputant
1460 285 1601 339 Stoici,

41 372 139 413 quae
160 357 285 411 logica
308 356 518 411 appellant,
553 358 639 411 quia
665 357 909 397 disseruntur
930 357 1124 398 subtilius.
1173 357 1241 399 Ex
1264 359 1398 412 quibus
1422 360 1602 414 quoniam

40 438 220 484 tanquam
244 431 300 470 e4
324 429 594 484 scrupulosis⁵
625 430 775 470 cotibus
799 429 1024 482 enavigavit
1045 431 1193 481 oratio,
1237 431 1409 486 reliquae
1433 434 1603 488 disputa-

41 503 158 544 tionis
181 517 338 543 cursum
363 509 579 552 teneamus,
614 503 726 542 modo
750 502 844 542 satis
864 501 926 540 illa
952 502 1116 542 dilucide
1142 504 1357 545 dixerimus
1384 520 1452 560 pro
1474 521 1603 547 rerum

43 576 298 616 obscuritate.
361 575 413 615 A.
445 574 615 615 Prorsus
647 575 763 626 saiis3
810 574 877 614 sed
910 574 942 613 si
976 589 1073 628 quae
1093 577 1110 600 ⁵
1147 576 1366 630 diligentius
1395 587 1510 619 erunt
1539 594 1606 620 co-

42 649 281 703 gnoscenda,
317 662 548 702 quaeremus
575 648 692 699 alias,
728 661 831 687 nunc
857 647 963 698 vela,
998 661 1096 701 quae
1120 649 1234 688 modo
1256 649 1427 702 dicebas,
1462 666 1605 708 exspe-

46 729 196 762 ctamus
227 728 265 761 et
290 735 462 761 cursum.

153 793 251 834 XV.
312 799 381 834 34.
439 793 502 833 M.
537 791 704 845 Quando
728 799 766 832 et
788 792 873 834 aliis
897 793 992 834 locis
1016 794 1061 834 (le
1084 794 1228 835 virtute
1254 799 1320 835 et¹
1349 797 1532 850 diximus,
1567 808 1607 840 et

40 880 155 922 saepe
181 866 382 906 dicendum
415 865 512 916 erit,
557 865 782 920 (pleraeque
815 866 916 906 enim
954 866 1226 920 quaestiones,
1274 883 1372 922 quae
1410 871 1455 910 ad
1487 873 1604 912 vitain

42 953 248 993 moresque
274 939 491 994 pertinent,
535 953 557 978 a
580 938 736 979 virtutis
767 940 873 980 fonte
913 940 1144 995 ducuntur3)
1172 943 1323 995 quando
1345 943 1462 997 igitur
1483 945 1606 985 virtus

136 1062 157 1094 ‘2
182 1063 235 1094 Sic
259 1065 312 1094 Or.
337 1074 364 1094 c.
392 1062 490 1094 codd.
512 1062 605 1094 Leid.
632 1062 681 1094 El.
699 1062 729 1094 2.
768 1074 834 1094 uno
858 1065 916 1094 Ox.
952 1070 985 1095 et
1008 1064 1044 1095 L.
1071 1075 1087 1095 e
1111 1065 1194 1096 coni.
1232 1078 1292 1108 pro
1326 1067 1413 1110 vulg.
1439 1070 1514 1099 subl.
1545 1078 1606 1101 esse

44 1119 103 1141 uon
124 1112 271 1148 possunt3
306 1118 367 1140 non
400 1107 548 1138 additum
572 1107 648 1139 vdtr
669 1119 728 1144 eo,
763 1107 852 1150 quod
878 1108 1001 1139 librarii
1026 1109 1138 1140 oculus
1173 1110 1214 1141 ad
1237 1122 1305 1153 seq.
1338 1123 1396 1144 uon
1420 1112 1603 1144 aberravit:

45 1154 134 1185 cuius
156 1152 282 1195 generis
307 1152 455 1195 exempla
479 1153 580 1184 multu
605 1152 740 1195 collegit
767 1155 843 1184 Wes.
868 1154 935 1185 Em.
962 1154 986 1184 Ι.
1007 1165 1039 1196 p.
1058 1151 1088 1184 6.
1146 1153 1167 1185 3
1194 1167 1221 1186 ν.
1245 1156 1329 1187 Adn.
1375 1158 1397 1188 4
1422 1157 1476 1189 Sic
1499 1160 1552 1189 Or.
1579 1169 1606 1190 c.

46 1198 209 1241 plerisque
234 1196 351 1236 codd.‚
378 1197 475 1229 etiam
506 1198 559 1234 P.;
587 1197 661 1236 alii,
688 1198 787 1229 etiam
810 1198 870 1239 R.‚
895 1208 944 1229 ex
966 1208 1024 1229 scr.
1071 1198 1091 1229 5
1116 1210 1147 1229 ν.
1178 1199 1263 1231 Adn.
1320 1202 1396 1232 XV.
1448 1202 1462 1233 1
1493 1203 1547 1234 Sic
1567 1203 1608 1237 R.

45 1245 80 1275 1¹.
110 1242 196 1275 Gud.
213 1242 240 1274 1.
267 1241 426 1285 multique
448 1242 520 1279 alii3
548 1244 600 1273 Or.
624 1254 651 1273 c.
674 1242 760 1285 vulg.
788 1254 851 1276 om.
872 1246 918 1274 el:
943 1242 1031 1285 quod
1053 1243 1172 1286 probat
1199 1246 1275 1276 Wes-
1302 1247 1371 1277 Em.
1394 1248 1417 1279 Ι.
1441 1259 1474 1289 p.
1493 1245 1548 1279 31.

45 1318 209 1364 ἀμελοῦσι
228 1321 292 1362 τῆς
313 1318 516 1362 ἀσκήσεως,
542 1316 629 1353 οὕτω
653 1316 808 1353 κάκεῖ-

45 1378 116 1404 νος
145 1362 317 1408 η’μέλησεν
343 1362 467 1398 αὐτοῦς
505 1364 559 1396 ubi
584 1377 614 1396 v.
643 1365 808 1397 Adnotata

45 1417 170 1443 nostra.
228 1412 278 1441 De
313 1409 533 1441 collocatione
568 1409 742 1441 verborum
774 1411 808 1442 in

43 1458 186 1488 morbum
207 1458 242 1486 et
265 1456 403 1486 incidunt
423 1456 527 1494 lard.,
552 1458 587 1486 et
607 1464 683 1486 recr.
708 1465 753 1486 oc.
776 1467 806 1486 v.

46 1500 169 1533 Adnot.
192 1500 224 1531 in
248 1501 272 1531 Ι.
291 1499 346 1538 31,
369 1499 430 1531 75:
456 1501 521 1530 Hoc
543 1502 569 1531 el
591 1501 666 1531 dum
684 1502 808 1531 erimus.

111 1556 173 1578 non
195 1547 277 1577 enim
299 1546 331 1576 in
355 1546 420 1575 ulla
437 1546 566 1584 efferata
590 1548 617 1575 et
639 1545 806 1588 immania]

45 1591 100 1622 Sic
119 1592 173 1621 Or.
198 1589 239 1621 de
262 1589 430 1632 praeclara
456 1588 595 1620 Bentleii
621 1589 809 1621 coniectura

48 1635 163 1667 edidit.
210 1634 317 1665 Minus
341 1634 450 1676 placet
472 1633 575 1665 altera
601 1634 666 1665 eius
693 1634 808 1665 conie—

47 1687 150 1717 ctura,
177 1691 194 1710 a
215 1679 271 1710 W.
296 1685 447 1721 recepta:
475 1680 508 1710 in
529 1681 627 1709 ullam
649 1681 810 1719 efferatam

48 1730 74 1757 el
98 1727 285 1763 immanem,
309 1734 413 1766 neque
436 1722 554 1754 tertia:
582 1726 613 1755 in
637 1726 714 1755 vilia
739 1726 810 1763 effe-

48 1774 119 1802 rata
144 1773 170 1801 el
199 1771 364 1800 immania.
411 1767 578 1810 Scriptura
603 1768 751 1799 codicum
776 1775 810 1799 et

49 1814 124 1845 edd.
147 1820 227 1845 vett.
251 1824 312 1845 non
336 1815 416 1845 enim
436 1815 534 1844 multa
553 1816 683 1853 efferata
704 1818 730 1845 et
752 1816 811 1844 im-

47 1861 157 1891 monia
178 1858 275 1902 plane
295 1857 415 1889 insulsa
438 1864 498 1896 est,
522 1869 583 1889 nec
600 1858 679 1889 satis
699 1857 810 1889 mirari

48 1915 180 1948 possum
204 1914 276 1934 earn
300 1915 318 1934 a
339 1905 460 1934 Klotzio
483 1914 549 1934 non
569 1903 675 1934 solum
699 1903 731 1933 in
753 1914 811 1934 or·-

48 1949 158 1980 dinem
191 1948 364 1979 verborum
397 1954 586 1989 receptam,
622 1947 680 1978 sed
714 1948 812 1978 etiam

48 1994 132 2026 miro
168 1992 311 2036 quodam
345 1991 443 2023 animi
477 1993 608 2023 fervore
642 1992 812 2023 defensam

51 2050 139 2070 esse:
177 2048 360 2080 quanquam
395 2048 479 2068 nunc
513 2036 546 2067 in
571 2037 655 2068 Add.
683 2037 810 2079 p.1o3.

51 2084 194 2121 fatetur,
230 2093 301 2113 eam
331 2081 392 2112 sibi
422 2081 487 2112 iam
518 2093 583 2112 non
608 2082 812 2121 satisfacere,

51 2129 198 2170 etipse,
237 2126 291 2169 qui
318 2126 498 2157 Bentleium
532 2126 572 2157 ob
609 2126 813 2158 coniecturas

50 2185 123 2205 suas
153 2171 359 2203 acerbissime
391 2171 556 2213 exagitat,
592 2171 812 2203 coniecturam

52 2216 211 2261 proponit
229 2216 439 2248 Bentleianae
457 2216 573 2248 tertiae
589 2216 810 2248 consimilem:

53 2265 119 2296 Non
143 2264 223 2294 enim
247 2265 316 2293 sunt
341 2263 450 2293 vitia
473 2264 523 2302 eff.
548 2265 575 2293 et
597 2264 684 2294 imm.

117 2309 192 2347 quia
210 2308 241 2338 hi
257 2316 317 2338 non
335 2310 401 2337 tam
420 2309 554 2338 celeriter
571 2308 737 2348 sanantur]
760 2306 814 2337 Sic

53 2351 167 2393 scripsi
192 2363 209 2382 e
234 2351 319 2382 coni.
346 2352 381 2382 L.
422 2351 528 2393 Vulgo
552 2362 616 2383 om.
639 2354 679 2384 hi.
721 2354 774 2383 Or.
796 2362 813 2382 e

54 2396 138 2429 coni.
166 2397 204 2427 D.
228 2398 281 2434 qui
301 2406 360 2427 non
381 2398 446 2426 lam
470 2402 554 2432 etc.;
578 2396 731 2427 Klotzius
757 2407 813 2427 re-

53 2440 152 2473 tinuit
174 2439 349 2481 vulgatam.
390 2439 454 2470 Sed
477 2450 658 2481 pronomen
680 2451 813 2481 prorsus

55 2485 272 2517 necessarium
297 2491 365 2520 est,
403 2483 477 2526 quia
503 2495 542 2516 eo
568 2484 689 2515 omisso
718 2484 816 2516 verba

52 2541 114 2562 non
135 2534 200 2562 tam
219 2532 354 2561 celeriler
371 2533 524 2560 sanantur
555 2529 729 2560 referenda
763 2540 817 2560 es-

53 2582 127 2607 sent
146 2574 188 2606 ad
205 2576 293 2606 vilia.
332 2574 396 2605 Cur
415 2580 523 2604 nutem
541 2575 572 2605 hi
593 2591 637 2596 —
658 2576 724 2613 illa,
750 2585 816 2605 non

53 2623 153 2652 illi-
172 2621 247 2651 haec
268 2618 392 2650 dictum
415 2618 468 2656 sit,
495 2630 524 2649 v.
549 2618 591 2649 ad
615 2619 636 2648 l.
659 2616 713 2656 49,
742 2618 816 2651 117.

124 2667 152 2708 ᾗ.
171 2663 224 2697 33.
271 2664 387 2704 Habes]
414 2664 453 2694 V.
479 2663 522 2694 ad
547 2664 601 2694 111.
633 2662 682 2700 17,
708 2663 763 2695 ὃὸ.

122 2709 324 2751 scrupulosis]
363 2708 417 2739 Sic
451 2719 563 2739 omnes
593 2708 662 2738 fere
696 2705 815 2744 codd,

58 2752 176 2785 eodem
199 2753 324 2784 ducunt
348 2753 387 2785 R.
411 2754 444 2784 P.
467 2752 619 2791 Gud.1.,
645 2751 676 2782 in
701 2751 816 2794 quibus

57 2804 106 2829 est
123 2801 295 2837 scruplosis.
327 2800 380 2831 Or.
402 2809 419 2829 e
441 2798 525 2829 coni.
540 2796 691 2828 Lambini
714 2796 819 2827 edidit

58 2845 232 2882 scruposis‚·
254 2842 313 2873 sed
338 2842 425 2874 nulla
452 2854 563 2874 caussa
588 2848 656 2879 est,
683 2853 740 2872 cur
762 2852 817 2872 re-

58 2886 210 2918 cedamus
232 2898 249 2917 a
270 2887 356 2929 vulg.
390 2889 538 2920 Davisius
558 2885 734 2918 advocavit
754 2887 817 2916 Pa-

59 2942 129 2963 cuv.
153 2942 204 2973 ap.
222 2930 376 2964 Priscian.
399 2933 454 2963 VI.
481 2932 542 2964 col.
560 2931 642 2964 713:
668 2930 817 2962 Advenio

56 2976 89 3007 in
112 2975 333 3018 scrupulosam
355 2988 499 3019 specum.
547 2977 706 3008 Manutius
730 2974 816 3008 coni.

842 1323 1031 1360 scopulosis,
1067 1328 1101 1352 ut
1126 1329 1175 1353 est
1195 1321 1227 1353 in
1250 1335 1315 1355 uno
1340 1326 1398 1356 Ox.
1431 1331 1464 1356 et
1487 1325 1606 1368 legitur

842 1365 875 1395 in
896 1376 943 1396 or.
965 1365 997 1396 in
1013 1366 1131 1398 Caecil.
1151 1367 1198 1406 11,
1215 1366 1277 1400 36:
1302 1368 1334 1399 in
1355 1373 1513 1409 scopuloso
1536 1371 1608 1402 dis-

843 1409 985 1451 ficilique
1005 1409 1037 1441 in
1056 1410 1131 1442 loco
1153 1423 1272 1443 verser.
1292 1425 1351 1455 pro
1368 1415 1455 1446 Cael.
1471 1416 1525 1453 ¹31,
1544 1416 1583 1448 51
1599 1427 1605 1446 ε

844 1454 1012 1485 emersisse
1034 1454 1099 1486 iam
1125 1467 1142 1486 e
1168 1456 1258 1487 vadis
1282 1464 1314 1488 et
1338 1461 1480 1498 scopulos
1509 1472 1607 1501 prae—

842 1505 991 1530 tervecta
1016 1499 1146 1531 videtur
1170 1501 1276 1533 oratio
1301 1514 1383 1534 mea.
1433 1504 1606 1536 Heliodor.

844 1544 940 1586 epist,
961 1545 985 1575 I.
1008 1556 1040 1586 p.
1056 1543 1087 1576 4.
1109 1545 1159 1576 ed.
1173 1546 1275 1577 Vict.:
1303 1559 1320 1578 e
1340 1551 1509 1587 scopulosis
1528 1549 1608 1581 locis

845 1588 1031 1631 enavigavit
1057 1590 1175 1621 oratio.
1225 1591 1363 1633 Elegans
1398 1593 1530 1635 quidem
1559 1601 1608 1625 est

843 1635 925 1666 haec
950 1634 1158 1674 coniectura,
1193 1636 1253 1667 sed
1285 1637 1361 1668 huic
1392 1637 1468 1670 loco
1504 1638 1608 1670 minus

844 1685 940 1722 apta,
972 1690 1068 1722 quam
1094 1680 1182 1722 vulg.

911 1726 938 1755 si
969 1734 1048 1764 quoe
1071 1726 1250 1765 diligentius
1271 1732 1359 1759 erunt
1382 1729 1608 1772 cognoscenda]

845 1768 899 1800 Sic
922 1768 1017 1799 multi
1040 1769 1152 1807 codd,
1179 1770 1278 1802 etiam
1301 1772 1339 1802 R.
1361 1773 1395 1803 P.
1421 1773 1467 1815 tbi
1492 1776 1518 1805 si
1537 1775 1607 1814 que)

846 1812 933 1844 Gud.
959 1812 1008 1850 l.;
1046 1817 1099 1845 Or.
1126 1826 1151 1845 c.
1179 1816 1264 1857 vulg.
1294 1819 1319 1847 si
1343 1827 1416 1856 qua.
1464 1818 1497 1848 Si
1529 1819 1562 1849 h.
1587 1818 1609 1851 l.

845 1858 1003 1900 scriptum
1029 1865 1114 1889 esset
1136 1861 1162 1890 sl
1183 1870 1264 1899 qua,
1298 1861 1532 1903 intelligendae
1555 1874 1609 1893 es—

846 1909 919 1934 sent
942 1913 992 1933 res
1016 1903 1199 1945 quaelibet,
1225 1908 1251 1936 si
1273 1916 1352 1945 quae
1373 1913 1481 1938 autem
1504 1907 1609 1949 signi-

848 1948 923 1978 ficat
947 1954 1053 1978 certas
1074 1960 1136 1988 reS,
1163 1960 1245 1991 quae
1262 1950 1427 1992 pertinent
1441 1951 1482 1983 ad
1506 1952 1610 1994 ipsam

847 1992 1085 2035 quaestionem.
1144 1994 1215 2024 Puri
1249 1994 1349 2026 modo
1383 1996 1610 2028 substantivae

848 2038 975 2068 formae
997 2040 1024 2068 si
1044 2040 1132 2077 quis,
1159 2041 1185 2070 si
1205 2041 1274 2078 quis
1296 2042 1405 2080 homo,
1433 2045 1459 2073 si
1479 2053 1560 2082 qua,
1585 2044 1611 2074 si

848 2092 910 2122 qua
932 2092 997 2121 res,
1034 2084 1060 2113 si
1081 2084 1155 2122 quid
1187 2083 1227 2114 ab
1251 2084 1421 2116 adiectivis
1446 2087 1561 2118 formis
1584 2089 1611 2118 si

847 2129 920 2167 qui,
945 2129 971 2158 si
989 2129 1040 2166 qui
1062 2128 1170 2167 homo,
1195 2131 1221 2160 si
1241 2139 1331 2169 quoe,
1355 2133 1382 2161 si
1401 2142 1480 2170 quae
1501 2142 1560 2171 res,
1585 2133 1611 2163 si

846 2173 938 2212 quod,
963 2174 989 2202 si
1008 2173 1090 2211 quod
1110 2174 1249 2212 officium
1268 2173 1436 2215 differunt,
1464 2183 1498 2207 ut
1518 2176 1611 2220 prio-

847 2227 898 2247 res
928 2223 1141 2258 usurpentur,
1181 2218 1233 2248 ubi
1268 2219 1416 2252 universa
1449 2232 1611 2263 personae

847 2268 903 2292 aut.
923 2260 970 2292 rei
991 2261 1084 2292 notio
1103 2269 1273 2304 spectatur
1292 2270 1324 2294 et
1345 2265 1510 2306 quaelibet
1532 2278 1610 2308 per-

847 2317 927 2337 sona
951 2313 1006 2336 aut
1023 2318 1074 2337 res
1091 2306 1296 2349 intelligitur,
1322 2309 1536 2350 posterioreS,
1559 2310 1612 2341 ubi

848 2351 987 2393 qualitas
1009 2362 1169 2392 personae
1187 2358 1242 2382 aut
1257 2352 1303 2382 rei
1327 2353 1510 2395 respicitur,
1534 2354 1565 2385 l1.
1581 2366 1610 2385 e.

847 2406 987 2438 persona
1008 2402 1063 2426 aut
1087 2408 1156 2433 res,
1191 2396 1278 2427 cuius
1301 2404 1423 2428 certam
1448 2399 1612 2441 quandam

851 2440 1042 2483 qualitatem
1066 2440 1209 2482 scriptor
1230 2440 1260 2470 in
1284 2449 1394 2473 mente
1415 2443 1524 2481 habet,
1549 2456 1613 2475 no-

850 2491 950 2516 tatur.
1001 2484 1051 2515 Cf.
1074 2496 1133 2515 nos
1155 2484 1187 2515 in
1210 2486 1265 2516 Gr.
1282 2486 1320 2516 L.
1346 2490 1372 2524 §-
1393 2488 1463 2520 ΓΗ.
1485 2489 1611 2521 Not.2.

853 2530 942 2560 infra
958 2529 995 2560 V.
1011 2532 1042 2566 ὃ,
1059 2531 1112 2561 22.
1136 2537 1225 2560 recte
1245 2526 1363 2571 legitur
1383 2535 1409 2563 si
1429 2543 1508 2572 quae
1526 2544 1612 2573 pars.

853 2575 944 2612 Quae
968 2574 1166 2613 Scizrenbury.
1188 2575 1230 2606 ad
1255 2586 1302 2606 or.
1328 2587 1360 2617 p.
1387 2577 1481 2609 Arch.
1514 2586 1612 2620 poeta

852 2630 883 2660 p.
902 2619 946 2650 &25
960 2628 1030 2659 sqq.
1057 2617 1097 2648 de
1117 2619 1232 2650 formis
1253 2619 1431 2662 pluralibus
1453 2625 1480 2654 si
1498 2634 1559 2663 qua
1581 2630 1614 2655 et

851 2666 877 2695 si
901 2673 979 2702 quae
1004 2662 1202 2705 disputavit,
1232 2665 1356 2707 optime
1378 2678 1448 2698 sese
1471 2668 1612 2702 habent;

852 2719 935 2750 quae
955 2714 1063 2738 autem
1085 2707 1127 2738 de
1146 2708 1362 2751 singularibus
1383 2712 1496 2743 formis
1519 2712 1613 2751 (lixit,

852 2763 870 2783 a
890 2763 968 2782 vero
990 2751 1035 2783 ita
1057 2752 1195 2791 abeunt,
1223 2761 1256 2785 ut
1282 2756 1479 2788 contrarium
1502 2756 1612 2798 potius

851 2797 1059 2828 statuendum
1089 2797 1142 2829 sit.
1190 2799 1294 2831 Aliam
1326 2801 1486 2832 rationem
1519 2800 1614 2831 inivit

851 2843 939 2873 Beier
959 2841 1001 2873 ad
1023 2843 1086 2874 Oll'.
1109 2844 1146 2874 Il.
1172 2843 1211 2875 21
1226 2868 1233 2882 ,
1256 2844 1308 2877 7-1.
1334 2857 1365 2887 p.
1392 2842 1587 2877 142—144.

922 2886 997 2917 esp.
1012 2887 1085 2920 XV.
1110 2889 1137 2930 §-
1152 2888 1205 2920 34.
1231 2899 1250 2919 a
1273 2892 1395 2921 virlulz's
1413 2889 1507 2931 sonte]
1535 2888 1613 2921 H.e.

852 2942 870 2962 a
886 2930 1006 2962 virtute
1019 2938 1174 2974 tanquam
1188 2933 1293 2964 fonte.
1320 2935 1357 2964 V.
1372 2933 1413 2964 ad
1433 2935 1452 2963 l.
1467 2935 1519 2970 45,
1540 2933 1610 2965 105).

919 2978 1045 3016 quando
1058 2979 1169 3019 igilur]
1196 2979 1301 3020 Saepe
1319 2977 1405 3020 apud
1423 2976 1613 3009 Ciceronem
