1863 3221
195 120 270 163 154
734 119 1194 161 LtBER1.40‚96.97.

188 208 268 249 les!
303 220 416 261 quam
432 205 523 245 illud
545 205 650 245 iter⁵
671 203 878 244 iucundum
904 214 993 242 esse
1017 199 1146 250 debet,
1179 212 1254 253 quo
1274 200 1451 240 confecto
1472 199 1575 239 nulla
1596 200 1743 254 reliqua

187 294 302 331 cura,
345 278 449 319 nulla
473 277 691 318 sollicitudo
717 277 845 316 futura
870 273 942 314 sit!
1007 271 1133 326 Quam
1164 286 1227 312 me
1256 272 1421 313 delectat
1446 272 1739 314 Theramenes!

186 369 299 409 quam
322 353 423 393 elato
443 351 572 391 animo
594 351 675 390 est!
734 347 820 388 Etsi
844 348 947 389 enim
969 348 1126 396 flemus,
1160 359 1275 399 quum
1295 345 1486 399 legimus3
1520 352 1647 385 tamen
1667 359 1744 386 non

188 425 461 468 miserabiliter
485 424 547 464 vir
572 423 700 463 clarus
729 422 930 462 emoritur.
993 418 1069 473 Qui
1095 433 1232 473 quum,
1267 419 1466 459 coniectus
1487 418 1525 458 in
1546 430 1744 458 carcerem

188 500 344 554 triginta
375 498 483 538 iussu
507 504 777 552 tyrannorum,
810 508 1002 535 venenum
1025 500 1066 533 ut
1088 492 1225 532 sitiens
1254 490 1532 542 obduxisset⁶‚
1557 491 1746 544 reliquum

187 574 244 614 sic
275 587 296 613 e
328 571 465 627 poculo
490 570 627 620 eiecit,
667 576 708 609 ut
731 569 767 608 id
795 574 1022 608 resonaret:
1069 580 1143 620 quo
1170 566 1299 605 sonitu
1325 565 1497 614 reddito,
1542 564 1743 604 arridens:

191 646 419 700 Propino,
450 643 597 697 inquit,
636 642 716 683 lzoc
736 641 922 696 pulchro
950 639 1139 689 Critiae,
1180 639 1243 693 qui
1268 638 1307 678 in
1328 651 1415 678 eum
1441 638 1566 678 fuerat
1592 636 1747 677 teterri-

188 733 273 760 mus
286 721 326 759 ⁷.
390 717 535 758 Graeci
559 716 661 756 enim
685 715 724 755 in
748 714 940 755 conviviis
962 713 1090 753 solent
1114 712 1336 762 nominare,
1378 711 1439 751 cui
1464 711 1643 765 poculum
1670 716 1748 750 tra—

189 792 303 834 dituri
330 792 422 832 sint.
484 789 601 831 Lusit
621 789 683 830 vir
710 786 892 842 egregius
915 793 1092 827 extremo
1116 785 1276 840 spiritu,
1320 799 1436 839 quum
1464 784 1539 824 iam
1565 797 1748 838 praecor-

189 867 262 907 diis
285 872 512 919 conceptam
544 869 706 903 mortem
734 861 976 911 contineret,
1019 872 1190 913 vereque
1216 858 1275 909 ei,
1319 858 1379 898 cui
1413 871 1607 898 venenum
1638 870 1747 911 prae-

188 939 361 988 biberat,
406 943 570 977 mortem
612 949 697 976 eam
735 941 796 974 est
843 939 1076 987 auguratus,
1119 945 1217 985 quae
1261 931 1370 972 brevi
1419 937 1630 970 consecuta
1670 936 1745 970 est.

193 1018 262 1054 97.
297 1009 396 1064 Quis
423 1010 520 1050 hanc
547 1007 707 1048 maximi
732 1007 848 1048 animi
866 1009 884 1033 Β
910 1005 1142 1059 aequitatem
1163 1004 1202 1044 in
1231 1004 1314 1058 ipsa
1335 1010 1459 1043 morte
1482 1003 1681 1052 laudaret,
1715 1001 1748 1042 si

278 1105 299 1136 5
324 1104 377 1136 Sic
401 1106 455 1135 Or.
482 1115 508 1135 c.
536 1104 573 1134 R.
609 1114 661 1145 ap.
682 1102 775 1133 Wes.
801 1102 839 1132 ll.
865 1112 896 1142 p.
922 1098 975 1131 ¹28.
1002 1100 1059 1130 Gr.
1088 1098 1153 1130 Pal.
1175 1097 1206 1130 2.
1227 1097 1257 1130 3.
1283 1097 1316 1129 4.
1353 1097 1436 1128 Pith.
1466 1100 1530 1139 (ap.
1557 1097 1678 1136 Gebh.)
1715 1103 1748 1128 et

189 1149 347 1192 complur.
367 1148 442 1179 edd.
470 1154 567 1185 vett.;
593 1146 742 1178 nonnull.
767 1145 842 1176 edd.
868 1150 948 1176 vett.
974 1154 1069 1185 quam
1090 1146 1146 1175 iter
1167 1144 1269 1182 illud,·
1302 1142 1431 1185 plurimi
1454 1153 1549 1182 quam
1575 1144 1749 1182 optabiliter

187 1198 243 1227 iter
261 1196 361 1226 illud:
386 1192 474 1236 quod
499 1199 611 1223 natum
636 1191 766 1223 videtur
787 1201 804 1221 e
826 1189 987 1232 scriptura
1019 1188 1253 1220 nonnullorum
1276 1187 1434 1218 librorum
1456 1197 1552 1227 quam
1575 1189 1749 1226 optabiliter

185 1243 242 1272 iter
264 1241 342 1271 illud
365 1240 533 1270 ineundum
557 1247 619 1268 esse
643 1239 737 1268 debet.
795 1232 817 1265 6
842 1234 938 1266 Pauci
963 1234 1144 1265 deteriores
1177 1231 1274 1264 codd.
1298 1239 1330 1263 et
1352 1232 1536 1274 complures
1568 1231 1642 1263 edd.
1666 1238 1746 1262 vett.

187 1287 345 1316 obbibissee
365 1290 421 1314 aut
441 1285 588 1321 ebibisset,
611 1282 681 1312 sine
704 1280 804 1311 dubio
825 1279 867 1310 de
889 1280 1008 1321 glossa.
1055 1279 1094 1309 V.
1121 1277 1202 1308 Adn.
1249 1275 1270 1308 7
1295 1279 1376 1308 Tres
1401 1280 1482 1308 Oxx.
1511 1276 1614 1308 Rehd.
1637 1275 1748 1308 Duisb.

188 1329 281 1360 Mon.
302 1327 334 1360 2.
382 1327 479 1360 Vind.
500 1325 530 1359 2.
553 1328 754 1364 deterrimus,·
789 1331 823 1354 at
846 1324 947 1355 verbo
975 1325 1105 1363 pulchro
1140 1321 1320 1363 elegantius
1353 1322 1532 1363 opponitur
1565 1324 1748 1353 teterrimus.

187 1372 209 1405 8
233 1374 287 1405 Sic
309 1374 394 1404 Mos.
425 1384 451 1404 c.
475 1372 513 1402 R.
539 1382 591 1413 ap.
615 1372 708 1401 Wes.
735 1371 773 1401 ΙΙ.
794 1380 826 1411 p.
849 1368 904 1400 225.
932 1367 1017 1399 Gud.
1043 1367 1071 1398 1.
1093 1365 1125 1398 2.
1163 1369 1243 1408 Aug.
1268 1366 1380 1397 Duisb.
1405 1367 1498 1397 Mon.
1526 1365 1554 1398 l.
1574 1365 1605 1397 2.
1642 1365 1748 1397 Marb.

189 1418 287 1450 codd.
313 1417 416 1448 Bentl.
444 1427 503 1459 pro
523 1426 576 1448 απ.
600 1425 687 1446 max.

1050 1480 1254 1520 praecordiis]
1285 1478 1378 1510 Circa
1393 1477 1587 1521 praecordia
1610 1476 1748 1519 potissi—

254 1494 405 1517 venenum
430 1487 461 1514 ut
484 1485 588 1514 sitiens
612 1481 802 1524 obduxisset]
835 1480 947 1523 Expli-

983 1536 1089 1562 mum,
1124 1524 1169 1555 ait
1194 1525 1383 1563 Beroaldus,
1420 1522 1559 1565 grassari
1588 1522 1676 1554 solet
1700 1521 1749 1553 vis

190 1530 257 1562 cari
284 1529 387 1560 solet:
426 1527 522 1559 avide
555 1527 736 1562 hausissem
770 1533 805 1557 at
829 1525 948 1557 rectius

187 1575 259 1606 sine
282 1574 382 1605 dubio
405 1572 586 1615 explicatur
617 1573 817 1603 obsorbuisset
836 1573 950 1614 (einge-

188 1620 317 1658 schliirft
353 1617 471 1655 hatte).
533 1616 706 1648 Aviditatis
749 1616 842 1647 notio
885 1626 948 1646 non

189 1664 275 1695 inest
293 1663 326 1694 in
350 1662 452 1694 verbo
475 1661 672 1699 obducendi,
697 1660 755 1691 sed
775 1661 807 1691 in
830 1660 949 1691 additis

188 1708 296 1740 verbis
320 1712 353 1739 ut
376 1710 491 1739 sitiens.
542 1707 591 1737 Cf.
617 1708 732 1737 Sene-c.
766 1705 807 1736 de
832 1705 950 1736 Provi-

189 1753 279 1785 dent.
304 1764 332 1784 c.
348 1752 379 1785 3.
403 1751 512 1783 meet:
550 1753 700 1782 Socrates
722 1749 813 1781 illam
834 1749 950 1792 potio-

188 1809 263 1829 nem
297 1796 427 1840 publice
458 1796 592 1827 mixtam
631 1807 696 1826 non
728 1795 824 1825 aliter
854 1806 950 1837 quam

187 1842 463 1874 medicamentum
486 1839 741 1871 immortalitatis
766 1841 904 1871 obduxit..

252 1888 405 1926 reliquum
425 1888 609 1925 —qmlchro
636 1886 764 1925 Critiae]
790 1884 947 1926 Xenoph.

188 1932 274 1964 Hist.
289 1932 346 1962 Gr.
372 1932 410 1962 ll.
434 1931 466 1967 3,
489 1930 550 1962 oli:
576 1928 646 1962 Καὶ
667 1927 780 1971 ematve
802 1925 951 1971 α’ττοὲῖνῆ-

190 1988 280 2010 σκειν
301 1972 571 2017 ἀναγκαζόμενος
591 1973 628 2008 τὸ
650 1970 784 2007 κώνειον
809 1972 891 2014 ἔπιε,
910 1972 948 2007 τὸ

189 2020 378 2062 λειπόμενον
396 2019 524 2061 ἔφασαν
541 2016 850 2061 ἀποκοτταβίσαντα
865 2018 908 2059 th.
924 2030 951 2050 e.

189 2072 225 2097 ut
258 2065 293 2095 id
317 2065 498 2104 resonaret)
524 2063 625 2096 εἰπεῖν
660 2059 782 2095 αὔτόν·
829 2062 952 2106 Κριτίᾳ

188 2104 277 2143 τοῦτ’
303 2107 390 2141 ἔστω
415 2109 463 2151 τῷ
488 2108 592 2151 καλῷ.
644 2108 691 2137 De
713 2118 742 2137 v.
769 2104 952 2140 ἀποκοττα-

190 2154 329 2198 βίσαντα
372 2153 444 2183 fuse
495 2158 526 2182 et
574 2151 709 2193 copiose
745 2150 952 2193 disputarunt

190 2200 357 2231 Schneider
380 2204 413 2228 et
437 2199 604 2229 Passovius
628 2196 659 2227 in
683 2196 799 2226 Graec.
820 2196 898 2226 Lex.
922 2207 951 2226 v.

189 2242 362 2286 κότταβος.
410 2241 504 2273 Adde
535 2243 658 2273 Becher.
684 2240 826 2271 Charikl.
860 2242 900 2272 T.
926 2241 950 2273 Ι.

189 2285 300 2330 p.476
313 2298 384 2329 sqq.
407 2294 441 2318 et
463 2297 544 2328 quos
570 2288 602 2317 C.
624 2288 658 2317 F.
683 2287 851 2317 Hermann.
877 2285 951 2316 lau—

189 2333 246 2364 dat
266 2332 299 2363 in
323 2331 444 2363 Lehrb.
469 2331 501 2361 d.
516 2343 563 2373 gr.
584 2329 828 2361 Privatalterth.
855 2333 881 2370 §-
895 2332 950 2368 28,

189 2384 258 2409 not.
280 2376 333 2409 35.
360 2388 391 2418 p.
418 2376 486 2408 137.
519 2382 550 2406 et
585 2375 612 2409 (ἲ.
633 2375 685 2407 53.
713 2381 793 2406 extr.
843 2375 891 2405 De
917 2386 951 2405 re

189 2422 260 2464 ipsa
294 2421 383 2452 conf.
409 2420 517 2452 Valer.
552 2419 686 2451 Maxim.
715 2421 769 2450 ΙΙΙ.
792 2419 830 2458 2,
855 2418 887 2452 6.
917 2426 951 2450 et

191 2466 334 2498 lndiccm
355 2477 383 2497 v.
399 2467 608 2497 Theramenes.
656 2464 860 2495 Vocabulum
879 2466 951 2504 pul-

189 2513 259 2543 cher
281 2509 434 2541 tribuitur
457 2509 577 2541 Critiae
609 2516 763 2551 tanquam
796 2509 950 2540 usitatum

191 2555 322 2586 Atticae
358 2554 550 2584 urbanitatis
585 2554 868 2591 blandimentum,
915 2560 950 2584 ut

189 2600 276 2631 Xen.
291 2599 333 2629 H.
349 2598 404 2630 Gr.
427 2598 447 2628 l.
462 2599 512 2629 d.:
539 2599 660 2642 Κριτίᾳ
683 2600 731 2643 τῷ
755 2599 860 2643 καλῷ.
897 2598 948 2630 Cf.

190 2655 250 2676 nos
268 2644 309 2675 ad
329 2644 416 2674 ch.
433 2643 614 2673 Comment.
639 2645 690 2673 lv.
720 2647 752 2680 ’2,
776 2645 800 2675 l.
824 2656 855 2685 p.
871 2642 947 2676 3259.

260 2690 370 2720 Graeci
388 2705 429 2710 —
445 2689 476 2718 in
499 2690 647 2718 conviciis
667 2691 760 2719 solent
781 2690 858 2729 etc]
885 2690 949 2719 Da-

190 2735 287 2766 visius
316 2732 349 2763 in
386 2739 493 2774 partes
530 2738 628 2762 vocat
661 2732 864 2763 Athenaeum
888 2734 949 2763 Xl.

190 2791 222 2821 p.
242 2774 317 2810 498.
346 2783 380 2808 et
410 2776 453 2806 X.
488 2788 518 2818 p.
541 2773 617 2807 4:52.
634 2800 641 2813 ‚
678 2788 741 2817 quo
767 2777 950 2818 posteriorc

189 2823 265 2854 loco
291 2821 485 2857 ostenditur,
511 2820 596 2851 hunc
621 2832 744 2851 morem
769 2822 855 2863 apud
882 2823 949 2852 La-

190 2866 419 2899 cedaemonios
444 2877 509 2896 non
536 2864 645 2896 fuisse.

257 2916 390 2944 extremo
412 2911 537 2951 spiritu]
573 2910 610 2941 V,
637 2909 677 2940 ad
712 2910 765 2940 Ill.
803 2909 859 2948 16,
886 2910 945 2942 34:

189 2956 334 2988 adversis
359 2954 494 2989 casibus.

985 1568 1112 1601 veneni.
1151 1569 1267 1600 Horat.
1283 1569 1343 1610 Ep.
1359 1569 1416 1605 Ill⁷
1429 1570 1468 1600 5:
1496 1567 1584 1607 Quid
1604 1567 1669 1598 hoc
1688 1578 1747 1598 ve-

985 1615 1059 1645 neni
1077 1613 1181 1644 saevit
1194 1613 1225 1643 in
1242 1612 1442 1654 praecordiis
1455 1612 1470 1643 ἶ)
1497 1612 1564 1655 (ubi
1578 1624 1607 1643 v.
1622 1612 1746 1654 Intpp.)

1051 1658 1260 1700 praebiberat]
1283 1659 1340 1688 Est
1353 1657 1440 1700 apud
1453 1657 1644 1688 Ciceronem
1659 1654 1749 1696 ἅπαξ

985 1701 1171 1746 λεγόμενον.
1208 1702 1316 1744 Vulgo
1337 1702 1414 1733 olim
1435 1702 1606 1744 legebatur
1626 1705 1679 1742 qui
1697 1712 1749 1733 ve-

983 1758 1097 1780 nenum
1128 1749 1315 1787 praebuerat
1352 1748 1471 1789 (neque
1505 1747 1600 1778 aliter
1631 1747 1670 1778 R.
1695 1758 1748 1789 ap.

985 1792 1108 1834 Tregd.
1141 1792 1261 1834 aliique
1298 1791 1513 1830 deteriores):
1559 1791 1648 1834 quod
1679 1791 1748 1822 iure

986 1837 1098 1869 reiecit
1124 1838 1146 1868 1.
1174 1838 1218 1868 M.
1236 1838 1361 1872 Brutus
1387 1836 1441 1879 qui
1466 1848 1484 1867 e
1503 1836 1643 1878 Gryphii
1662 1836 1748 1868 libro

986 1881 1108 1913 edidit:
1148 1885 1198 1914 cui
1230 1891 1380 1913 venenum
1412 1883 1607 1920 praebiberat
1619 1894 1627 1911 .·
1666 1892 1749 1923 qnae

986 1926 1173 1957 emendatio
1197 1926 1344 1957 firmatur
1373 1925 1469 1957 codd.
1496 1925 1626 1957 Schotti
1648 1925 1748 1958 duob.

988 1971 1103 2003 Leidd.
1132 1970 1296 2002 Bouhierii
1321 1971 1466 2012 pluribus
1493 1972 1593 2006 Oxx.;
1634 1970 1749 2013 quibus

986 2016 1149 2048 accedunt
1175 2015 1260 2047 Gud.
1289 2018 1318 2048 1.
1345 2017 1383 2048 ll.
1410 2015 1506 2047 codd.
1534 2015 1658 2054 Bentl„
1693 2014 1749 2058 qui

988 2061 1109 2092 habent
1143 2063 1217 2100 qui
1253 2063 1334 2103 (pro
1370 2061 1440 2101 cui)
1477 2070 1507 2092 v.
1541 2063 1749 2100 praebiberat.

988 2106 1071 2136 Nam
1092 2106 1225 2136 verbnm
1239 2107 1424 2144 praebuerat
1441 2105 1530 2136 nullo
1547 2105 1647 2136 modo
1665 2117 1749 2148 qua-

987 2149 1062 2180 drat
1086 2149 1117 2180 in
1145 2149 1278 2180 critiam
1293 2173 1301 2187 ,
1324 2149 1412 2180 cuius
1434 2149 1597 2180 sententia
1617 2150 1750 2181 Thera-

986 2206 1096 2225 menes
1129 2194 1237 2224 fuerat
1267 2193 1449 2224 damnatus.
1507 2194 1623 2235 Neque
1656 2206 1746 2232 vero,

987 2238 1061 2280 quia
1080 2239 1214 2269 verbum
1230 2240 1429 2277 praebibendi
1450 2237 1539 2280 apud
1558 2238 1749 2270 Ciceronem

986 2283 1106 2325 legitur
1129 2283 1250 2320 semel,
1284 2283 1371 2325 apud
1397 2289 1524 2314 ceteros
1549 2294 1665 2313 aureae
1690 2295 1749 2314 ae-

986 2328 1063 2359 tatis
1101 2328 1263 2370 reperitur
1295 2339 1481 2370 nunquam,
1517 2328 1596 2358 satis
1631 2327 1750 2360 idonea

988 2385 1098 2404 caussa
1120 2379 1231 2415 potest
1252 2384 1333 2410 esse,
1360 2384 1416 2403 cur
1434 2373 1519 2403 lianc
1540 2372 1747 2415 scripturam,

987 2417 1186 2460 optimorum
1219 2417 1316 2449 codd.
1339 2417 1539 2448 auctoritate
1564 2418 1750 2449 communi-

987 2470 1072 2501 tam,
1098 2462 1361 2494 exterminemus.
1411 2463 1517 2501 Quam
1536 2462 1636 2494 multa
1660 2462 1748 2505 apud

988 2507 1179 2539 Ciceronem
1213 2507 1419 2549 reperiantur
1451 2504 1541 2546 ἅπαξ
1573 2506 1749 2548 λεγόμενα,

987 2552 1038 2583 vel
1056 2565 1094 2583 ex
1116 2552 1153 2583 iis
1174 2558 1323 2594 apparet,
1348 2563 1431 2594 quae
1452 2551 1587 2592 collegit
1606 2550 1748 2582 assidui—

986 2605 1034 2628 tas
1060 2600 1192 2629 Ellendli
1213 2597 1253 2628 ad
1271 2596 1311 2627 de
1332 2599 1385 2626 Or.
1406 2597 1446 2627 Il.
1465 2598 1518 2633 2¹2,
1537 2594 1591 2628 94.
1616 2595 1690 2626 Vol.
1708 2597 1746 2626 ll.

986 2654 1016 2684 p.
1030 2643 1066 2674 21
1081 2646 1088 2674 l
1106 2654 1176 2685 sqq.
1220 2640 1410 2673 Posterioris
1426 2646 1513 2672 certe
1529 2640 1644 2671 aetatis
1662 2640 1745 2670 scri-

986 2695 1097 2729 ptores
1118 2693 1314 2729 receperunt
1331 2686 1395 2716 hoc
1415 2684 1620 2721 vocabulum,
1639 2697 1656 2715 e
1670 2684 1746 2727 qui-

985 2733 1043 2763 bus
1070 2732 1253 2774 complures
1277 2731 1369 2762 locos
1396 2729 1550 2761 excitavit
1576 2729 1746 2771 diligentia

987 2779 1118 2809 Davisii.

1052 2832 1131 2861 qnae
1160 2823 1242 2852 brevi
1273 2822 1432 2851 consecuta
1456 2818 1512 2860 est]
1549 2820 1623 2849 Uno
1658 2830 1744 2850 anno

985 2873 1070 2908 post.
1108 2865 1232 2896 Cecidit
1252 2864 1336 2896 enim
1358 2863 1388 2894 in
1413 2863 1549 2904 proelio,
1576 2863 1662 2905 quod
1683 2863 1747 2894 tri-

984 2910 1075 2952 ginta
1096 2909 1226 2953 tyranni
1253 2915 1368 2940 contra
1385 2908 1628 2951 Thrasybulum
1652 2919 1745 2940 com—

984 2955 1140 2988 miserunt
1164 2953 1251 2997 (403.
1275 2965 1302 2986 a.
1321 2953 1395 2985 Chr.
1419 2953 1477 2995 n.).
1514 2956 1683 2986 Consecuta
1704 2956 1745 2985 est
