1832 3137
482 553 716 601 INDEX
750 552 1233 602 HISTORIGUS.

379 705 466 732 Prior
486 714 628 733 numerus
646 706 774 742 librum,
800 705 952 742 posterior
970 706 1192 741 paragraphum
1211 707 1334 735 indicat.

76 918 253 949 Academia
292 917 356 949 fuit
390 919 524 962 proprie
566 920 772 962 gymnasium
806 920 838 951 in

123 962 326 994 Athenarum
348 963 514 995 suburbio.
539 966 570 1001 5,
585 966 639 997 91.
676 965 725 996 Ibi
747 965 840 996 Plato

121 1007 270 1038 scholam
296 1008 473 1047 excitavit,
514 1020 596 1052 qnae
622 1021 662 1040 ex
696 1020 736 1041 eo
763 1010 839 1041 loco

124 1051 301 1083 Academia
320 1052 409 1084 dicta
431 1061 491 1084 est.
526 1057 557 1092 2,
574 1052 604 1085 4.
624 1054 657 1085 9.
683 1054 780 1092 3,12.
807 1055 840 1094 5,

118 1096 174 1128 82.
223 1096 392 1138 Significat
409 1097 497 1129 idem
519 1098 714 1130 vocabulum
734 1099 840 1130 locum

112 1140 155 1171 >in
174 1142 361 1173 Tusculano
379 1142 557 1181 Ciceronis,
582 1143 614 1174 in
638 1154 703 1186 quo
725 1143 842 1186 dispu-

121 1185 254 1217 tabatur
268 1186 310 1218 de
328 1187 547 1230 philosophia.
568 1188 600 1228 2,
615 1188 647 1221 9.
670 1189 703 1228 3,
721 1189 760 1222 7:
788 1188 842 1220 ubi

120 1241 152 1261 v.
177 1230 262 1262 Adn.

78 1276 257 1307 Academici
278 1275 389 1307 vocati
406 1282 483 1307 sunt
495 1277 686 1320 philosophi
708 1277 841 1310 scholae

120 1319 360 1358 Academicae,
387 1321 476 1352 cuius
501 1328 617 1353 auctor
642 1329 714 1354 erat
733 1322 839 1354 Plato.

123 1364 166 1395 Hi
194 1371 270 1396 sunt
288 1367 466 1398 Academici
485 1370 599 1398 veteres
632 1368 676 1409 (5,
697 1367 787 1408 δὲ),
822 1379 840 1398 3

121 1408 237 1451 quibus
261 1409 484 1452 distinguendi
506 1416 582 1442 sunt
593 1413 772 1443 Academici
790 1422 839 1443 re-

120 1456 287 1494 centiores,
312 1465 450 1497 quorum
475 1462 591 1487 auctor
616 1462 686 1487 erat
706 1456 838 1487 Arcesi-

122 1497 192 1537 las,
229 1500 284 1541 qui
320 1499 399 1530 nihil
425 1511 496 1531 esse
533 1499 635 1537 certi,
672 1500 762 1543 quod
785 1507 841 1532 aut

121 1543 269 1574 sensibus
288 1550 345 1575 aut
364 1544 494 1576 ratione
509 1544 634 1587 percipi
655 1551 778 1587 posset,
797 1546 839 1577 ob

123 1599 260 1630 eamque
285 1600 354 1619 rem
375 1589 416 1619 de
442 1589 592 1620 omnibus
617 1590 714 1620 rebus
740 1590 840 1621 dubi-

121 1631 258 1663 tandum
293 1645 362 1664 esse
393 1633 594 1664 statuebant.
645 1634 688 1664 Cf
721 1645 781 1665 nos
806 1634 839 1666 in

121 1676 206 1709 libro
241 1677 274 1708 d.
310 1680 348 1709 de
383 1680 536 1710 Ciceronis
565 1681 598 1710 in
629 1680 740 1718 philos.
766 1689 841 1711 mer.

123 1733 155 1764 p.
183 1719 244 1754 148
255 1734 328 1765 sqq.
345 1747 353 1760 ,
379 1723 620 1765 Prolegomena
644 1723 686 1754 ad
710 1723 770 1754 hos
795 1723 838 1755 li-

122 1767 199 1799 bros
225 1768 285 1806 11.,
312 1768 396 1800 Adn.
421 1768 454 1799 in
481 1769 521 1807 4,
546 1767 578 1801 6.
602 1787 645 1791 —
669 1765 702 1808 4,
727 1767 759 1801 6.
784 1766 840 1802 47.

123 1813 165 1850 5,
189 1811 244 1844 30.
268 1812 322 1845 75.
345 1812 399 1844 53.
423 1814 477 1845 85.

77 1858 257 1891 Academici
279 1856 352 1888 libri
380 1857 420 1888 ΙΙ.
444 1858 485 1897 2,
510 1855 543 1889 4.

79 1904 189 1935 Accius
214 1903 294 1943 (non
320 1903 439 1941 AliiuS,
466 1914 495 1933 v.
519 1903 559 1933 V.
584 1903 653 1934 Ser.
682 1903 708 1941 l,
738 1902 842 1944 105.),

123 1948 174 1985 L.,
200 1945 283 1977 filius
302 1945 459 1984 libertini,
484 1946 718 1986 Romanorum,
740 1950 842 1990 poeta

125 1990 281 2033 tragicus,
306 1997 402 2022 natus
421 1991 497 2023 5ὅ2.
524 1992 565 2023 U.
588 2003 615 2024 c.
633 1991 704 2024 17¹2.
719 2003 748 2023 a.
765 1992 841 2023 Chr.

126 2036 209 2066 Eum
232 2035 349 2067 Decius
376 2037 490 2067 Brutus
513 2036 596 2067 tanti
620 2036 781 2075 faciebat,
808 2043 844 2068 ut

125 2079 269 2122 templa,
305 2091 388 2123 quae
419 2091 437 2110 e
458 2080 570 2123 spoliis
602 2080 751 2112 hostibus
780 2081 844 2113 de-

124 2125 238 2156 tractis
261 2125 542 2165 exaedificaverat,
565 2125 760 2157 carminibus
775 2129 845 2158 Ac—

128 2169 170 2201 cii
191 2169 342 2201 exornari
363 2169 501 2202 iuberet.
535 2171 688 2202 Mortuus
707 2177 757 2202 est
770 2171 844 2203 val-

126 2214 168 2246 de
189 2226 300 2246 senex.
331 2217 357 2252 1,
371 2214 424 2247 63.
441 2215 514 2247 105.
540 2215 572 2254 2,
590 2215 640 2248 13.
657 2214 707 2248 19.
721 2216 775 2248 20.
787 2216 842 2249 33.

128 2259 182 2293 3&-
217 2260 249 2299 3,
271 2259 326 2291 20.
349 2258 402 2291 62.
438 2257 471 2297 4,
493 2260 546 2291 55.
569 2259 624 2292 69.
647 2260 699 2293 77.
734 2261 766 2299 5,
789 2260 842 2293 52.

82 2306 224 2344 Achilles,
248 2303 336 2334 Pelei
359 2309 392 2334 et
407 2303 559 2335 Thetidis
585 2304 680 2335 filius.
718 2305 744 2341 l,
772 2305 842 2336 105.

127 2350 233 2390 Rapia
265 2347 327 2379 sibi
360 2347 401 2378 ab
429 2351 673 2389 Agamemnone
700 2347 844 2379 Briseide

127 2393 211 2425 adeo
235 2392 282 2423 ira
306 2391 448 2431 exarsit,
475 2398 510 2423 ut
533 2392 730 2434 aliquamdiu
756 2392 843 2424 bello

126 2437 333 2470 abstinuerit.
382 2436 511 2467 Deinde
547 2447 645 2479 quum
673 2437 792 2468 Graeci
825 2448 844 2468 a

127 2481 280 2515 Troianis
295 2481 391 2512 valde.
405 2488 641 2523 premerentur,
665 2481 754 2512 missi
768 2488 845 2512 sunt

72 2534 75 2538 '
127 2534 263 2560 auctore
297 2527 439 2557 Nestore
474 2525 588 2557 Ulixes
622 2532 656 2556 et
690 2526 770 2557 Aiax
803 2525 846 2557 ad

130 2571 291 2605 Achillem
307 2596 314 2608 ,
340 2570 395 2613 qui
419 2569 514 2602 donis
539 2582 577 2602 ac
601 2570 752 2613 precibus
777 2571 844 2601 eius

129 2617 273 2648 animum
294 2616 484 2653 flecterent,
512 2621 546 2645 ut
569 2615 610 2646 ad
630 2626 771 2657 pugnam
790 2626 846 2646 re-

130 2662 226 2693 diret.
274 2662 323 2692 Ex
346 2660 411 2692 hoe
444 2670 516 2691 cum
542 2660 670 2691 Achille
693 2671 846 2691 sermone

131 2712 260 2749 sumpta
291 2711 367 2737 sunt
389 2704 491 2736 verba
520 2715 538 2735 a
565 2704 724 2736 Cicerone
747 2704 847 2735 allata

133 2752 173 2788 3,,
202 2752 252 2783 le.
279 2770 319 2774 -
345 2748 385 2788 4,
406 2749 460 2781 52.

88 2796 274 2828 Achradina
299 2794 360 2826 fuit
379 2805 453 2836 pars
476 2795 720 2835 Syracusarum.
756 2792 846 2823 Con-

134 2839 265 2871 stabant
298 2841 478 2881 Syracusae
513 2844 669 2880 quattuor
703 2836 846 2876 urbibus,

133 2895 268 2926 quarum
304 2895 366 2915 una
389 2883 454 2914 fuit
480 2882 690 2920 Achradina,
726 2881 758 2912 in
785 2893 848 2924 qua

135 2929 243 2961 forum
264 2927 449 2967 maximum,
477 2926 715 2972 pulcherrimae
738 2926 847 2969 porti-

922 887 1001 915 cus,
1038 875 1280 908 ornatissimum
1311 885 1529 921 prytaneum,
1562 892 1636 913 am-

919 920 1066 962 plissima
1091 920 1179 952 curia
1211 923 1436 966 templumque
1471 926 1636 968 egregium

922 965 1009 996 Iovis
1030 965 1186 1008 Olympii.
1236 967 1394 1009 Reliquae
1415 969 1502 1000 urbis
1524 978 1635 1012 partes

921 1020 984 1040 una
999 1010 1064 1040 lata
1085 1010 1137 1040 via
1157 1018 1316 1053 perpetua
1334 1013 1508 1056 multisque
1524 1021 1635 1046 trans-

920 1054 1022 1085 versis
1043 1054 1166 1086 divisae
1187 1056 1323 1096 privatis
1346 1057 1500 1089 aediliciis
1525 1060 1636 1091 conti-

920 1106 1050 1130 nentur.
1100 1099 1165 1130 Cic.
1190 1100 1222 1131 in
1247 1102 1382 1133 Verrem
1405 1103 1443 1133 L.
1466 1101 1498 1136 4.
1532 1115 1559 1135 c.
1581 1105 1635 1139 53.

923 1144 996 1176 Liv.
1023 1142 1076 1181 24,
1091 1146 1133 1176 22
1147 1156 1217 1188 sqq.
1245 1147 1298 1183 25,
1311 1144 1354 1178 24
1366 1158 1436 1189 sqq.
1463 1166 1505 1172 —-
1529 1149 1560 1187 5,
1580 1149 1635 1182 65.

922 1188 987 1219 Sed
1004 1187 1182 1230 legendum
1205 1197 1275 1220 est:
1306 1192 1349 1222 ad
1369 1196 1479 1231 portas
1500 1195 1635 1233 :lyra-

921 1235 1104 1273 9ianas;
1128 1245 1157 1263 v.
1180 1234 1304 1266 Adnot.

876 1276 1017 1317 Aedcus,
1042 1277 1129 1308 lovis
1154 1289 1194 1309 ex
1214 1279 1339 1321 Aegina
1364 1280 1458 1320 filius,
1483 1293 1541 1313 rex
1565 1285 1635 1314 Ae·—

920 1321 1016 1364 ginae
1031 1346 1038 1359 ‚
1064 1328 1156 1353 tanta
1179 1323 1304 1355 iustitia
1328 1336 1481 1366 regnasse
1505 1326 1635 1367 dicitur,

923 1373 960 1397 ut
985 1377 1059 1397 cum
1073 1367 1186 1398 Minoe
1207 1374 1240 1398 et
1252 1368 1502 1402 Rhadamantho
1522 1371 1637 1403 tertius

919 1409 1018 1440 iudex
1041 1410 1130 1452 apud
1151 1411 1278 1442 inferos
1302 1424 1321 1444 a
1345 1414 1484 1446 Plutone
1509 1416 1637 1447 consti-

919 1460 1077 1485 tueretur.
1114 1457 1149 1494 1,
1176 1455 1230 1488 9755.

875 1501 1000 1539 Αεὲὶεε,
1024 1510 1082 1530 rex
1098 1499 1307 1540 Colchorum,
1328 1502 1412 1534 filius
1427 1503 1524 1536 Solis.
1560 1504 1637 1536 Eius

920 1543 1015 1575 liberi
1038 1544 1172 1575 fuerunt
1194 1545 1332 1585 Medea,
1360 1548 1531 1591 Absyrtus,
1560 1549 1636 1580 Cal-

923 1589 1028 1631 ciope.
1077 1590 1149 1620 Iaso
1174 1601 1309 1622 aureum
1329 1592 1442 1631 vellus,
1469 1593 1558 1636 qnod
1582 1605 1639 1625 as-

920 1633 1083 1671 servabat,
1110 1634 1249 1666 Medeae
1266 1647 1330 1678 ope
1355 1637 1491 1669 abstulit
1511 1638 1639 1680 ipsum-

921 1689 984 1720 que
1008 1678 1146 1719 pepulit.
1194 1679 1234 1718 3,
1260 1681 1314 1713 26.
1335 1680 1388 1713 39.

875 1724 1017 1762 Aeyypiii
1039 1726 1066 1760 1,
1086 1723 1156 1754 10-4.
1183 1724 1215 1762 5,
1229 1724 1282 1757 Te.
1318 1727 1486 1766 Aeyyptus,
1506 1726 1639 1759 Africae

920 1773 1029 1805 terra,
1054 1768 1095 1805 5,
1121 1767 1176 1800 97.

876 1813 991 1844 Aelius.
1036 1811 1068 1851 a)
1111 1813 1207 1843 Catus
1240 1815 1344 1845 Aelius
1378 1815 1490 1847 Sextus
1512 1817 1639 1856 Paetus,

921 1855 1001 1887 iuris
1027 1855 1130 1887 civilis
1165 1856 1302 1888 scientia
1335 1858 1471 1900 insignis
1497 1859 1639 1903 indeque

925 1902 995 1933 Cati
1023 1900 1220 1942 cognomine
1244 1909 1400 1942 ornatus,
1430 1903 1505 1945 qui,
1541 1916 1639 1947 quum

922 1944 1053 1989 patricii
1078 1951 1155 1987 post
1179 1946 1362 1988 publicatos
1386 1959 1405 1979 a
1431 1949 1490 1979 Cn.
1512 1949 1638 1989 Flavio,

923 1989 1039 2022 aedilis
1064 1990 1162 2032 Appii
1185 1990 1312 2030 scriba,
1343 1992 1446 2024 fastos
1471 1993 1640 2025 actiones-

925 2045 987 2077 que
1005 2034 1145 2076 primum
1165 2035 1269 2066 editas
1294 2048 1396 2067 novas
1421 2044 1537 2077 notas,
1563 2038 1639 2081 qui-

923 2079 983 2110 bus
1005 2079 1054 2110 ius
1081 2078 1257 2117 diceretur,
1284 2080 1496 2120 invenissent,
1521 2083 1569 2113 ius
1583 2086 1640 2115 Ae-

924 2126 1055 2163 lienum,
1080 2123 1100 2154 i.
1115 2136 1142 2155 e.
1167 2124 1280 2155 harum
1307 2132 1459 2157 notarum
1479 2126 1640 2170 interpre-

925 2168 1087 2200 tationem
1107 2168 1213 2200 edidit
1237 2180 1265 2200 a.
1289 2170 1365 2201 552.
1390 2172 1430 2204 U.
1455 2183 1483 2202 c.
1507 2172 1584 2204 202.
1610 2184 1639 2204 3.

928 2213 1003 2245 Chr.
1053 2213 1173 2244 Consul
1199 2213 1263 2244 fuit
1291 2225 1319 2244 3.
1345 2215 1420 2247 555.
1444 2217 1487 2246 U.
1511 2227 1538 2246 c.
1567 2215 1640 2248 199.

924 2270 953 2290 a.
978 2258 1055 2288 Chr.
1082 2260 1109 2295 1,
1135 2259 1185 2289 10¹.
1207 2276 1243 2281 —-
1269 2257 1302 2299 b)
1327 2259 1363 2297 Q.
1385 2261 1490 2291 Aelius
1514 2262 1640 2292 Tubero.

923 2303 964 2333 V.
991 2304 1118 2333 Tubero.

879 2348 1036 2378 Aemilius.
1084 2346 1123 2376 V.
1150 2347 1295 2385 Lepidus.

879 2389 1069 2429 Aeschines,
1108 2390 1280 2422 Adrometi
1304 2391 1406 2431 filius,
1444 2392 1641 2426 clarissimus

925 2434 1172 2466 Atheniensium
1208 2443 1338 2474 orator,
1387 2437 1641 2480 Philippicarum

926 2479 1069 2521 partium
1094 2479 1246 2521 princeps
1264 2481 1558 2525 Demosthenisque
1576 2483 1640 2515 ad-

926 2524 1108 2561 versariuS,
1132 2525 1172 2561 ὅ,
1197 2525 1251 2556 03.

880 2568 1061 2610 Aeschj‘lus,
1086 2568 1306 2611 Euphorionis
1327 2569 1421 2609 filius,
1446 2571 1641 2603 clarissimus

927 2613 1174 2644 Atheniensium
1198 2613 1338 2656 tragicus
1358 2619 1468 2658 poeta.
1514 2616 1641 2648 Floruit

929 2657 1000 2688 fere
1021 2656 1096 2689 450.
1122 2670 1150 2688 3.
1175 2657 1250 2689 Chr.
1297 2660 1417 2691 Postea
1445 2661 1487 2692 ad
1517 2661 1640 2692 Hiero-

929 2713 1014 2739 nem,
1041 2701 1171 2733 Siciliae
1193 2714 1322 2745 regern,
1349 2716 1420 2735 sese
1442 2705 1581 2736 contulit
1606 2711 1639 2735 et

929 2747 1032 2778 Gelae
1055 2758 1083 2778 a.
1106 2746 1171 2779 456
1193 2759 1220 2779 a.
1245 2748 1320 2781 Chr.
1344 2748 1429 2780 diem
1453 2760 1639 2790 supremum

929 2791 1022 2823 obiit.
1047 2794 1079 2829 2,
1091 2791 1134 2824 23
1145 2803 1216 2835 sqq.
1241 2795 1272 2831 2,
1287 2794 1340 2826 60.
1366 2794 1397 2832 3,
1413 2793 1464 2826 71.
1490 2793 1639 2836 Aeschy-

927 2835 975 2867 lus
992 2836 1228 2879 Pythagoreus.
1252 2839 1284 2875 2,
1305 2837 1376 2871 23..
1403 2837 1456 2867 ubi
1479 2849 1507 2868 v.
1531 2837 1614 2868 Adn.

883 2883 1102 2921 Aesculapius,
1128 2880 1211 2913 filius
1232 2880 1392 2924 Apollinis
1417 2892 1435 2911 e
1460 2881 1638 2924 Coronide,

928 2936 946 2957 a
959 2925 1104 2958 Chirone
1123 2932 1193 2957 arte
1217 2925 1344 2957 medica
1363 2924 1541 2965 institutus,
1566 2937 1637 2958 me—
