1832 3137
643 92 809 125 LIBER
834 93 875 124 ll.
904 91 963 133 12,
988 90 1040 126 28.

1539 84 1620 128 207

60 185 87 212 a
106 169 273 212 Platone
299 169 540 210 cfficiuntur-5
568 183 621 211 ex
647 184 692 211 ea
715 170 890 221 civitate,
925 185 1036 226 quam
1062 170 1175 212 tinxit
1199 171 1279 222 ille,
1313 186 1427 226 quum
1456 173 1624 228 optimos

58 257 189 284 mores
210 251 248 284 et
271 243 457 298 optimum
479 243 538 283 rei
561 243 736 298 publicae
758 251 900 284 statum
925 244 1168 298 exquireret.

1216 244 1272 285 At
1290 259 1386 286 vero
1407 260 1495 298 nos,
1522 246 1626 288 docti

59 316 210 357 scilicet
233 331 255 357 a
280 315 464 367 Graecia,
498 316 594 357 haec
621 323 659 357 et
684 331 705 356 a
731 315 896 370 pueritia
922 316 1086 370 legimus
1112 325 1152 358 et
1178 318 1377 370 discimus,
1411 319 1509 360 hanc
1537 333 1625 360 eru-

58 389 243 430 ditionem
274 390 475 430 liberalcm
509 397 546 429 et
578 390 794 430 doctrinam
826 395 1021 443 putamus.

172 461 273 503 Xll.
317 469 386 503 28.
423 462 502 504 Sed
529 463 618 516 quid
642 462 766 517 po'e'tis
790 461 1025 503 irascimur?
1082 462 1253 504 Virtutis
1277 464 1468 518 magistri,
1502 465 1626 520 philo-

61 535 196 590 sophi,
229 535 379 577 inventi
407 543 520 586 sunt,
555 536 619 590 qui
645 549 836 590 summum
862 534 1003 574 malum
1031 535 1204 576 dolorem
1233 537 1423 578 dicerent.

1485 539 1542 579 At
1565 546 1622 591 tu,

59 609 315 660 adolescens,
351 624 466 663 quum
494 609 531 649 id
566 609 633 649 tibi
660 608 788 663 paullo
813 614 904 648 ante
934 607 1104 648 dixisses
1130 609 1280 659 videri,
1314 618 1475 664 rogatus
1500 626 1522 652 a
1546 626 1624 664 me,

58 683 226 722 etiamne
251 683 375 723 maius
403 697 515 736 quam
543 682 735 732 dedecus,
768 680 892 721 verbo
920 681 966 721 de
992 681 1189 721 sententia
1213 682 1409 723 destitisti.

57 755 131 796 hoc
161 755 262 795 idem
290 754 530 811 Epicurum,-

1470 683 1588 738 Rogo
1607 688 1624 711 1

577 755 703 795 maius
735 754 839 795 dicet
870 767 960 794 esse
992 754 1135 795 malum
1165 754 1402 795 mediocrem
1434 756 1623 808 dolorem,

147 884 168 916 5
192 884 246 916 Sic
269 883 319 915 El.
343 896 408 916 sec.
434 891 468 916 et
486 885 565 916 Bak.
591 884 810 927 (eiiciantur);
835 884 954 916 eodem
976 884 1101 917 ducunt
1121 885 1160 918 R.
1188 883 1339 928 (Tregd.)
1364 884 1470 917 Marb.
1494 884 1626 919 Edd.P.

58 929 93 961 C.
119 931 265 961 dicuntur
287 935 321 960 et
347 929 433 961 Gud.
462 930 490 961 1.
511 931 658 962 dicantur
683 930 919 972 (suprascripto
942 930 999 967 ιι),

56 973 176 1006 Leidd.
200 980 268 1005 tres
292 976 372 1005 Oxx.
395 974 480 1006 Gud.
503 973 534 1006 2.
559 975 652 1007 Mon.
678 974 709 1006 2.

1037 929 1144 961 Rehd.
1170 937 1204 961 et
1227 934 1309 972 Aug.
1334 932 1527 970 deiciuntur5
1559 936 1627 962 tres

734 981 766 1006 et
787 972 909 1006 multae
935 974 1010 1005 edd.
1033 981 1114 1005 vett.
1139 976 1316 1015 ducuntur,·
1350 975 1529 1006 nonnullae
1550 974 1627 1008 edd.

55 1026 136 1052 vett.
162 1030 202 1050 ex
223 1019 420 1061 glossemate
441 1021 563 1060 expulsi
586 1021 752 1060 dicuntum·
773 1020 821 1051 M.
843 1021 882 1051 L.
904 1019 960 1051 alii
981 1021 1172 1055 educuntur.
1209 1021 1287 1051 XII.
1325 1018 1342 1051 1
1368 1031 1400 1051 v.
1426 1019 1513 1051 Adn.

58 1096 117 1131 καὶ
149 1096 229 1141 ἐρίῳ
264 1096 458 1137 στέψαντες)
476 1122 484 1138 ,
523 1096 582 1128 sed
616 1094 822 1140 ἀποπέμπειν
856 1107 932 1137 r090
952 1107 1018 1137 —,·
1042 1098 1121 1128 dicet
1144 1095 1209 1128 dici
1231 1096 1285 1128 vix
1307 1097 1466 1139 potuisse.
1503 1100 1548 1128 At
1571 1109 1627 1129 cur

57 1153 125 1173 non
146 1149 195 1173 est
217 1143 353 1181 educere,
382 1141 440 1172 sed
461 1144 605 1174 emittere.
656 1142 707 1174 Cf.
732 1144 824 1174 Mad-

56 1189 177 1227 viyium
199 1186 241 1218 ad
262 1186 334 1218 Fin.
353 1187 395 1217 V.
411 1186 461 1224 19,
480 1188 532 1219 51.
559 1198 592 1228 p.
605 1186 681 1220 709.
717 1187 826 1218 Etiam

59 1233 116 1263 Tr.
140 1238 174 1262 et
186 1231 242 1265 Kl.
265 1230 299 1262 in
320 1230 406 1262 Add.
428 1243 462 1273 p.
477 1234 532 1264 82.
557 1234 721 1264 eiiciantur
741 1243 826 1274 pro-

60 1276 231 1308 baverunt.

126 1334 208 1364 docti
230 1334 343 1364 scilicet
373 1341 393 1362 a
419 1332 566 1372 Graecia]
601 1331 827 1363 Romanorum

59 1376 279 1408 eruditionem
297 1375 546 1418 doctrinamque
559 1383 665 1407 totam
688 1376 827 1408 confor-

57 1428 179 1453 matam
213 1432 283 1453 esse
317 1421 359 1452 ad
385 1420 603 1459 Graecorum,
643 1432 716 1452 cum
740 1420 826 1452 salsa

58 1466 226 1509 quadam
217 1465 323 1497 nonia
345 1465 475 1497 notavit
496 1465 633 1499 Tullius.
672 1467 722 1497 De
744 1477 825 1521 par—

56 1511 157 1543 ticula
181 1513 294 1543 scilicet
325 1523 354 1543 v.
379 1510 548 1542 Ad110t1ta
570 1510 603 1542 in
628 1508 824 1550 1.‘)1,4&.

56 1556 149 1588 lnsra
170 1557 211 1589 V.
232 1555 288 1596 39,
309 1553 389 1588 114:
417 1555 625 1587 Democritus
648 1555 825 1587 luminibus

58 1600 184 1633 amissis
216 1601 291 1632 alba
321 1603 435 1633 scilicet
468 1607 501 1632 et
531 1607 603 1632 atra
637 1601 825 1632 discernere

59 1658 127 1678 nou
158 1652 311 1688 poterat,
349 1652 383 1676 at
412 1657 491 1677 vero
524 1646 633 1685 bona,
670 1646 756 1677 mala
781 1665 823 1669 —

59 1697 203 1733 poterat.
251 1690 305 1722 Sic
327 1689 423 1721 Offic.
450 1692 492 1721 Il.
519 1693 554 1728 l,
580 1690 620 1723 3:
645 1690 721 1722 illae
742 1692 825 1723 scili-

58 1740 103 1768 cet
126 1736 257 1767 litterae
282 1735 511 1767 conticuerunt
537 1736 686 1767 forenses
712 1742 745 1767 et
769 1747 826 1766 se—

58 1781 218 1812 natoriae.
267 1782 467 1820 Stttrenbury.
499 1780 542 1811 ad
567 1792 614 1812 or.
639 1792 700 1823 pro
726 1781 824 1812 Areh.

57 1836 91 1868 p.
104 1826 148 1859 70
159 1837 230 1868 sqq.
250 1824 373 1861 docuit,
399 1828 513 1857 scilicet
533 1832 642 1857 ortum
663 1837 734 1856 esse
758 1836 826 1856 non

59 1881 99 1901 ex
120 1873 198 1903 scire
218 1873 297 1910 licet,
319 1869 378 1902 sed
401 1881 441 1900 ex
461 1873 505 1901 sci
526 1873 604 1909 licet,
629 1877 664 1901 ut
688 1872 760 1901 vide
782 1887 827 1893 --

59 1917 138 1955 licet,
162 1918 174 1947 i
194 1934 236 1939 -—
252 1918 330 1955 licet,
353 1914 623 1957 respondereque
644 1914 742 1956 plane
762 1925 829 1945 no-

58 1965 128 1991 stro
149 1963 259 1999 wisse,
291 1963 412 1998 wisset,
448 1971 509 1990 nec
532 1960 628 1990 aliter
649 1959 689 1990 ab
710 1970 828 1990 aureae

60 2004 178 2036 aetatis
198 2004 414 2047 scriptoribus
441 2011 630 2046 usurpatum
651 2014 740 2042 esse,
765 2003 828 2034 nisi

58 2048 113 2080 ubi
137 2059 227 2088 eum,
265 2051 387 2089 quicum
409 2051 575 2088 loquuntur
584 2072 594 2088 ,
618 2050 695 2080 scire
717 2051 828 2087 tabent,

58 2104 137 2133 quae
165 2095 279 2126 dicturi
300 2097 380 2125 sunt.
426 2093 508 2124 Mihi
533 2104 611 2125 vero
633 2095 678 2124 sci
701 2099 735 2124 et
757 2095 828 2124 vide

61 2138 94 2169 in
116 2138 166 2169 his
183 2138 350 2170 vocabulis
375 2149 481 2181 neque
515 2137 694 2169 infinitivus
719 2149 827 2180 neque

60 2182 274 2226 imperativus
298 2183 428 2214 videtur
450 2194 531 2220 esse,
556 2182 616 2214 sed
637 2182 710 2225 ipsa
732 2182 827 2215 radix

59 2228 235 2260 verborum
259 2228 385 2260 sciendi
411 2235 444 2259 et
466 2227 613 2259 videndi.

133 2284 211 2317 cAp.
228 2285 308 2316 Xll.
333 2286 362 2328 ᾗ.
378 2284 433 2317 28.
462 2286 570 2323 paullo
590 2283 675 2326 ante]
703 2285 730 2327 ξ.
753 2280 804 2316 14.

126 2339 233 2382 verbo]
255 2340 297 2370 H.
313 2350 355 2379 e.‚
376 2339 425 2370 uti
445 2339 589 2381 explicat
608 2342 769 2371 Ernestius
793 2339 826 2370 in

65 2383 156 2415 Clav.
180 2383 330 2415 Ciceron.
353 2383 388 2414 h.
405 2395 446 2422 V„
471 2383 582 2425 paucis
605 2384 750 2414 monitus
773 2384 827 2415 fa-

64 2427 126 2460 cile
149 2427 284 2460 cessisti.
320 2428 371 2459 Cf.
394 2439 492 2470 supra
513 2428 545 2465 5,
568 2425 626 2459 14:
652 2439 704 2459 me
725 2428 830 2470 pudet

61 2479 131 2504 tam
168 2472 234 2505 cito
270 2472 312 2504 de
347 2472 510 2503 sententia
547 2482 617 2502 esse
653 2471 827 2504 deiectum.

61 2518 126 2550 Pro
151 2520 189 2550 de
212 2521 288 2550 sent.
312 2519 454 2549 desistere
484 2515 583 2548 etiam
615 2515 736 2547 dicitur
759 2527 829 2549 sen-

62 2565 157 2595 tentia
185 2565 247 2595 des.
256 2587 267 2603 ,
303 2562 350 2594 uti
383 2561 483 2594 docet
505 2564 605 2593 Moser
628 2572 736 2603 comp.
762 2562 828 2593 Off.

63 2608 122 2638 Ill.
147 2607 188 2647 3,
216 2609 275 2640 15:
314 2608 421 2646 Quum
446 2613 523 2637 sunt
544 2605 636 2637 docti
659 2618 677 2637 a
701 2605 828 2648 peritis,

65 2653 214 2684 desistunt
237 2651 336 2684 facile
359 2654 519 2684 sententia.

132 2709 217 2748 Rogo
235 2709 290 2740 hoc
302 2707 399 2751 idem]
424 2709 558 2739 Wesenb.
571 2708 642 2738 Em.
656 2707 682 2737 I.
701 2718 734 2748 p.
749 2705 829 2748 8sq.

66 2750 240 2793 legendum
276 2759 387 2784 censet
418 2754 543 2793 Rogare
590 2752 633 2792 (v.
668 2750 827 2792 exempla,

69 2806 152 2838 quae
182 2796 293 2839 paullo
327 2803 404 2839 post
438 2809 457 2829 a
491 2796 587 2828 nobis
622 2796 829 2834 affer-,enturl

70 2839 192 2872 collato
208 2841 287 2873 loco
310 2841 428 2882 simili,
453 2841 508 2885 qui
531 2848 582 2873 est
604 2841 692 2872 infra
713 2841 752 2872 V.
778 2839 828 2880 19,

67 2885 130 2917 55:
167 2896 235 2917 non
265 2885 382 2918 dubito
403 2905 448 2911 -—
469 2886 570 2925 alius,
606 2897 705 2928 quum
738 2884 829 2924 dicit,

68 2929 216 2972 putuisse
235 2929 300 2962 dici
316 2941 421 2972 royem
436 2950 481 2956 —
525 2950 570 2956 -—
594 2933 673 2963 dicet
696 2930 830 2973 (dicat),·

859 1141 926 1173 dici
949 1141 1003 1173 vix
1024 1142 1191 1184 potuerit,
1226 1141 1362 1173 difficile
1385 1148 1434 1173 est
1454 1141 1497 1173 ad
1520 1142 1628 1174 conii-

861 1186 1023 1218 ciendum.
1073 1186 1124 1216 Cf.
1162 1186 1198 1217 C.
1232 1186 1291 1217 Ph.
1324 1188 1396 1218 VII.
1421 1185 1461 1226 6,
1490 1185 1551 1219 19:
1592 1186 1626 1218 Si

859 1230 984 1262 bellum
1016 1234 1203 1269 omittimus,
1240 1242 1321 1273 pace
1355 1242 1520 1273 nunquam
1544 1234 1628 1271 frue-

861 1285 941 1306 mur.
976 1276 1017 1307 V.
1039 1287 1100 1307 nos
1119 1275 1152 1306 in
1176 1276 1233 1306 Gr.
1255 1276 1294 1307 L.
1318 1278 1345 1319 ᾗ.
1366 1276 1439 1314 154,
1464 1276 1497 1308 2.
1535 1279 1628 1315 Tre9-

862 1322 918 1351 der
939 1331 966 1351 c.
985 1322 1060 1351 Ern.
1083 1320 1187 1351 edidit
1206 1330 1296 1360 roga,
1320 1320 1365 1351 uti
1388 1327 1437 1351 est
1457 1319 1491 1351 in
1515 1320 1626 1351 multis

862 1363 938 1395 edd.
962 1370 1045 1395 vett.
1081 1371 1115 1395 et
1146 1364 1179 1395 in
1211 1364 1284 1395 cod.
1307 1364 1413 1396 Rehd.
1459 1368 1504 1396 At
1529 1376 1628 1408 quum

861 1408 1041 1451 praecedat
1070 1413 1199 1449 royatus
1221 1419 1240 1439 α
1268 1419 1332 1448 me,
1367 1416 1458 1440 recte
1481 1410 1628 1452 sequitur

859 1463 954 1494 royo,
985 1453 1018 1485 h.
1035 1466 1063 1486 e.
1086 1454 1113 1485 si
1135 1453 1200 1485 hoc
1223 1453 1311 1484 idem
1335 1464 1417 1496 rogo
1437 1453 1627 1496 Epicurum,

861 1498 951 1541 quod
971 1498 1083 1541 paullo
1106 1505 1183 1530 ante
1197 1497 1310 1540 rogavi
1321 1505 1366 1530 te.
1399 1500 1505 1541 Saepe
1519 1510 1627 1530 enun-

860 1543 1006 1574 tiationis
1021 1543 1252 1575 conditionalis
1269 1543 1344 1575 loco
1366 1544 1504 1586 simplex
1519 1555 1627 1575 enun-

859 1588 956 1620 tiatio
978 1588 1123 1631 ponitur.
1170 1589 1211 1620 N.
1236 1589 1277 1619 D.
1302 1590 1327 1619 Ι.
1351 1589 1405 1627 21,
1430 1589 1490 1622 57:
1517 1588 1626 1631 Roges

859 1644 930 1671 me,
969 1633 1098 1676 qualem
1126 1633 1264 1665 deorum
1285 1640 1436 1665 naturam
1466 1645 1537 1665 esse
1561 1634 1628 1665 du-

861 1689 951 1716 cam3
977 1678 1058 1709 nihil
1080 1679 1221 1710 fortasse
1244 1678 1474 1721 respondeam.
1512 1679 1627 1718 Quae-

859 1734 930 1761 ras,
956 1730 1134 1765 putemne,
1159 1723 1258 1754 talem
1279 1735 1370 1761 esse,
1396 1723 1500 1766 qualis
1525 1723 1626 1755 modo

860 1780 878 1799 a
901 1775 935 1799 te
957 1768 1000 1799 sit
1022 1769 1191 1811 exposita3
1227 1767 1308 1799 nihil
1338 1768 1446 1800 dicam
1466 1768 1547 1800 mihi
1573 1768 1627 1799 vi·-

861 1812 933 1843 deri
954 1813 1069 1843 minus.
1116 1814 1170 1852 22,
1195 1811 1250 1844 60.
1275 1813 1316 1843 ΙΙ.
1346 1812 1395 1851 16,
1417 1813 1473 1846 37.
1500 1813 1552 1852 17,
1572 1811 1627 1845 40.

862 1857 953 1888 lnfra
977 1859 1016 1888 ll.
1039 1855 1093 1895 24,
1115 1858 1169 1889 ὁδ’.
1196 1857 1254 1888 lIl.
1278 1854 1332 1895 24,
1354 1857 1407 1890 57.
1446 1858 1488 1889 V.
1509 1868 1569 1888 nos
1592 1856 1628 1888 iu

865 1902 922 1932 Gr.
944 1902 983 1931 L.
1011 1905 1038 1942 ξ.
1058 1899 1130 1933 154.
1152 1902 1232 1932 Not.
1248 1901 1303 1933 22.
1335 1900 1431 1933 Plura
1450 1901 1545 1933 huius
1565 1913 1628 1944 ge-

862 1945 950 1977 neris
973 1945 1121 1988 exempla
1134 1945 1393 1988 suppeditabunt
1404 1948 1566 1986 Heindorf.
1585 1945 1629 1978 ad

862 1991 982 2022 Horat.
1004 1991 1101 2022 Satir.
1124 1992 1148 2021 l.
1181 1992 1205 2029 1,
1228 1988 1283 2022 46.
1319 1992 1480 2023 Ruhnken.
1504 1991 1538 2022 in
1564 1990 1628 2022 Di-

864 2041 942 2067 ctat.
975 2034 1018 2066 ad
1046 2036 1183 2067 Terent.
1208 2034 1311 2066 Andr.
1335 2037 1360 2066 Ι.
1384 2037 1424 2074 5,
1449 2034 1481 2067 3.
1529 2037 1629 2067 Kritz.

862 2080 905 2111 ad
930 2079 1009 2111 Sall.
1030 2081 1100 2122 Ing.
1123 2080 1245 2118 LXlV,
1271 2080 1302 2111 5.
1327 2090 1360 2121 p.
1376 2078 1454 2113 349.
1494 2082 1562 2113 Otto
1585 2080 1628 2112 ad

861 2124 934 2156 Fin.
966 2125 1006 2155 ΙΙ.
1034 2124 1085 2162 17,
1110 2124 1165 2157 57.
1192 2136 1224 2166 p.
1249 2122 1312 2156 136
1327 2136 1375 2167 sq.
1424 2124 1629 2156 Monendum

862 2176 912 2201 est
931 2176 1052 2207 antem,
1077 2169 1163 2200 hanc
1185 2168 1317 2200 dicendi
1339 2169 1502 2202 rationem
1521 2169 1628 2202 multo

861 2214 1046 2257 graviorem
1077 2226 1147 2245 esse
1174 2221 1272 2256 atque
1302 2215 1405 2256 magis
1438 2214 1627 2253 oratoriam,

862 2271 960 2302 quam
985 2259 1165 2301 vulgarem.
1213 2258 1411 2300 Saepissime
1439 2259 1486 2290 ita
1516 2258 1628 2301 impe-

862 2304 987 2335 rativus
1011 2304 1155 2345 ponitur,
1181 2309 1339 2345 sequente
1363 2304 1489 2342 futuro,
1514 2309 1550 2333 ut
1572 2303 1629 2334 in-

862 2349 915 2380 fra
938 2350 979 2380 11.
1006 2348 1061 2386 16,
1087 2348 1148 2381 37:
1175 2350 1280 2378 adduc
1302 2366 1345 2371 —-
1368 2347 1527 2387 militem,
1552 2358 1629 2378 mu-

862 2393 924 2425 lier
947 2395 1101 2424 videbitur
1136 2392 1170 2434 (i.
1184 2403 1212 2422 e.
1237 2391 1264 2422 si
1288 2391 1462 2423 adduxeris
1484 2411 1550 2430 —‚
1574 2392 1628 2424 vi-

865 2438 1020 2478 debitur.)
1051 2437 1106 2467 llI.
1129 2437 1191 2475 20,
1217 2433 1272 2468 415.
1296 2437 1352 2468 IV.
1376 2434 1430 2475 24,
1455 2436 1509 2470 53.
1556 2437 1631 2469 Nec

863 2494 938 2514 raro
959 2482 1106 2512 futurum
1128 2486 1299 2518 exactum,
1323 2488 1480 2524 sequente
1502 2482 1628 2522 futuro,

864 2527 912 2558 uti
931 2527 1008 2558 Ter.
1031 2525 1151 2556 Heaut.
1176 2526 1230 2557 ΙΙΙ.
1256 2525 1284 2563 l,
1305 2525 1360 2559 76.
1396 2526 1430 2558 C.
1452 2527 1546 2558 Verr.
1568 2528 1627 2559 111.

863 2572 904 2610 2,
930 2568 968 2602 4:
1003 2570 1111 2601 furem
1131 2588 1174 2593 —
1197 2573 1377 2609 accusaris‚·
1409 2571 1544 2603 vitanda
1567 2571 1630 2603 tibi

863 2626 994 2657 semper
1036 2617 1092 2646 erit
1137 2614 1243 2646 omnis
1279 2615 1437 2648 avaritiae
1475 2616 1630 2660 suspicio.

863 2659 947 2691 Phil.
969 2659 1032 2690 XI.
1054 2660 1086 2698 ὅ,
1113 2657 1164 2691 19.
1199 2658 1271 2691 Fin.
1296 2661 1334 2691 ll.
1360 2661 1410 2699 17,
1436 2661 1490 2694 57.
1526 2660 1629 2695 Acad.

864 2702 990 2741 11.36‚
1018 2702 1090 2735 115.
1113 2702 1167 2735 all.
1214 2704 1255 2735 V.
1289 2706 1423 2737 Wesenb.
1454 2705 1476 2737 1.
1501 2705 1532 2738 d.
1579 2707 1630 2737 De

867 2747 1000 2781 Graecis
1021 2759 1052 2780 v.
1074 2750 1111 2780 L.
1123 2750 1297 2780 Dissem'um
1321 2750 1363 2781 ad
1385 2749 1515 2782 Pindar.
1532 2750 1629 2782 Nem.

864 2792 896 2833 4,
918 2793 973 2827 37.
999 2804 1031 2835 p.
1049 2790 1116 2825 400
1131 2804 1179 2836 sq.
1203 2792 1255 2825 ed.
1280 2794 1382 2826 Goth.
1409 2802 1442 2826 et
1464 2805 1548 2833 eum,
1574 2794 1629 2836 qui

865 2837 1053 2881 nuperrime
1075 2837 1162 2869 hanc
1181 2838 1407 2889 quaestionem
1427 2850 1552 2869 summa
1574 2838 1630 2870 di-

864 2882 1000 2926 ligentia
1027 2882 1262 2926 pertractavit,
1299 2885 1334 2915 C.
1355 2885 1390 2914 F.
1414 2885 1630 2916 Hermannum

864 2928 899 2961 in
929 2927 1038 2960 indice
1064 2927 1205 2960 scholar.
1229 2927 1381 2970 Gotting.
1400 2926 1506 2969 April.
1533 2928 1630 2961 1850.
