1863 3221
234 107 317 152 484

236 200 466 240 Brachmanae,
482 197 790 242 Gymnosophistae.
801 198 856 230 IV.
865 197 919 237 27,
932 197 986 232 77.

236 257 359 288 Brutus.
392 255 422 297 a)
448 257 483 287 L.
506 256 612 287 lun-ius
633 254 767 292 Brutus,
791 252 846 296 qui
870 253 988 298 cecidit

280 299 313 332 in
338 312 445 343 pugna
471 310 541 330 cum
563 301 702 335 Arunte,
727 297 795 329 filio
819 298 988 341 Tarquinii

281 344 437 388 Superbi,
462 355 556 386 quem
579 353 665 373 anno
684 348 761 373 ante
785 340 873 385 (¹244.
901 345 939 375 U.
961 356 987 376 c.

281 391 356 422 510.
379 401 406 421 a.
431 388 518 428 Chr.)
545 386 723 428 expulerat.
748 387 820 419 Liv.
842 388 872 426 2,
896 386 985 420 6.—

282 436 321 473 1,
345 434 397 466 229.
433 430 472 470 -l,
495 435 526 463 2.
545 433 598 464 50.
621 450 667 455 —
704 431 738 472 b)
765 434 808 464 M.
831 435 920 474 lum,
945 434 986 465 ad

281 489 374 521 quem
399 476 472 508 libri
495 478 535 508 T.
553 477 590 508 D.
609 476 722 519 scripti
743 483 837 514 sunt;
863 478 928 510 fuit
944 479 986 510 fi—

277 523 339 554 lius
365 523 408 553 M.
431 521 513 552 Iunii
536 522 635 560 Bruti,
661 521 800 554 Romani
822 522 986 555 iuriscon-

279 567 374 603 sulti,
405 566 579 606 Serviliae,
605 567 725 598 sororis
752 567 882 599 Catonis
909 569 985 600 Uti-

279 610 391 643 censis.
417 613 455 643 V.
469 611 630 643 Plutarch.
646 612 716 643 Cat.
732 624 757 643 c.
774 614 801 644 1.
814 613 902 645 Brut.
916 625 942 646 e.
953 614 984 646 2.

276 656 507 699 Philosophiae
527 657 690 688 studiosus
713 664 746 688 et
765 658 835 699 ipse
851 658 890 689 de
906 659 984 701 phi-

277 701 427 743 losophia
441 701 558 733 Latine
582 702 721 744 scripsit,
746 709 781 734 ut
800 703 841 734 de
861 703 983 736 virtute

278 747 308 784 5,
332 747 361 778 1.
384 746 425 777 de
448 746 517 778 Fin.
543 747 570 779 1.
589 747 620 786 3,
641 752 671 780 ὅ.
708 747 821 779 Cicero
839 749 985 781 mentio-

277 803 352 822 nem
374 791 453 823 facit
473 791 633 833 epitomes
651 803 777 835 quoque
792 793 832 824 ab
848 804 886 824 eo
903 806 985 826 con—

278 837 386 868 fectae
409 848 448 867 ex
462 837 608 868 Historia
625 849 642 868 a
657 838 782 869 Fannio
802 838 920 881 scripta
943 840 984 870 ad

280 884 345 913 Att.
372 882 431 921 1¹2,
456 883 486 914 5.
533 881 724 913 Plutarchus
760 882 793 913 in
828 884 894 915 eius
917 884 984 916 vita

278 932 408 962 narrat,
449 938 521 957 eum
555 927 702 969 proxime
735 934 809 958 ante
842 939 984 970 pugnam

276 971 493 1003 Pharsalicam
514 983 649 1013 vespere
668 972 701 1002 in
726 972 853 1014 Polybii
876 973 983 1005 histo-

275 1016 323 1047 ria
340 1015 542 1058 excerpenda
562 1024 756 1057 occupatum
779 1017 887 1048 fuisse.
912 1019 987 1050 No-

276 1060 417 1091 tissimus
442 1067 491 1091 est
513 1060 554 1092 ob
577 1061 710 1092 caedem
732 1073 804 1092 cum
821 1062 931 1094 Cassio
952 1063 985 1095 in

280 1105 450 1136 Caesarem
474 1105 678 1137 commissam
709 1106 797 1149 (709.
825 1109 864 1139 U.
890 1120 915 1139 c.
931 1105 985 1140 45.

276 1162 305 1181 a.
331 1150 419 1192 Chr.)
449 1151 476 1188 1,
502 1152 530 1183 1.
565 1149 595 1190 4,
620 1151 648 1183 1.
684 1152 722 1191 5,
748 1152 774 1183 1.
798 1149 829 1184 4.
856 1152 907 1185 1‘2.
932 1152 985 1185 21.

275 1194 329 1228 30.
354 1193 408 1228 34.
431 1195 483 1229 39.
510 1196 582 1228 121.

592 1277 625 1308 C.

233 1331 381 1370 Cadmus,
406 1330 576 1374 AgenoriS,
600 1331 685 1374 regis
710 1332 919 1369 Phoenicum,
942 1332 984 1364 fi-

274 1375 354 1414 lius,
388 1377 537 1419 Europae
563 1376 683 1415 frater,
715 1377 867 1409 conditor
890 1377 984 1409 The-

274 1420 407 1459 barum3
438 1421 506 1452 eius
531 1421 615 1453 filiae
639 1428 732 1453 erant
756 1423 834 1460 Ino,
860 1425 982 1464 Agave,

275 1468 446 1505 Autonoe,
473 1466 599 1497 Semele
624 1473 656 1497 et
681 1466 762 1497 filius
787 1466 981 1510 Polydorus.

275 1510 411 1552 Reliqua
436 1510 510 1542 vide
534 1523 563 1542 v.
589 1513 654 1543 Ino.
694 1511 723 1550 1,
747 1511 801 1544 202

232 1567 442 1597 Caecilianum
458 1568 548 1598 illud.
583 1567 690 1598 Locus
706 1578 724 1598 e
738 1566 857 1599 Latino
880 1574 980 1611 poeta

275 1611 399 1642 comico
427 1611 567 1643 Caecilio
590 1611 716 1652 Statio,
741 1611 783 1643 de
808 1623 872 1655 quo
893 1625 924 1645 v.
951 1625 981 1646 v.

275 1657 401 1687 Statius.
426 1676 469 1680 -
493 1657 534 1694 3,
561 1656 613 1689 56.

232 1702 393 1732 Caecilius.
427 1702 465 1733 V.
490 1701 622 1733 Statius.

231 1747 353 1784 Caepio.
402 1747 440 1776 V.
466 1747 623 1777 Servilius.

214 1792 356 1821 Caesar.
405 1793 499 1822 Caius
534 1793 630 1822 lulius
657 1793 771 1824 Caesar
804 1795 914 1825 Strabo
948 1800 981 1825 et

272 1836 386 1866 Lucius
409 1838 505 1867 Iulius
531 1837 665 1875 Caesar,
703 1837 756 1879 qni
782 1838 892 1869 consul
918 1838 981 1870 fuit

272 1879 348 1912 663.
376 1881 415 1911 U.
442 1892 467 1911 e.
492 1880 544 1912 91.
570 1892 598 1912 a.
627 1881 721 1919 Chr.,
752 1881 808 1913 filii
832 1883 979 1926 adoptivi

272 1924 307 1955 C.
323 1924 395 1955 Iulii
418 1925 574 1964 Caesaris,
598 1925 673 1959 666.
687 1928 727 1957 U.
752 1939 778 1958 c.
790 1927 842 1960 ὃὸ.
858 1940 885 1959 a.
901 1929 976 1960 Chr.

270 1981 288 2000 a
302 1969 447 2001 Mariana
466 1970 609 2001 factione
624 1970 791 2003 interfecti
809 1980 892 2005 sunt.
927 1975 977 2005 De

264 2014 379 2056 *priore
392 2027 420 2048 v.
432 2017 469 2046 H.
480 2017 590 2055 Meyer.
602 2016 764 2057 Fragmm.
775 2024 872 2049 oratt.
884 2018 976 2051 Rom.

272 2070 305 2100 p.
322 2059 383 2091 160
394 2071 440 2101 sq.
464 2079 506 2083 —
530 2062 561 2097 5,
579 2061 631 2092 55.
669 2061 719 2091 Cf.
737 2062 802 2092 Cic.
820 2063 904 2094 Brut.
921 2062 974 2103 43,

273 2103 344 2136 177.
368 2106 498 2135 Ellendt.
517 2104 644 2146 Proleg.
659 2104 748 2148 §.45
766 2118 797 2148 p.
811 2107 974 2139 LXXXI.

211 2156 384 2199 calanus,
409 2170 488 2190 unus
509 2160 851 2202 gymnosophistarum
872 2163 975 2194 Indo-

271 2215 351 2241 rum,
378 2216 449 2235 cum
473 2215 536 2247 quo
554 2204 736 2236 Alexander
756 2214 831 2248 post
853 2207 973 2239 victum

268 2248 402 2280 Darium
422 2255 453 2280 et
476 2249 674 2292 Babylonem
694 2250 861 2283 subactam
882 2264 973 2284 sum-

267 2305 353 2325 mam
374 2293 627 2326 familiaritatem
650 2294 761 2327 inibat.
796 2297 859 2336 Qui
874 2308 971 2340 quum

267 2350 353 2370 anno
378 2339 420 2373 73
444 2339 531 2371 vitae
553 2351 629 2370 suae
653 2347 855 2383 aegrotaret,
889 2354 970 2385 rogo

267 2391 392 2416 structo
423 2390 455 2415 et
477 2395 573 2416 aurea
596 2385 711 2417 lectica
735 2386 971 2430 superimposi—

266 2434 311 2467 ta,
336 2441 370 2460 se
389 2429 459 2472 ipse
479 2429 665 2462 combussit.
712 2431 760 2461 De
782 2432 971 2474 Gymnoso—

266 2473 382 2515 phistis
414 2481 511 2517 atque
541 2475 660 2506 Calano
695 2475 759 2507 vid.
787 2477 891 2509 Strab.
919 2480 968 2510 15.

266 2518 382 2559 ρ.715.
410 2519 459 2550 ed.
487 2520 620 2552 Casaub.
655 2520 705 2552 Cf.
731 2521 795 2552 Cic.
821 2522 970 2556 Divin.1.

266 2562 321 2599 23,
344 2562 397 2595 47.
420 2564 527 2606 ibique
546 2566 656 2608 intpp.
683 2565 754 2597 Val.
777 2567 863 2598 Max.
889 2569 913 2599 I.
938 2570 970 2609 ὅ,

220 2609 230 2617 “
269 2606 318 2638 10.
345 2625 386 2630 —
411 2610 451 2645 2,
476 2611 529 2640 52.

225 2664 403 2695 Calalsnus.
439 2667 475 2695 A.
497 2664 610 2696 Atilius
630 2666 780 2708 Regulus,
805 2680 823 2699 e
848 2668 971 2702 Calatia

264 2707 298 2739 in
325 2707 498 2750 Campania
531 2710 704 2749 oriundus,
741 2710 804 2744 495
839 2720 871 2744 et
895 2713 970 2747 499.

266 2754 308 2785 U.
323 2764 350 2784 c.
375 2753 452 2796 (259
467 2759 500 2784 et
515 2753 588 2785 ¹255.
601 2766 628 2786 a.
645 2755 732 2796 Chr.)
757 2758 878 2797 consul,
895 2756 969 2791 504.

264 2798 307 2829 U.
331 2810 357 2829 c.
385 2798 472 2839 (¹250.
491 2809 520 2828 a.
535 2797 623 2838 Chr.)
649 2799 800 2832 dictator.
840 2804 888 2834 De
903 2802 970 2835 eius

266 2842 437 2885 sepulchro
462 2842 504 2874 cf·
528 2842 569 2873 de
590 2845 717 2874 Senect.
742 2857 767 2878 c.
793 2847 842 2880 17.
867 2867 910 2872 --
940 2849 968 2889 1,

267 2887 318 2921 13.
362 2886 468 2919 Primo
501 2887 588 2919 bello
619 2887 747 2920 Punico
771 2890 971 2934 triumphum

268 2925 310 2964 de
330 2932 424 2965 victis
450 2931 764 2975 Carthaginiensibus
785 2936 850 2977 egit
881 2936 968 2979 (249.

263 2988 292 3009 a.
319 2976 419 3019 Chr).
468 2977 518 3009 Cf.
543 2977 583 3010 de
607 2979 734 3010 Seneet.
767 2990 794 3012 e.
824 2980 879 3020 17,
904 2981 967 3014 61:

787 119 930 151 INDEX
953 120 1228 155 HlSTORICUS.

1068 198 1123 230 ubi
1144 212 1175 232 v.
1202 203 1373 236 Gernhard.
1395 204 1502 238 Valet.
1516 207 1602 241 Max.
1629 210 1670 241 II.
1689 209 1721 250 8,
1742 210 1773 243 2.

1042 255 1047 260 ⁴
1067 243 1181 287 Polyb.
1208 247 1242 286 Ι,
1265 245 1319 279 24.

1025 291 1243 330 Callimachus,
1268 298 1379 334 poeta,
1402 293 1585 336 historicus,
1608 298 1642 330 in
1661 299 1773 342 primis

1066 335 1304 376 grammaticus,
1323 349 1340 368 e
1362 338 1487 381 Cyrene
1504 341 1666 375 oriundus.
1691 345 1773 377 Flo—

1065 379 1159 410 rebat
1191 380 1405 414 Alexandriae
1443 386 1645 428 temporibus
1686 390 1772 421 Ptol.

1065 424 1270 468 Philadelphi
1288 428 1362 459 250.
1384 435 1459 460 ante
1472 430 1545 463 Chr.
1594 433 1618 462 E
1643 433 1772 476 scriptis

1064 470 1234 511 permultis
1261 481 1434 514 supersunt
1461 474 1561 506 hodie
1584 476 1708 519 Hymni
1740 485 1774 510 et

1064 514 1317 557 Epigrammata.
1337 518 1376 559 1,
1400 517 1461 551 45:
1499 520 1552 551 ubi
1576 532 1608 552 v.
1632 521 1716 554 Adn.
1742 523 1772 564 1,

1064 558 1129 591 93:
1157 559 1210 591 ubi
1235 573 1265 592 v.
1291 561 1375 594 Adn.

1022 604 1206 644 Calliphon,
1233 605 1459 649 philosophus.
1487 628 1530 633 ——
1553 611 1593 651 5,
1617 610 1680 644 85:
1720 612 1774 645 ubi

1063 661 1093 680 v.
1120 649 1204 681 Adn.
1227 652 1266 689 5,
1291 651 1345 685 87.

1020 692 1230 733 Οαῑὶίειὴέηεε,
1254 696 1466 740 philosophus
1490 698 1673 742 Olynthius,
1692 701 1773 734 Ale-

1065 740 1190 770 xandro
1214 741 1260 773 M.
1285 741 1451 774 familiaris
1483 744 1690 789 eiusdemque
1713 748 1773 780 sub

1064 783 1242 816 Aristotele
1266 787 1516 830 condiscipulus,
1543 801 1638 833 quern
1660 792 1715 823 ille
1738 793 1772 824 in

1062 829 1172 861 Asiam
1195 831 1382 871 arcessivit,
1415 840 1449 864 ut
1473 846 1523 865 res
1548 846 1620 867 suas
1644 848 1773 869 memo·-

1062 874 1128 905 riae
1145 875 1311 917 proderet.
1342 878 1446 916 Quum
1459 879 1642 912 Alexander
1658 893 1675 912 e
1691 883 1771 914 Per-

1063 918 1130 950 sico
1156 920 1242 951 bello
1264 922 1435 963 superbiae
1462 924 1569 966 regiae
1593 937 1684 958 more
1708 927 1771 958 ad-

1064 964 1150 995 orari
1169 964 1278 1004 vellet,
1296 967 1469 998 acerrimus
1486 968 1572 1000 inter
1586 978 1771 1003 recusantes

1068 1008 1280 1040 Callisthenes
1295 1011 1366 1048 fuit,
1383 1012 1490 1053 palam
1504 1012 1666 1055 dictitans,
1690 1014 1780 1048 Ale-'

1053 1048 1223 1085 ”xandrum
1247 1054 1450 1087 adorandum
1474 1069 1540 1089 non
1565 1070 1653 1090 esse:
1689 1072 1771 1104 quae

1065 1109 1116 1129 res
1137 1105 1172 1129 et
1192 1098 1239 1130 illi
1261 1106 1294 1130 et
1313 1100 1422 1132 multis
1443 1102 1642 1145 principibus
1657 1106 1771 1137 Mace-

1066 1142 1188 1174 donum
1222 1143 1320 1176 exitio
1344 1145 1418 1178 fuit.
1464 1148 1549 1179 Nam
1578 1149 1668 1181 illum
1692 1151 1772 1183 Ale-

1064 1188 1188 1220 xander
1219 1196 1357 1232 propter
1390 1191 1588 1225 adorationis
1623 1196 1771 1228 Persicae

1064 1232 1306 1276 interpellatum
1362 1247 1485 1268 morem
1540 1239 1772 1272 coniurationis

1064 1278 1230 1310 conscium
1276 1291 1345 1311 esse
1387 1282 1573 1314 criminatus
1614 1286 1771 1318 mutilatis

1063 1323 1215 1355 membris
1241 1324 1438 1370 abscisisque
1469 1328 1598 1360 auribus
1629 1342 1667 1362 ac
1690 1342 1770 1363 naso

1063 1367 1221 1412 labiisque
1233 1370 1453 1403 deformatum
1471 1384 1542 1404 cum
1565 1386 1643 1406 cane
1663 1375 1696 1407 in
1713 1388 1770 1408 ca-

1062 1423 1155 1444 veam
1173 1414 1313 1446 clausum
1332 1416 1533 1450 circumferri
1546 1418 1638 1451 iussit
1651 1420 1770 1464 diuque

1061 1463 1185 1489 tortum
1209 1460 1342 1491 tandem
1364 1462 1501 1493 necavit.
1534 1464 1608 1497 Vid.
1626 1464 1713 1497 Curt.
1735 1466 1767 1504 8,

1061 1501 1092 1534 8.
1114 1522 1154 1526 -
1180 1502 1211 1543 3,
1234 1506 1286 1536 21.
1310 1506 1342 1544 5,
1366 1507 1417 1538 25.
1462 1507 1511 1538 Cf.
1538 1510 1771 1548 Theophrastus.

1015 1548 1187 1587 Camillus,
1212 1551 1254 1580 M.
1279 1552 1408 1590 Furius,
1446 1551 1666 1585 Romanorum
1691 1566 1768 1586 suae

1060 1592 1175 1623 aetatis
1201 1593 1411 1633 clarissimus,
1438 1597 1537 1627 Veios
1561 1609 1621 1640 per
1645 1598 1770 1631 decen—

1060 1636 1148 1667 nium
1189 1638 1336 1670 obsessos
1370 1651 1429 1681 per
1459 1641 1622 1674 cuniculos
1659 1645 1765 1687 cepit3

1059 1692 1120 1712 nec
1140 1682 1242 1714 multo
1265 1690 1350 1725 post,
1377 1696 1474 1727 quum
1497 1687 1621 1719 crimini
1642 1688 1689 1720 illi
1708 1689 1766 1721 da-

1059 1732 1168 1766 retur,
1206 1728 1293 1770 quod
1319 1729 1399 1761 albis
1424 1731 1513 1773 equis
1537 1732 1766 1776 triumphasset

1061 1777 1093 1802 et
1117 1772 1271 1814 praedam
1296 1773 1405 1817 inique
1429 1776 1608 1816 divisisset,
1635 1778 1688 1811 die
1711 1779 1766 1810 di-

1062 1822 1112 1847 cta
1126 1816 1294 1853 damnatus
1308 1820 1446 1851 Ardeam
1463 1823 1632 1854 concessit.
1659 1826 1766 1863 Quum

1059 1872 1137 1893 vero
1165 1863 1250 1894 Galli
1274 1864 1409 1896 Romam
1435 1867 1613 1908 cepissent,
1644 1869 1763 1901 oblitus

1059 1912 1108 1936 est
1133 1906 1320 1940 iniuriarum
1356 1917 1387 1941 et
1412 1910 1452 1942 de
1485 1911 1581 1943 exilio
1615 1925 1762 1946 reversus

1057 1951 1180 1983 Urbem
1204 1965 1221 1984 a
1247 1954 1347 1985 Gallis
1372 1962 1499 1997 captam
1524 1957 1667 1989 restituit
1687 1958 1763 1992 361.

1055 1996 1096 2026 U.
1125 2009 1151 2028 c.
1177 1997 1266 2040 (393.
1291 2011 1319 2030 a.
1347 2000 1433 2043 Chr.)
1467 2001 1553 2033 Flor.
1579 2003 1615 2043 1,
1643 2002 1694 2036 13.
1719 2023 1762 2029 ·——-

1058 2041 1094 2079 1,
1120 2040 1174 2074 90.

1013 2084 1159 2126 Cannae,
1192 2087 1282 2120 locus
1307 2089 1339 2121 in
1364 2090 1481 2133 Apulia
1505 2091 1606 2132 situs,
1632 2093 1762 2125 Hanni-

1054 2129 1134 2162 balis
1167 2132 1338 2175 splendida
1373 2135 1413 2166 de
1437 2136 1591 2168 Romanis
1624 2137 1762 2171 victoria

1055 2174 1168 2206 clarus.
1219 2178 1256 2217 1,
1281 2179 1334 2211 259.

1010 2220 1136 2258 CapEna
1160 2228 1265 2262 porta.
1313 2224 1352 2255 V.
1377 2223 1461 2255 Adn.
1485 2225 1518 2256 in
1547 2225 1582 2264 1,
1611 2227 1661 2259 13.

1009 2265 1118 2304 Carbo,
1145 2268 1189 2305 0.,
1216 2267 1496 2309 eloquentissimus
1517 2272 1673 2313 temporis
1697 2272 1759 2315 sni,

1050 2309 1212 2351 Lepidum
1232 2312 1377 2344 studiose
1393 2314 1517 2345 audivit
1531 2316 1618 2347 Brut.
1632 2316 1687 2349 27.
1701 2317 1757 2351 33.

1053 2354 1172 2386 Consul
1194 2356 1256 2387 fuit
1277 2356 1352 2390 633.
1372 2359 1414 2390 U.
1437 2370 1464 2391 c.
1484 2359 1556 2391 121.
1577 2372 1606 2392 a.
1623 2360 1756 2394 Chr.—

1052 2398 1064 2429 1
1082 2424 1089 2437 ,
1116 2400 1146 2433 5.

1008 2445 1113 2483 Caria,
1137 2445 1232 2477 Asiae
1252 2446 1387 2479 Minoris
1408 2448 1497 2491 regio
1510 2474 1517 2488 ,
1542 2449 1629 2482 inter
1648 2451 1756 2495 Phry-

1049 2489 1133 2530 giam
1159 2497 1191 2521 et
1215 2491 1354 2534 Lydiam
1377 2493 1448 2525 sita.
1485 2494 1512 2532 1,
1537 2494 1590 2527 9¹2.
1623 2495 1653 2532 3,
1679 2496 1733 2529 75.

1007 2532 1194 2574 Οσνηεᾶἀεε,
1221 2536 1413 2579 Cyrenaeus,
1439 2550 1544 2570 novae
1564 2540 1756 2572 Academiae

1049 2579 1274 2622 philosophus,
1299 2583 1454 2614 acerrime
1481 2591 1593 2615 contra
1615 2585 1754 2616 Zenonis

1049 2624 1290 2667 philosophiam
1313 2627 1500 2670 disputabat
1523 2640 1655 2671 eamque
1676 2640 1754 2660 con-

1050 2669 1156 2701 futare
1188 2671 1351 2703 studebat.
1402 2673 1476 2704 Eius
1501 2673 1754 2715 philosophandi

1050 2715 1208 2747 rationem
1233 2716 1377 2757 pluribus
1402 2717 1559 2760 complexi
1587 2730 1694 2749 sumus
1718 2719 1752 2750 in

1048 2758 1132 2791 libro
1157 2759 1245 2791 dicto
1280 2763 1316 2793 de
1343 2765 1435 2795 Cicer.
1460 2766 1491 2794 in
1521 2764 1630 2801 philos.
1655 2767 1753 2797 merit.

1049 2815 1081 2846 p.
1100 2806 1160 2836 155
1171 2816 1240 2847 sqq.
1265 2806 1296 2845 3,
1320 2806 1372 2839 54.
1390 2806 1442 2839 59.
1465 2805 1496 2843 4,
1519 2808 1549 2838 5.
1567 2808 1620 2840 53.
1644 2809 1674 2847 5,
1700 2809 1751 2841 11.

1049 2848 1102 2882 83.
1126 2847 1179 2881 84.
1205 2848 1259 2883 07.
1282 2851 1334 2883 ὃὸ.
1361 2850 1432 2883 107.
1459 2852 1530 2883 120.

1006 2894 1090 2925 Cato.
1114 2894 1145 2934 a)
1172 2896 1212 2926 M.
1227 2897 1355 2927 Porcius
1379 2897 1463 2934 Cato,
1487 2896 1600 2935 maior,
1625 2908 1751 2940 cogno-

1047 2938 1185 2970 minibus
1208 2941 1361 2979 Sapientis
1380 2945 1413 2970 et
1435 2942 1569 2973 Censorii
1588 2949 1695 2981 notus,
1720 2955 1750 2974 a.

1048 2984 1122 3017 558.
1147 2985 1188 3014 U.
1203 2995 1232 3015 c.
1257 2983 1344 3026 (196.
1369 2995 1397 3016 a.
1412 2984 1502 3028 Chr.)
1529 2986 1650 3027 consul,
1674 2986 1749 3021 568.
