1863 3221
249 127 303 171 39
855 129 1198 162 PROLEGOMENa.

250 228 314 258 tus
337 215 526 255 amicitiae
550 211 754 249 faciundae
778 223 825 247 ex
846 210 1158 261 pulchritudinis
1180 211 1308 260 specie
1339 211 1574 259 definiatur,
1619 224 1706 249 eum
1728 211 1798 249 de-

251 286 354 324 fendi
380 294 514 333 posse;
545 279 606 316 sin
638 284 785 326 autem,
818 284 862 315 ut
882 278 1002 328 vulgo
1027 283 1102 325 est,
1134 277 1297 315 libidine
1322 292 1403 315 non
1427 285 1559 327 vacet,
1589 291 1677 315 eum
1701 279 1802 316 nihil

249 359 316 391 aut
333 363 413 387 non
433 348 599 385 multum
615 347 744 384 abesse
761 346 808 382 ab
830 345 982 382 insania
1002 352 1039 382 et
1057 345 1207 382 idcirco
1223 345 1340 395 plane
1357 346 1633 397 respuendum,
1665 346 1800 383 Cicero

251 418 409 457 iudicat.
450 430 482 453 c.
518 419 584 453 54.
644 413 808 451 Curatio
847 412 965 450 huius
997 412 1323 463 perturbationis.
1364 426 1397 449 e.
1417 417 1484 451 55.
1549 412 1589 463 β)
1622 414 1686 450 De
1718 416 1798 452 ira.

250 489 308 524 lra
330 484 486 522 insania
516 488 590 529 est,
622 481 669 518 ad
692 480 856 531 pessima
881 493 1057 530 quaeque
1081 479 1230 530 flagitia
1255 480 1450 530 patranda
1471 480 1626 517 idonea.
1682 480 1798 517 Iratis

247 555 368 605 igitur
386 549 642 588 subtrahendi
661 555 754 585 sunt
778 548 827 596 ii,
858 548 898 584 in
922 561 1019 597 quos
1040 547 1227 597 impetum
1252 553 1449 584 conantur
1472 548 1617 596 faeere,
1647 547 1739 584 dum
1762 560 1801 585 se

246 620 321 672 ipsi
347 618 544 668 colligant.
576 631 608 654 c.
637 620 702 654 56.
763 616 823 652 [ra
847 615 970 665 igitur
995 629 1074 652 non
1100 621 1231 665 potest
1258 627 1336 651 esse
1362 614 1471 652 utilis
1498 620 1566 652 aut
1586 615 1799 663 naturalis;

246 690 363 726 immo
392 685 602 736 opinabilis
634 690 690 721 est
719 697 763 720 ac
792 682 1034 720 voluntaria.
1066 696 1098 719 c.
1130 686 1196 721 57.
1225 680 1266 732 §.
1296 685 1362 720 79.

357 768 390 791 c.
451 754 582 801 ltaque
609 758 654 788 ut
676 749 996 801 perturbationes
1027 749 1148 785 animi
1174 762 1223 785 ex
1255 762 1391 786 errore
1421 755 1458 786 et
1488 749 1583 787 salsa
1613 749 1799 800 opinione

246 824 452 869 oriuntur3
482 820 537 856 ita
558 818 792 864 constantia,
823 817 874 853 eis
893 816 1114 864 contraria,
1145 816 1303 853 scientia
1327 816 1486 852 nititur.
1507 838 1563 844 --
1622 817 1701 863 Qui
1722 830 1796 853 au-

243 898 321 928 tem
344 895 487 925 natura
510 886 559 923 ad
581 886 677 923 vitia
702 884 891 934 quaedam
919 884 1116 934 proclives
1141 890 1253 931 sunt,
1285 890 1412 920 tamen
1435 896 1570 920 eorum
1593 884 1711 920 animi
1733 897 1797 920 sa—

244 957 392 995 nabiles
409 961 514 991 sunt.
575 953 803 1003 Exemplum
823 952 1008 988 Socratis.
1068 951 1147 997 Qui
1166 957 1292 987 autem
1313 964 1393 987 non
1411 957 1566 998 natura,
1597 951 1662 988 sed
1683 951 1800 1002 culpa

244 1023 377 1063 vitiosi
405 1028 519 1069 sunt,
563 1034 700 1058 eorum
724 1020 820 1057 vitia
845 1019 998 1056 facilius
1024 1018 1154 1055 sanari
1179 1024 1366 1068 possunt,
1404 1018 1590 1067 quoniam
1619 1024 1801 1055 constant

243 1105 263 1129 e
286 1090 390 1127 salsis
424 1088 679 1139 opinionibus
710 1100 841 1123 rerum
866 1087 1060 1122 bonarum
1089 1092 1126 1122 et
1149 1086 1355 1132 malarum,
1393 1085 1630 1123 inveteratio
1658 1092 1799 1133 autem,

243 1164 288 1196 ut
305 1159 345 1194 in
369 1156 624 1206 corporibus,
655 1154 809 1204 aegrius
829 1153 1063 1202 depellitur,
1095 1165 1209 1201 quam
1229 1153 1480 1202 perturbatio
1495 1181 1504 1199 ,
1536 1166 1634 1202 quae
1658 1159 1712 1189 ‘tst
1732 1166 1798 1190 re-

243 1225 405 1277 pentina
435 1222 555 1259 animi
585 1221 805 1259 commotio.
834 1219 875 1271 §.
904 1223 970 1257 80.
992 1223 1059 1257 81.

355 1292 416 1328 111.
446 1292 662 1327 Coxcwsm
686 1302 824 1325 TOTJUS
842 1300 1151 1324 DISPUTATIONIS.
1201 1288 1356 1323 Summa
1374 1288 1498 1324 totius
1517 1287 1801 1338 disputationis

243 1359 354 1411 quasi
384 1358 511 1408 capita
538 1363 793 1407 repetuntur:
833 1368 962 1392 omues
991 1354 1310 1404 perturbationes
1337 1354 1435 1391 oriri
1467 1368 1514 1391 ex
1548 1355 1737 1404 opinione
1764 1361 1802 1393 et

243 1425 492 1466 voluntarias
512 1438 610 1472 esse3
634 1423 804 1460 omnium
822 1429 950 1459 autem
968 1421 1232 1471 gravissimam
1251 1435 1328 1458 esse
1348 1421 1651 1471 aegritudinem3
1681 1421 1801 1458 huius

243 1501 372 1533 autem
399 1498 435 1530 et
460 1492 707 1541 reliquorum
738 1490 857 1526 animi
882 1490 1111 1526 morborum
1136 1502 1251 1525 unam
1271 1501 1348 1525 esse
1377 1488 1637 1536 sanationem,
1668 1502 1800 1526 omnes

244 1561 461 1613 opinabiles
483 1572 560 1596 esse
587 1565 625 1595 et
644 1557 893 1595 voluntarias
921 1569 1041 1606 eaque
1066 1569 1109 1592 re
1133 1556 1298 1606 suscipi,
1336 1555 1442 1605 quod
1465 1555 1519 1592 ita
1543 1562 1694 1593 rectum
1721 1569 1800 1593 esse

242 1629 441 1667 videatur.
501 1628 616 1664 Hunc
649 1638 842 1672 errorem,
881 1623 990 1674 quasi
1024 1624 1193 1660 radicem
1226 1623 1418 1660 malorum
1446 1624 1640 1671 omnium,
1678 1636 1799 1673 quum

243 1697 426 1747 stirpitus
445 1693 697 1745 philosophia
721 1706 759 1730 se
779 1699 1047 1729 extracturam
1069 1691 1323 1741 polliceatur:
1355 1690 1489 1727 demus
1516 1704 1587 1727 nos
1612 1690 1708 1727 huic
1726 1703 1797 1727 ex-

244 1763 427 1800 colendos
448 1762 724 1812 patiamurque
745 1774 816 1796 nos
839 1758 969 1796 sanari
990 1758 1200 1808 omniaque
1222 1758 1445 1795 adiumenta
1469 1764 1506 1794 et
1529 1757 1678 1794 auxilia
1702 1757 1800 1795 bene

242 1831 430 1879 beateque
460 1828 622 1867 vivendi
653 1828 699 1864 ab
731 1841 772 1863 ea
802 1833 993 1877 petamus.
1024 1839 1056 1862 c.
1087 1828 1152 1863 58.

343 2114 982 2163 TUSCULANARUM
1035 2113 1701 2160 DISPUTATIONUM

747 2216 956 2248 LIBRI
1005 2215 1294 2254 QUINTl,

885 2315 953 2343 QUO
980 2315 1157 2347 DOCETUR,

395 2374 444 2401 AD
464 2373 597 2402 BEATE
617 2371 833 2399 VIVENDUM
852 2370 1073 2397 VIRTUTEM
1092 2369 1140 2397 SE
1159 2369 1246 2396 IPSA
1265 2369 1364 2396 ESSE
1385 2368 1651 2405 CON‘rEN'rAM,

823 2441 1223 2480 CONSPECTUS.

354 2557 381 2592 l.
440 2557 690 2592 PROOEMIUM.
758 2554 865 2592 Nihil
891 2560 947 2591 est
980 2553 1174 2601 omnium,
1215 2566 1312 2603 quae
1345 2552 1385 2589 in
1423 2551 1674 2602 philosophia
1705 2557 1793 2588 tra-
1828 2554 1829 2557 ’

242 2629 422 2670 ctantur,
463 2623 569 2671 quod
608 2623 767 2671 gravius
804 2621 1194 2672 magnificentiusque
1233 2620 1406 2666 dicatur,
1448 2631 1563 2667 quam
1603 2619 1795 2656 sententia

240 2691 326 2727 illa:
358 2691 415 2727 ‹nl
437 2690 546 2726 beate
569 2689 785 2724 vivendum
806 2691 996 2725 'virtutem
1020 2704 1059 2725 se
1082 2691 1176 2738 ipsa,
1200 2702 1282 2724 esse
1306 2693 1542 2723 contentam.
1602 2686 1730 2735 Atque
1752 2685 1794 2722 id

241 2764 425 2806 tanquam
451 2769 641 2793 summum
675 2754 951 2805 philosophiae
982 2755 1234 2806 propositum
1257 2766 1335 2791 esse
1360 2753 1493 2800 debet,
1536 2759 1579 2789 ut
1602 2753 1792 2790 virtutem

241 2824 436 2869 inveniat,
467 2823 507 2859 in
530 2836 605 2871 qua
633 2822 724 2858 satis
750 2822 801 2858 sit
822 2822 1010 2871 praesidii
1030 2822 1080 2859 ad
1104 2823 1212 2859 beate
1238 2819 1462 2858 vivendum.
1494 2834 1525 2857 c.
1557 2824 1592 2857 1.
1621 2818 1660 2870 §2
1691 2823 1726 2857 1.
1750 2823 1791 2858 2.

245 2892 379 2929 Virtus
407 2897 535 2928 autem
555 2889 587 2927 si
613 2903 655 2927 ea
682 2895 756 2935 est,
797 2902 895 2937 quae
920 2890 1071 2936 omnia,
1111 2901 1209 2937 quae
1239 2887 1374 2925 cadere
1400 2887 1442 2923 in
1470 2886 1663 2924 hominem
1692 2899 1790 2937 pos-
