1863 3221
244 120 299 162 30
847 124 1195 156 rRoLEGOMENA.

245 208 580 262 perturbationes,
617 211 665 242 ut
694 211 908 243 crescentes
936 205 1014 242 sint
1044 204 1306 257 perniciosae,
1347 206 1496 244 easdem
1525 206 1688 247 vitiosas
1724 224 1803 251 esse

245 282 454 315 nascentes.
483 272 523 324 §.
543 276 610 311 59.
630 275 696 311 40.
727 286 761 310 c.
783 276 847 311 18.
908 272 1054 310 Deinde
1071 272 1239 323 exponit
1256 285 1334 322 qua
1349 275 1697 323 perturbationum
1713 279 1799 317 uti-

243 345 387 381 litatem
419 340 638 379 defendunt
665 340 873 378 rationem.
933 340 1081 378 Dicunt
1111 340 1298 377 nimirum
1327 353 1389 378 eas
1415 355 1493 379 esse
1517 343 1679 381 ardores
1706 346 1796 384 ani—

240 423 393 447 morum
412 414 596 457 cotesque
610 407 823 452 virtutum,
853 414 901 445 ut
918 407 1094 445 homines
1111 408 1163 444 eis
1180 407 1471 446 vehementiore
1488 409 1649 460 impetu,
1680 426 1797 462 quam

238 478 321 515 sola
340 477 440 514 duce
458 476 620 523 vii-tute,
650 475 700 512 ad
721 475 940 526 praeclaras
958 476 1132 513 actiones
1150 475 1368 513 incitentur
1398 475 1449 528 (c.
1471 480 1535 515 19.
1554 476 1594 528 §.
1609 482 1675 517 45.
1691 479 1795 532 44.);

238 545 457 582 defendunt
479 549 607 580 tamen
632 556 692 580 eas
715 543 789 589 ita,
822 549 867 581 ut
891 543 1120 581 resecandas
1146 556 1224 580 esse
1245 544 1467 592 fateantur,
1497 545 1612 582 evelli
1638 548 1797 597 penitus

238 613 373 650 dicant
397 625 467 648 nec
489 624 602 662 posse
633 623 705 648 nec
725 624 824 661 opus
851 624 948 659 esse,
987 617 1023 648 et
1046 610 1086 647 in
1113 610 1294 647 omnibus
1321 611 1402 648 sere
1436 612 1553 648 rebus
1582 613 1796 652 mediocri-

237 687 354 717 tatem
384 692 464 716 esse
494 678 680 728 optimam
710 678 943 715 existiment.
972 676 1011 728 ᾗ.
1039 681 1106 715 46.

347 747 493 784 Contra
517 746 611 782 haec
634 760 655 782 a
679 745 811 782 Tullio
831 746 888 782 ita
912 745 1140 792 disseritur,
1179 750 1225 782 ut
1247 748 1286 793 α)
1308 745 1478 796 primum
1504 746 1791 797 Peripatetico-

234 828 325 852 rum
347 814 496 852 rationi
523 819 702 863 opponat
727 813 952 849 Stoicorum
977 813 1024 849 de
1050 813 1354 861 perturbatione
1375 813 1660 859 definitionem:
1693 829 1792 865 quae

235 883 290 920 ita
320 888 425 919 certa
449 881 531 928 vel,
567 887 613 917 ut
638 880 858 917 Academici
892 880 1052 927 dicunt,
1088 879 1173 917 veri
1207 880 1342 917 similis
1371 880 1440 928 sit,
1479 887 1526 918 ut
1554 881 1662 918 nulla
1688 889 1796 933 egeat

235 949 568 987 demonstratione
597 941 785 1000 (ἀξίωμα,
828 946 1108 998 postulatum):
1149 960 1169 984 e
1191 947 1304 984 cuius
1334 948 1495 998 singulis
1528 949 1634 986 notis
1667 950 1792 999 sequi,

235 1018 329 1054 falsa
360 1030 440 1054 esse
472 1030 536 1064 ea,
576 1029 674 1065 quae
708 1015 958 1065 Peripatetici
985 1015 1032 1051 de
1063 1015 1408 1065 perturbationum
1445 1015 1618 1052 utilitate
1648 1017 1793 1054 dicant.

234 1098 267 1122 c.
289 1088 355 1122 21.
386 1083 426 1134 §-
452 1088 519 1122 47.
577 1081 618 1132 β)
650 1084 748 1119 Tum
780 1082 951 1132 singulas
981 1082 1301 1131 perturbationes
1331 1089 1503 1120 recenset
1529 1084 1791 1134 ostenditque,

233 1164 350 1202 quam
367 1151 502 1187 inanes
529 1150 608 1187 sint
633 1150 777 1199 quibus
799 1162 860 1185 eas
882 1162 903 1185 a
926 1155 1071 1185 natura
1100 1149 1255 1185 utiliter
1281 1149 1392 1185 datas
1414 1162 1493 1186 esse
1516 1150 1689 1199 probent
1722 1164 1792 1189 ra-

232 1219 374 1256 tiones.
433 1219 469 1266 a)
499 1218 581 1254 lm.
613 1215 653 1267 ς’.
678 1219 745 1254 48.
797 1216 982 1266 Exempla
1002 1215 1259 1263 bellatorum,
1290 1215 1573 1266 imperatorum
1599 1217 1793 1257 aliorum-—

233 1300 308 1336 que
327 1285 550 1332 hominum,
583 1284 650 1334 qui
671 1284 752 1320 sine
769 1284 828 1320 ira
848 1283 1158 1321 luculentissima
1178 1282 1429 1320 fortitudinis
1450 1284 1684 1323 documenta
1707 1287 1794 1324 edi-

233 1354 391 1391 derunt.
452 1352 585 1399 Ratio,
617 1364 716 1401 quae
738 1352 871 1397 docet,
903 1350 1206 1387 contemnendas
1234 1363 1313 1387 esse
1337 1363 1398 1387 res
1423 1350 1634 1399 humanas,
1664 1355 1792 1403 negli-

232 1421 393 1471 gendam
422 1426 603 1467 mortem,
643 1418 826 1469 patibiles
852 1424 890 1454 et
913 1418 1069 1454 dolores
1092 1424 1131 1454 et
1154 1418 1306 1455 labores
1326 1417 1547 1466 putandos,
1577 1418 1791 1455 fortitudi-

233 1501 320 1525 nem
345 1487 479 1534 afl'ert,
518 1501 599 1523 non
625 1486 704 1533 ira,
745 1499 844 1535 quae
860 1485 1016 1521 rabiosa
1038 1491 1113 1520 est:
1151 1484 1225 1521 nisi
1248 1485 1371 1531 sorte,
1408 1496 1506 1532 quae
1530 1483 1791 1534 vehementer,

231 1556 388 1602 acriter,
419 1554 590 1590 animose
608 1553 720 1599 fiunt,
752 1552 941 1589 iracunde
961 1551 1045 1588 fieri
1063 1551 1322 1602 suspicamur.
1354 1564 1386 1587 c.
1407 1554 1474 1588 22.
1494 1555 1561 1589 25.
1618 1553 1792 1590 Enume-

232 1629 376 1659 rantur
396 1622 528 1659 variae
550 1620 773 1657 Stoicorum
800 1620 846 1656 de
866 1619 1107 1656 fortitudine
1132 1618 1401 1666 definitiones,
1434 1632 1452 1655 e
1472 1619 1615 1668 quibus
1637 1619 1787 1657 intelli-

232 1691 360 1741 gitur,
391 1703 470 1725 eam
492 1689 550 1725 ira
574 1702 654 1724 non
678 1700 800 1737 egere.
832 1701 862 1723 c.
885 1691 952 1725 24.
982 1685 1022 1737 ᾗ.
1048 1690 1115 1724 55.
1173 1687 1299 1722 Porro
1322 1686 1542 1723 advocatur
1565 1687 1788 1724 Stoicorum

232 1756 437 1804 sententia,
469 1768 601 1792 omnes
624 1754 851 1804 insipientes
872 1767 951 1790 esse
977 1754 1151 1791 insanos.
1205 1753 1393 1802 Denique,
1425 1753 1575 1790 etiamsi
1598 1755 1790 1792 conceda-

232 1831 322 1873 tur,
360 1823 468 1873 quod
497 1822 656 1859 concedi
681 1836 761 1858 non
788 1827 939 1871 potest,
979 1820 1186 1857 iracundia
1208 1834 1307 1871 opus
1333 1833 1412 1857 esse
1433 1820 1481 1857 ad
1505 1820 1791 1871 fortitudinem,

232 1898 335 1930 certe
357 1891 398 1928 in
420 1891 501 1928 vita
524 1890 682 1940 privata
705 1889 818 1939 plane
835 1888 990 1925 inutilis
1016 1894 1086 1925 est.
1117 1886 1156 1938 ᾗ.
1175 1891 1242 1926 54.
1300 1889 1434 1937 Neque
1457 1894 1650 1925 oratorem
1673 1889 1790 1927 irasci

231 1954 359 1998 dece't:
392 1971 617 2009 quanquam
637 1957 819 1994 simulare
836 1956 934 1994 iram
956 1969 1035 1992 non
1059 1955 1230 1992 dedecet.
1263 1969 1295 1991 e.
1316 1959 1382 1992 25.
1411 1953 1453 2005 §X
1475 1960 1541 1993 55.
1563 1977 1617 1982 —
1648 1954 1688 2004 b)
1711 1959 1788 1993 Li-

230 2024 342 2065 bido:
397 2027 500 2063 Haec
530 2039 550 2061 a
580 2024 848 2074 Peripateticis
876 2028 1239 2074 permutaturcum
1272 2022 1413 2060 studiis
1442 2022 1626 2060 honestis.
1686 2023 1790 2071 (Alia

230 2108 291 2132 res
315 2100 382 2140 est,
415 2105 534 2142 quum
559 2092 766 2141 quaeritur
789 2091 835 2127 de
857 2091 1050 2140 sapiente,
1081 2089 1168 2137 alia,
1202 2102 1322 2138 quum
1345 2091 1553 2139 quaeritur
1581 2090 1628 2127 de
1651 2090 1788 2141 vulgo:

230 2162 314 2210 eui,
354 2159 539 2210 quoniam
575 2159 632 2196 uti
664 2158 820 2196 ratione
851 2171 932 2196 non
968 2163 1113 2208 potest,
1157 2157 1252 2193 utile
1287 2163 1364 2203 est,
1403 2157 1463 2193 uti
1495 2164 1605 2194 motu
1635 2155 1786 2210 animi.)

228 2228 268 2280 ᾗ.
291 2234 357 2267 55.
375 2249 431 2256 --
491 2226 525 2278 c)
553 2227 806 2269 Aemulatio,
840 2226 1093 2268 obtrectatio,
1126 2223 1420 2260 misericordia.
1454 2238 1486 2260 c.
1502 2227 1568 2261 26.
1591 2222 1632 2275 §2
1650 2229 1785 2262 56.»-

230 2296 267 2348 y)
300 2296 478 2345 Denique
497 2294 851 2345 Peripateticorum
871 2293 1085 2340 sententia,
1117 2292 1416 2328 mediocritates
1433 2292 1786 2340 perturbationum

230 2365 421 2401 tenendas
443 2378 546 2407 esse,
579 2361 783 2410 reiicitur,
815 2374 923 2408 nani,
955 2360 997 2397 in
1022 2373 1100 2409 quo
1122 2372 1213 2410 pars
1238 2364 1295 2396 est
1318 2358 1483 2396 alicuius
1509 2358 1783 2409 perturbatio-

231 2432 310 2479 nis,
351 2431 382 2467 is
408 2429 710 2480 perturbatione
737 2442 819 2465 non
852 2434 976 2466 vacat.
1035 2427 1198 2477 Sapiens
1226 2432 1355 2463 autem
1383 2425 1415 2462 is
1438 2432 1518 2474 est,
1559 2425 1627 2475 qui
1649 2425 1787 2464 divina

230 2498 428 2544 imitatur,
460 2498 629 2534 humana
650 2496 780 2533 omnia
800 2495 990 2533 inferiora
1010 2495 1164 2533 virtute
1183 2493 1306 2531 ducit,
1367 2493 1688 2530 Perturbationes
1707 2493 1784 2543 igi-

229 2571 299 2602 tur
320 2571 544 2613 repugnant
564 2565 791 2614 sapientiae.
850 2564 953 2614 Ergo
974 2575 1105 2599 omnes
1127 2561 1457 2612 perturbationeS,
1489 2573 1537 2596 ex
1556 2573 1692 2597 errore
1713 2573 1785 2597 or-

230 2638 310 2678 tae,
345 2645 422 2667 non
447 2631 785 2668 circumcidendae
809 2637 848 2668 et
871 2630 1157 2681 amputandae,
1196 2629 1263 2666 sed
1291 2626 1515 2666 evellendae
1539 2632 1632 2664 sunt
1655 2633 1693 2665 et
1713 2639 1784 2664 ex—

228 2698 445 2736 trahendae
475 2698 644 2748 penituS.
674 2696 714 2747 §-
745 2702 811 2736 57.
