1863 3221
290 134 316 177 4
906 141 1249 174 PRoLEGoMENA.

289 228 435 278 scripta
459 224 635 275 reliquit.
695 223 1056 261 Praestantissimus
1086 230 1213 260 autem
1241 229 1358 273 atque
1383 224 1673 274 pulcherrimus
1694 226 1854 265 Cicero-

291 296 432 332 nianae
455 291 726 344 philosophiae
754 292 864 328 locus
889 291 971 328 sine
992 290 1113 328 dubio
1137 291 1353 328 censendus
1372 298 1429 328 est
1450 293 1502 340 is,
1533 293 1602 341 qui
1624 299 1681 330 est
1703 293 1750 331 de
1770 308 1856 332 mo-

295 364 462 409 ralibus,
505 367 562 407 et,
602 359 708 408 quod
740 359 780 395 in
809 358 1039 408 exponenda
1067 358 1139 395 hac
1165 358 1348 395 doctrina
1375 360 1615 396 sanissimum
1643 374 1722 409 quo
1748 362 1858 399 illius

295 429 492 480 ingenium
518 427 692 477 pollebat
720 426 910 463 iudicium
936 426 1136 476 praeclare
1164 425 1360 472 enitescit,
1399 433 1437 462 et
1459 441 1554 464 vero
1580 427 1718 476 etiam,
1751 429 1858 478 quod

295 496 558 549 philosophus
584 500 739 542 noster,
772 507 1028 543 quaecunque
1054 493 1195 530 eximia
1222 493 1354 530 adhue
1377 507 1397 529 a
1422 494 1579 531 Graecis
1606 494 1856 546 philosophis

294 567 340 601 de
363 563 498 599 morali
518 561 701 598 doctrina
721 566 833 597 erant
860 561 1074 610 disputata,
1107 566 1380 610 perscrutatus
1398 561 1528 610 eisque
1544 561 1735 612 eleganter
1753 576 1857 613 pru·-

293 633 510 679 denterque
532 643 647 675 usus,
678 629 1008 678 praeclarissimas
1030 628 1069 664 in
1091 628 1249 678 scriptis
1271 628 1351 664 suis
1369 628 1584 665 moralibus
1609 630 1857 680 consignavit

294 698 506 737 sententias
535 703 572 733 et
595 696 817 746 complures
841 695 959 732 huius
986 694 1191 732 doctrinae
1217 695 1397 732 notiones
1425 695 1655 745 primarias,
1687 697 1856 734 excussis

294 770 476 816 interque
498 778 536 801 se
562 763 798 813 comparatis
822 762 1033 800 contrariis
1057 763 1299 800 Graecorum
1326 762 1657 813 philosophorum
1678 764 1857 811 decretis,

294 834 460 872 clariore
491 832 577 867 luce
610 830 863 867 illuminavit.

404 900 446 936 In
470 898 685 935 moralibus
702 897 856 934 Tullius
880 897 1103 948 principum
1125 897 1463 945 Academicorum,
1497 898 1687 935 Arcesilae
1704 905 1741 935 et
1758 900 1855 935 Car-

294 967 445 1015 neadis,
486 978 594 1002 more
624 965 898 1015 probabilitati
931 966 1143 1002 maximum
1174 965 1302 1002 locum
1334 965 1535 1002 concessit.
1594 965 1719 1003 Multa
1755 966 1855 1003 enim

297 1034 515 1087 probabilia
542 1046 620 1070 esse
643 1032 854 1079 iudicavit,
887 1045 985 1081 quae
1011 1045 1235 1082 quanquam
1258 1046 1335 1069 non
1358 1033 1684 1082 perciperentur,
1715 1039 1856 1079 tamen,

294 1104 384 1152 quia
406 1103 533 1138 visum
556 1101 747 1137 haberent
766 1100 957 1147 quendam
985 1099 1171 1149 insignem
1195 1106 1232 1136 et
1254 1099 1468 1145 illustrem,
1500 1099 1553 1136 eis
1578 1100 1765 1149 sapientis
1791 1100 1856 1136 vi-

297 1177 371 1206 tam
399 1168 480 1218 regi
510 1180 621 1218 posse
644 1166 902 1202 existimabat.
966 1166 1040 1201 lam
1074 1179 1194 1215 supra
1225 1166 1602 1213 demonstravimus,
1643 1166 1683 1203 in
1716 1166 1855 1203 morali

294 1237 477 1273 doctrina
511 1235 735 1270 Ciceronem
766 1233 970 1269 maximam
1007 1238 1157 1282 partem
1188 1233 1411 1269 Stoicorum
1450 1233 1619 1283 vestigiis
1650 1234 1855 1281 institisse,

296 1304 402 1341 nulla
434 1302 534 1340 enim
568 1301 676 1337 lirina
709 1300 747 1336 in
780 1313 820 1336 ea
855 1306 893 1336 et
927 1299 1137 1336 coniuncta
1169 1307 1335 1336 naturae
1369 1307 1575 1350 praecepta
1608 1301 1711 1337 tradi
1744 1315 1857 1351 posse

295 1371 455 1417 statuit,
490 1369 563 1406 nisi
584 1375 652 1405 ant
677 1368 724 1404 ab
747 1367 818 1414 eis,
856 1366 923 1416 qui
946 1367 1085 1413 solam,
1124 1373 1194 1403 aut
1214 1367 1261 1403 ab
1285 1366 1355 1412 eis,
1389 1366 1456 1415 qui
1481 1367 1645 1404 maxime
1667 1367 1855 1404 honesta-

295 1447 369 1477 tem
395 1443 562 1488 propter
587 1449 625 1472 se
650 1436 827 1472 dicerent
849 1434 1122 1483 expetendam,
1165 1433 1188 1469 i.
1215 1446 1246 1470 e.
1275 1439 1344 1469 aut
1373 1448 1392 1468 a
1418 1434 1559 1470 Stoicis
1591 1440 1659 1471 aut
1685 1435 1732 1471 ab
1755 1435 1853 1472 Aca-

295 1506 452 1545 demicis
474 1511 512 1541 et
525 1502 814 1553 Peripateticis:
846 1515 942 1550 quas
969 1507 1045 1537 tres
1065 1500 1292 1551 disciplinas
1312 1501 1351 1537 in
1371 1500 1447 1537 hoc
1467 1501 1743 1552 philosophiae
1769 1502 1855 1539 loco

297 1588 338 1612 re
369 1571 612 1618 consentire,
643 1569 870 1607 nominibus
900 1568 1123 1618 discrepare
1154 1568 1319 1605 dicebat.

407 1640 530 1676 Stoici
554 1637 849 1688 philosophiam
875 1636 1058 1672 moralem
1085 1636 1377 1672 distribuerunt
1404 1635 1445 1672 in
1474 1636 1695 1673 doctrinam
1719 1636 1767 1673 de
1786 1650 1852 1673 re-

295 1711 368 1746 bus
398 1707 531 1754 bonis,
574 1705 702 1752 malis,
741 1703 1077 1750 indifferentibus,
1118 1703 1165 1739 de
1190 1703 1429 1749 virtutibus,
1471 1703 1517 1739 de
1546 1703 1662 1740 animi
1689 1709 1852 1754 pertur-

293 1775 540 1821 bationibus,
580 1773 627 1809 de
663 1771 817 1808 officiis.
880 1771 1033 1820 Duplex
1064 1776 1192 1806 autem
1225 1776 1309 1806 erat
1347 1769 1636 1820 philosophiam
1669 1771 1852 1807 moralem

295 1842 490 1880 tractandi
514 1840 636 1887 rano,
666 1845 838 1887 utraque
867 1844 995 1874 tamen
1022 1837 1179 1873 candem
1209 1836 1279 1873 sibi
1304 1836 1515 1873 subiectam
1540 1837 1707 1874 habebat
1731 1844 1852 1874 mate—

293 1912 404 1948 riam.
466 1908 595 1945 Altera
626 1906 729 1943 ratio
759 1911 844 1941 erat
868 1899 1081 1954 δογματική
1103 1904 1164 1941 vel
1189 1899 1434 1953 θεωρητική,
1468 1905 1763 1942 fundamentum
1786 1911 1852 1942 to-

298 1979 375 2015 tius
404 1973 680 2028 philosophiae
713 1971 894 2019 moralis,
933 1985 1032 2021 quae
1062 1971 1103 2008 in
1131 1971 1342 2008 scrutanda
1371 1978 1511 2008 natura
1532 1985 1683 2009 morum
1709 1979 1746 2009 et
1769 1973 1852 2008 ori-

294 2047 381 2095 gine
402 2042 701 2093 aperiendisque
720 2040 832 2086 iusti,
863 2040 978 2085 boni,
1011 2038 1125 2087 aequi
1146 2038 1323 2075 fontibus
1342 2040 1590 2076 versabatur.
1648 2040 1736 2076 Huc
1756 2052 1850 2089 per—

293 2114 420 2149 tinent
444 2108 643 2146 Ciceronis
667 2107 758 2143 libri
784 2106 830 2143 de
852 2105 1016 2141 Finibus
1044 2106 1245 2141 Bonorum
1271 2111 1307 2141 et
1333 2106 1537 2142 Malorum.
1600 2107 1729 2144 Altera
1750 2106 1852 2142 ratio

293 2186 376 2217 erat
400 2170 675 2228 παραινετική,
708 2187 829 2223 eaque
852 2173 1056 2223 popularis
1079 2179 1116 2208 et
1135 2172 1181 2208 ad
1201 2185 1440 2209 communem
1470 2173 1761 2223 intelligentiam
1783 2187 1850 2209 ac-

292 2246 554 2292 commodata,
593 2256 706 2292 quam
732 2241 869 2277 Cicero
896 2240 937 2276 in
967 2240 1078 2277 libris
1103 2239 1150 2276 de
1179 2239 1348 2287 Officiis,
1388 2240 1427 2276 in
1452 2240 1681 2277 Tusculanis
1706 2240 1850 2290 Dispu-

292 2314 509 2352 ’rationibus
538 2311 701 2359 aliisque
721 2309 834 2346 libris
859 2314 1014 2344 secutus
1040 2314 1107 2344 est.
1170 2308 1222 2343 Ea
1244 2313 1453 2356 praecepta
1478 2307 1564 2355 dat,
1597 2307 1740 2356 quibus
1763 2320 1849 2342 mo-

294 2397 353 2420 res
375 2380 631 2430 corrigantur
657 2383 695 2414 et
715 2376 971 2422 ordinentur,
1004 2381 1041 2412 et
1062 2375 1102 2411 in
1132 2388 1264 2410 omnes
1286 2381 1418 2423 partes
1440 2388 1530 2410 usus
1556 2374 1659 2411 vitae
1685 2374 1849 2410 consor-

293 2450 390 2487 mari
420 2447 554 2498 possit.

615 2556 691 2596 IV.
752 2555 823 2595 De
859 2553 1113 2595 Tusculanis
1144 2552 1529 2605 Disputalionibus.

404 2649 550 2700 Scripti
579 2653 672 2683 sunt
697 2647 870 2696 quinque
894 2645 987 2683 libri
1010 2645 1321 2681 Tusculanarum
1349 2644 1674 2693 Disputationum
1697 2643 1845 2681 turbu-

299 2721 402 2758 lento
429 2719 498 2755 illo
527 2723 718 2765 tempore,
758 2727 878 2762 quum
909 2727 970 2749 res
998 2712 1153 2762 publica
1182 2712 1281 2749 bello
1311 2711 1418 2747 civili
1446 2712 1581 2748 misere
1611 2711 1845 2758 vexabatur,

295 2795 331 2826 et
356 2787 510 2832 Cicero,
543 2781 771 2819 muneribus
794 2781 978 2827 orbatus,
1007 2786 1044 2816 et
1061 2780 1132 2816 sibi
1153 2786 1191 2816 et
1213 2778 1356 2815 litteris
1381 2779 1550 2815 vivebat.
1612 2780 1640 2815 E
1659 2778 1846 2828 temporis

295 2855 417 2902 notis,
455 2865 553 2902 quae
584 2863 674 2886 sane
703 2848 846 2884 multae
870 2847 909 2883 in
940 2846 1000 2882 his
1028 2847 1120 2896 ipsis
1148 2846 1376 2883 Tusculanis
1403 2853 1578 2890 exstant,
1611 2845 1843 2882 luculentis-

291 2926 382 2960 sime
406 2925 589 2972 apparet,
621 2931 680 2953 eas
704 2921 795 2965 post
817 2914 940 2951 libros
968 2915 1014 2949 de
1045 2914 1209 2950 Finibus
1243 2913 1439 2950 Bonorum
1464 2921 1500 2951 et
1525 2913 1718 2950 Malorum
1739 2925 1842 2949 anno

292 2989 484 3026 DCCVHJ.
503 2988 549 3023 ῘΤ.
574 3001 604 3022 (κ,
634 2985 702 3036 (45
727 2997 760 3019 a.
785 2980 895 3033 Chr.)
920 2981 1140 3028 inchoatas,
1172 2981 1398 3030 easdemque
1421 2982 1513 3018 anni
1539 2981 1697 3018 DCCIX.
1723 2979 1840 3017 initio
1862 2995 1863 3022 ς
