1863 3221
238 114 320 158 294
814 118 980 150 LtBER
1005 118 1059 148 n1.
1086 115 1148 156 22,
1173 117 1226 149 54.

242 204 332 245 7τὶἅὶ
390 234 397 242 .
460 234 467 241 .
531 216 568 248 ‚3

243 277 442 326 oratione,
474 273 577 314 omni
606 272 756 325 reliquo
784 277 889 310 motu
917 276 955 310 et
975 276 1099 319 statu,
1142 275 1182 308 ut
1207 281 1274 308 eos
1301 267 1470 322 Argivos
1490 275 1556 308 aut
1583 266 1793 321 Sicyonios

243 352 417 400 diceres,
450 346 649 400 magisque
675 358 736 384 me
759 350 963 384 moverant
980 341 1159 383 Corinthi
1184 341 1311 381 subito
1334 342 1538 395 adspectae
1560 340 1790 394 parietinae,

598 199 664 239 scd
682 198 759 237 iam
773 196 1078 237 decantaverant
1095 196 1277 235 fortasse.
1339 193 1399 235 Eo
1419 195 1519 235 enim
1539 200 1648 234 erant
1665 192 1790 243 vultu,

243 438 355 478 quam
376 423 482 477 ipsos
505 418 756 468 Corinthios,
797 431 958 472 quorum
983 416 1121 457 animis
1146 415 1325 455 diuturna
1352 414 1535 468 cogitatio
1561 413 1698 453 callum
1726 425 1794 451 ve-

244 496 396 537 tustatis
433 494 667 534 obduxerat.
739 497 807 532 54.
853 489 1041 545 Legimus
1083 489 1221 528 librum
1265 485 1519 537 Clitomachi,
1566 500 1677 540 quein
1712 485 1792 535 ille,

243 583 381 609 eversa
408 565 673 621 Karthagine,
714 564 818 605 misit
842 563 1066 604 consolandi
1102 576 1240 602 caussa
1265 562 1309 601 ad
1345 561 1517 615 captivos
1545 559 1650 599 cives
1677 572 1794 609 suos,

243 644 279 682 in
309 656 355 682 co
383 648 440 681 est
464 639 672 694 disputatio
693 638 834 692 scripta
863 635 1101 686 Carneadis,
1137 650 1247 689 quam
1276 649 1317 674 se
1342 634 1394 674 ait
1416 634 1453 674 in
1479 632 1795 673 commentarium

245 715 439 756 retulisse.
514 711 643 766 Quum
670 711 723 751 ita
755 711 920 766 positum
947 716 1074 759 essct,
1119 709 1241 750 videri
1273 709 1356 748 fore
1385 708 1425 748 in
1460 706 1701 761 aegritudine
1735 712 1799 745 sa*-

243 790 433 844 pientem,
468 787 591 842 patria
617 792 747 840 capta,
782 798 878 838 quae
910 781 1136 823 Carneades
1163 789 1299 822 contra
1324 781 1489 830 dixerit,
1522 780 1665 834 scripta
1691 785 1795 818 sunt.

243 862 374 902 Tanta
400 861 518 914 igitur
545 858 772 900 calamitatis
807 857 1022 911 praesentis
1055 856 1258 895 adhibetur
1277 870 1299 895 a
1329 854 1554 910 philosopho
1590 853 1795 902 medicina,

242 943 385 989 quanta
405 934 443 973 in
475 933 724 974 inveterata3
762 945 809 970 ne
840 929 1083 969 desideratur
1114 928 1290 982 quidem,
1335 942 1405 968 nec
1439 927 1471 967 si
1509 928 1655 980 aliquot
1688 925 1799 965 annis

244 1014 329 1062 post
360 1007 461 1046 idem
504 1005 566 1045 ille
609 1005 707 1044 liber
741 1003 904 1056 captivis
939 1002 1079 1041 missus
1121 1008 1249 1051 esset,
1294 1001 1520 1040 vulneribus
1557 1000 1796 1047 mederetur,

242 1081 308 1119 sed
335 1078 595 1118 cicatricibus.
659 1075 816 1117 Sensim
844 1075 945 1114 enim
968 1082 1006 1113 et
1030 1074 1264 1128 pedetentim
1286 1073 1539 1128 progrediens
1567 1078 1801 1112 extenuatur

243 1153 372 1202 dolor,
409 1166 484 1191 non
519 1152 626 1204 quo4
656 1150 738 1204 ipsa
773 1162 835 1188 res
864 1148 1056 1187 immutari
1086 1148 1209 1187 soleat
1232 1154 1296 1187 ant
1324 1147 1468 1201 possit,
1507 1146 1574 1186 sed
1605 1146 1666 1196 id,
1701 1145 1799 1199 quod

243 1226 342 1266 ratio
368 1225 579 1274 debuerat,
614 1237 707 1263 usus
737 1223 872 1273 docet,
907 1220 1056 1261 minora
1082 1234 1170 1260 esse
1193 1234 1262 1271 ea,
1297 1234 1394 1274 quae
1421 1220 1498 1259 sint
1522 1220 1607 1260 visa
1635 1219 1795 1258 maiora.

330 1326 351 1358 3
377 1325 430 1358 Sic
453 1328 533 1367 Aug.
557 1323 669 1355 Duisb.
693 1323 764 1356 MS.
788 1323 821 1354 iu
845 1334 946 1364 marg.
974 1325 1047 1353 Asc.
1069 1321 1100 1353 2.
1122 1329 1154 1353 et
1176 1333 1300 1365 paucae
1317 1320 1392 1353 edd.
1417 1327 1517 1359 vett-3
1544 1320 1674 1363 plurimi
1700 1319 1796 1351 codd.

245 1372 342 1403 etiam
368 1371 453 1402 R.P.
480 1369 564 1401 Gud.
581 1368 609 1400 1.
633 1370 672 1400 ll.
693 1375 726 1399 et
748 1367 923 1399 nonnullae
947 1367 1022 1397 edd.
1047 1373 1125 1398 vett.
1153 1378 1216 1397 om.
1242 1369 1295 1398 in:
1320 1366 1407 1409 quod
1432 1365 1530 1397 facile
1554 1378 1571 1397 a
1594 1377 1661 1408 seq.
1686 1368 1717 1397 in
1739 1365 1798 1396 ab-

242 1416 365 1448 sorberi
392 1415 518 1457 potnit3
554 1424 738 1456 quanquam
765 1412 848 1451 abl„
885 1412 1039 1454 suppleto
1069 1414 1264 1451 calamitate,
1299 1411 1449 1442 absolute
1472 1410 1576 1453 accipi
1600 1417 1729 1452 potest3
1767 1422 1798 1441 v.

242 1461 293 1501 ad⁴
314 1462 369 1492 lll.
388 1457 443 1497 16,
469 1458 534 1496 343
569 1458 624 1490 alii
647 1457 743 1489 codd.
768 1463 801 1488 et
822 1456 897 1488 edd.
918 1463 998 1488 vett.
1024 1460 1141 1496 quanta
1162 1459 1358 1487 inveteratae.
1404 1455 1426 1488 4
1449 1457 1505 1488 W.
1532 1467 1559 1487 c.
1579 1454 1678 1486 duob.
1702 1455 1799 1486 codd.

244 1505 361 1538 Leidd.
386 1516 449 1535 nno
474 1506 533 1535 Ox.
554 1506 636 1545 Aug.
658 1513 717 1535 non
740 1503 832 1542 quod.
880 1505 922 1533 At
950 1514 978 1533 v.
1004 1501 1087 1532 Adn.
1108 1501 1139 1532 in
1170 1503 1207 1533 ll.
1231 1498 1291 1540 26,
1316 1499 1371 1533 64.

309 1572 565 1612 decantaverant]
593 1571 635 1601 H.
654 1582 681 1602 e.
707 1576 839 1601 cantare
863 1574 919 1600 aut
943 1568 1003 1599 de-

242 1619 372 1663 plorare
396 1618 460 1648 iam
485 1615 659 1647 desierant.

307 1665 416 1701 vultu,
455 1663 591 1693 oratione
628 1660 714 1701 etc.]
758 1659 812 1691 Sic
848 1659 943 1690 Offic.
981 1659 1002 1690 1.

240 1708 300 1746 29,
329 1708 410 1740 102:
446 1716 577 1746 quorum
598 1707 736 1736 omnium
759 1707 881 1744 vultus,
908 1714 1006 1743 voces,

240 1757 340 1784 molus
359 1755 516 1791 statusque
535 1754 714 1782 mutantur:
740 1749 817 1781 hinc
836 1759 901 1780 non
923 1760 1004 1791 opus

244 1804 309 1834 est,
335 1797 366 1828 h.
387 1796 408 1826 l.
437 1807 508 1827 cum
530 1794 681 1826 Manutio
707 1806 767 1836 pro
793 1797 928 1826 oratione
953 1793 1004 1824 le—

241 1854 316 1884 gere
349 1845 470 1872 ornatu.
534 1841 582 1871 De
614 1851 650 1871 re
681 1839 751 1882 ipsa
784 1851 813 1870 v.
842 1841 938 1872 Beier.
963 1838 1003 1870 ad

242 1886 337 1918 offic.
364 1886 385 1917 l.
409 1897 435 1917 c.
460 1897 493 1928 p.
512 1884 588 1917 2⁴23.

307 1933 438 1971 Argivos
471 1934 526 1961 aut
559 1929 734 1972 Sicyonios]
772 1928 886 1971 quibus
924 1928 1004 1959 nihil

243 1975 436 2008 calamitatis
460 1974 642 2006 accidisset.
688 1976 825 2006 Neidius.

305 2019 491 2061 parietinae]
530 2019 648 2057 ⁷‚Diess
683 2018 763 2049 oder
792 2020 889 2050 diruti
912 2021 1005 2057 inuri,

241 2068 347 2097 diruta
370 2066 512 2103 moenia,
542 2067 741 2094 monumenta
774 2063 816 2093 ist
848 2063 906 2094 der
928 2063 1005 2093 a'cht

242 2111 315 2141 Lat.
337 2108 507 2139 Ausdruck
531 2107 585 2138 fiir
610 2119 722 2138 unser:
749 2109 888 2146 Ruinen,
914 2107 1004 2138 nicht

240 2156 366 2193 ruinae,·
401 2154 516 2184 rudera
548 2152 655 2183 haben
681 2152 787 2183 Tacit.
812 2163 841 2182 n.
867 2154 1001 2183 Sueton.

242 2199 335 2230 Diess
368 2198 418 2230 bz.
447 2197 526 2229 aber
558 2197 652 2228 mehr
685 2196 738 2227 die
771 2196 931 2227 durch-ans
964 2208 1002 2227 zu

242 2242 425 2275 Geschiebe
443 2242 643 2273 zerf‘allenen
668 2242 814 2277 Mauern,
839 2241 931 2272 nicht
950 2241 1002 2271 di‹›

241 2288 326 2320 noch
360 2287 457 2319 nackt
485 2286 708 2318 dastehenden
738 2286 910 2317 Korinth's
937 2286 1002 2316 und

243 2345 375 2364 unserer
388 2331 705 2373 Schweizerburgen.
742 2331 833 2362 Diess
851 2330 923 2361 sind
943 2341 1003 2371 pa-

239 2376 407 2410 rietinaef‘
454 2379 597 2409 Orellius.

307 2425 422 2455 callum
440 2424 600 2453 vetustatis
622 2421 807 2464 obduxerat]
835 2421 874 2451 V.
897 2419 938 2452 ad
963 2421 1003 2451 ΙΙ.

244 2467 302 2505 15,
328 2466 382 2498 36.

312 2512 340 2552 §.
363 2509 416 2543 54.
462 2510 730 2553 commentarium]
763 2511 890 2541 Graece
921 2507 1003 2543 ὑπό-

242 2566 378 2597 μνημα,
405 2554 451 2585 uti
475 2557 601 2594 Wolfius
621 2555 773 2597 explicat.
823 2556 863 2586 V.
888 2566 946 2586 nos
970 2554 1001 2585 in

241 2599 426 2640 Prolegom.
459 2599 500 2630 ad
519 2600 758 2642 Xenophontis
781 2600 1000 2633 commentar.

242 2645 314 2676 VH.
341 2656 372 2686 p.
392 2644 435 2676 ¹2&
452 2655 500 2686 sq.

304 2691 439 2728 positum
462 2690 551 2729 esset]
577 2690 616 2718 V.
643 2688 683 2718 ad
712 2690 732 2719 1.
758 2686 798 2727 4,
824 2690 854 2723 7.

306 2732 490 2774 mederetur]
518 2733 750 2773 Imperfectum
773 2734 916 2776 positum
942 2741 1001 2773 est,

241 2778 316 2821 quia
340 2777 475 2809 verbum
500 2779 642 2808 medendi
667 2789 684 2807 a
712 2778 868 2809 Cicerone
893 2780 1002 2810 refer—

243 2830 296 2855 tur
320 2822 361 2854 ad
385 2822 465 2855 illud
489 2828 636 2864 tempus,
666 2833 730 2863 quo
756 2822 910 2864 loquitur.
960 2825 999 2855 V.

242 2867 409 2901 Adnotata
432 2867 465 2898 in
490 2868 513 2898 1.
543 2869 600 2903 12,
626 2865 688 2898 27:
719 2868 864 2898 haereret.

308 2914 468 2954 debuerat]
495 2912 550 2943 Sic
574 2910 692 2942 dicitur
720 2922 758 2941 ex
784 2910 912 2952 linguae
934 2914 999 2944 La-

242 2958 327 2989 tinae
353 2957 490 2990 ratione.
538 2957 576 2988 V.
604 2955 644 2987 ad
670 2957 693 2987 Ι.
718 2953 781 2993 49,
809 2955 886 2988 116:

1109 1568 1185 1599 Car.
1209 1569 1339 1600 XXIII.
1364 1569 1393 1610 ζῆ.
1412 1569 1465 1599 55.

1040 1618 1082 1645 est
1098 1623 1212 1644 —non
1233 1616 1307 1652 quia
1329 1612 1501 1656 repentina]
1523 1612 1556 1643 δί
1571 1619 1710 1654 tempus,
1737 1612 1801 1644 ob-

1039 1657 1128 1690 iiciet
1147 1657 1274 1701 aliquis,
1299 1669 1428 1690 omnem
1449 1657 1685 1700 aegritudinem
1702 1657 1801 1696 levat,

1040 1702 1118 1746 quid
1136 1714 1216 1744 opus
1240 1710 1289 1735 est
1313 1702 1475 1734 consolari
1498 1703 1638 1745 aliquem
1657 1702 1705 1733 his
1722 1714 1801 1733 ver-

1039 1748 1106 1781 bis:
1131 1750 1213 1780 Nihil
1227 1751 1280 1780 tibi
1301 1751 1496 1788 inopinatum
1510 1749 1678 1779 videatur?
1704 1748 1804 1778 Non-

1040 1805 1080 1825 ne
1099 1793 1186 1824 idern
1208 1793 1401 1825 effecturum
1423 1793 1523 1823 fuerit
1545 1792 1700 1834 tempus?
1726 1793 1801 1824 Hoc

1040 1850 1151 1870 verum
1184 1839 1334 1882 quidem,
1371 1838 1429 1869 sed
1461 1849 1517 1869 usu
1546 1849 1655 1869 rerum
1678 1837 1801 1868 edoce-

1038 1895 1130 1922 mur,
1165 1884 1250 1915 hanc
1275 1882 1536 1915 consolationem
1560 1882 1670 1913 valere
1695 1882 1801 1924 pluri-

1040 1941 1136 1960 mum.
1187 1928 1321 1960 Feriunt
1350 1928 1434 1959 enim
1468 1927 1599 1970 quidem
1629 1927 1800 1968 inopinata

1040 1974 1181 2005 fortasse
1214 1973 1362 2015 gravius,
1400 1972 1458 2004 sed
1489 1972 1661 2015 aegritudo
1696 1973 1800 2004 omnis

1041 2019 1166 2050 exsistit
1197 2030 1261 2050 non
1292 2018 1387 2056 inde,
1424 2017 1498 2061 quia
1521 2017 1690 2060 inopinata
1712 2025 1800 2060 sunt,

1039 2063 1097 2094 sed
1118 2064 1192 2106 qnia
1214 2063 1368 2095 recentia.
1397 2062 1494 2093 Utilis
1516 2062 1615 2104 igitur
1636 2062 1696 2093 erit
1718 2074 1801 2094 con-

1039 2108 1169 2144 solatio,
1196 2108 1221 2139 si
1244 2108 1374 2151 quidem
1398 2107 1495 2138 dolor
1514 2114 1562 2138 est
1583 2118 1695 2139 recens.
1731 2110 1802 2139 Nei-

1038 2155 1117 2183 (tius.
1155 2155 1317 2184 Rationem
1340 2153 1421 2183 bene
1443 2152 1613 2182 Nissenius
1634 2152 1800 2195 interpre-

1038 2204 1126 2228 tatur
1150 2205 1311 2227 ratwnum
1338 2204 1625 2227 enumerationem.

1104 2242 1307 2284 tolerabilius]
1338 2243 1443 2279 Quum
1471 2241 1583 2272 Cicero
1610 2240 1799 2272 dicere'so-

1038 2286 1103 2317 leat
1126 2289 1289 2318 toleranter
1313 2286 1460 2317 dolorem
1487 2285 1556 2328 pati
1592 2286 1704 2327 tferrc)
1720 2311 1727 2325 ,
1766 2293 1799 2317 ut

1039 2333 1087 2369 II,
1116 2331 1165 2364 17.
1208 2332 1294 2363 Fam.
1319 2332 1372 2370 IV,
1396 2331 1448 2367 6.,
1475 2330 1651 2362 Lambinus
1677 2338 1800 2363 temere

1039 2388 1055 2407 e
1081 2376 1163 2407 coni.
1192 2375 1284 2407 dedit
1308 2379 1494 2407 tolerantius
1542 2376 1626 2406 Nam
1659 2376 1801 2418 primurn

1040 2421 1138 2452 etiam
1163 2421 1232 2452 aliis
1256 2421 1337 2452 locis
1359 2432 1433 2451 usus
1457 2428 1505 2451 est
1525 2423 1735 2460 tolerabilius,
1765 2427 1799 2452 ut

1039 2466 1109 2496 Fin.
1129 2467 1185 2498 ΙΙΙ.
1205 2467 1254 2503 13,
1273 2465 1335 2498 42:
1360 2465 1385 2496 si
1407 2465 1537 2496 dolores
1557 2465 1691 2496 cosdem
1709 2465 1799 2496 tole-

1038 2510 1170 2543 rabilius
1192 2511 1376 2553 patiuntur:
1404 2510 1457 2540 ubi
1474 2522 1502 2541 v.
1517 2512 1654 2550 Madvig).
1676 2521 1708 2552 p.
1723 2507 1798 2542 419.

1038 2555 1079 2586 ad
1104 2556 1191 2587 Fam.
1211 2557 1287 2594 XV,
1310 2556 1369 2587 20.-
1397 2565 1460 2596 quo
1483 2554 1684 2585 tolerabilius
1706 2554 1798 2585 fera—

1038 2612 1107 2631 mus
1131 2600 1308 2643 igniculum
1331 2598 1483 2629 desiderii
1506 2598 1564 2629 tui.
1613 2599 1651 2629 V.
1679 2601 1799 2630 Forcel-

1036 2647 1104 2676 linit·
1129 2646 1207 2677 Lex.
1231 2644 1264 2678 h.
1287 2656 1337 2680 V.;
1375 2642 1494 2674 deinde
1526 2654 1566 2674 ne
1597 2642 1631 2673 id
1666 2642 1798 2685 quidem

1036 2689 1169 2721 videtur
1192 2689 1269 2721 mihi
1295 2687 1386 2731 parvi
1409 2687 1567 2718 momenti
1592 2699 1680 2726 esse,
1708 2688 1797 2730 qnod

1036 2737 1199 2767 toleranter
1219 2734 1349 2777 quidem
1370 2732 1461 2768 dixit,
1489 2732 1545 2763 sed
1567 2743 1730 2775 nunquam
1753 2737 1797 2764 ἰο-

1036 2782 1202 2818 lerantius,
1235 2778 1293 2809 sed
1317 2779 1514 2809 tolerabilius.
1541 2797 1579 2800 —
1624 2777 1713 2808 Prius
1743 2780 1796 2817 qui

1036 2831 1085 2855 est
1109 2826 1270 2864 quomodo.

1104 2870 1207 2909 affert]
1235 2869 1272 2898 V.
1301 2867 1465 2898 Adnotata
1490 2867 1521 2897 in
1549 2868 1570 2899 l.
1598 2868 1658 2905 2¹2),
1685 2867 1738 2900 70.

1103 2915 1188 2944 haud
1222 2915 1318 2944 sciam
1354 2922 1395 2943 an
1429 2912 1623 2954 plurimum]
1664 2911 1794 2943 Urbane

1037 2970 1114 3000 pro:
1152 2959 1182 2988 id
1212 2967 1306 2996 Uenus
1326 2959 1475 2988 orationis
1499 2956 1567 2988 sine
1592 2956 1691 2988 dubio
1716 2958 1795 2988 valet

1514 1569 1597 1607 Quid
1620 1577 1691 1608 erqo
1724 1578 1801 1607 opus
