1832 3137
1542 116 1621 160 211

61 203 223 259 intelligi
248 203 400 259 quidem
423 203 502 245 ulla
522 203 647 246 virtus
671 207 827 260 potest?
868 203 969 259 Quid
994 207 1118 261 ergo?
1146 219 1193 247 ea
1215 205 1433 261 patieturne
1455 213 1492 247 te
1515 206 1623 261 quic-

59 292 172 333 quam
201 279 331 319 facere
356 278 450 318 nibil
476 278 742 333 proficientem
765 285 805 319 et
829 278 1072 320 laborantem
1088 281 1135 321 ³?
1192 279 1258 320 An
1291 279 1546 335 temperantia
1569 280 1621 321 si—

58 358 126 393 net
147 359 185 392 te
204 351 458 392 immoderate
482 353 612 392 facere
636 352 864 406 quicquam?
894 366 943 392 an
966 353 1040 393 coli
1063 353 1210 394 iustitia
1233 353 1375 408 poterit
1393 353 1441 393 ab
1465 352 1620 393 homine

57 433 218 480 propter
238 424 315 466 vim
347 425 493 466 doloris
524 426 751 466 enuntiante
783 424 1013 476 commissa,
1048 427 1236 480 prodente
1264 427 1468 477 conscios,
1502 426 1622 467 multa

57 499 182 540 officia
204 499 475 553 relinquente?
518 505 589 540 52.
625 497 756 552 Quid?
788 497 1002 538 fortitudini
1030 499 1312 554 comitibusque
1338 500 1439 551 eius,
1472 499 1622 554 magni—

59 572 180 613 tudini
201 572 342 623 animi‚
376 572 582 627 gravitati,
617 571 848 627 patientiae,
883 585 1014 611 rerum
1044 570 1297 612 humanarum
1323 573 1618 628 despicientiae,

640 125 802 159 mnan
828 127 868 159 11.
896 125 957 168 13,
981 125 1037 160 32.

57 661 134 700 quo
166 646 280 686 modo
312 645 594 699 respondebis?
651 645 881 685 Afflictusne
913 651 951 684 et
980 643 1148 685 iacens4
1183 652 1221 685 et
1254 646 1493 686 lamentabili
1522 660 1622 687 voce

58 719 263 774 deplorans
287 718 483 759 audies⁵:
521 717 561 760 O
581 720 718 760 virum
740 717 933 772 sortem?
993 717 1056 758 Te
1079 731 1175 758 vero
1205 717 1259 758 ita
1284 718 1465 758 affectum
1489 732 1537 759 ne
1562 718 1621 759 vi-

55 806 140 833 rum
179 792 332 846 quidem
372 792 574 846 quisquam
611 791 810 832 dixerit⁶.

55 872 123 906 aut
152 865 400 921 sepeliendus
432 866 557 906 dolor.

871 790 1137 832 Amittenda⁷
1168 790 1288 845 igitur
1319 791 1506 831 fortitudo
1541 798 1618 842 est,

165 937 288 980 XlV.
350 938 499 994 Ecquid
533 938 612 980 scis
639 938 782 993 igitur,
816 939 849 979 si
877 939 965 994 quid
1002 938 1048 979 de
1074 936 1290 980 Corinthiis
1321 938 1396 979 tuis
1423 937 1618 990 amiseris,

143 1055 166 1090 3
194 1058 232 1089 L.
254 1057 340 1090 coni.
375 1062 403 1090 et
422 1060 541 1099 frustra
570 1060 781 1091 laborantem:
806 1057 897 1101 quod
918 1057 1038 1100 probat
1063 1059 1139 1090 Wes.
1162 1058 1233 1088 Em.
1258 1057 1282 1088 1.
1306 1068 1337 1099 p.
1355 1056 1406 1088 15.
1455 1058 1499 1088 At
1525 1055 1618 1088 notio

52 1103 205 1136 vocabuli
227 1105 346 1144 frustra
377 1103 458 1135 latet
481 1104 513 1134 in
537 1103 610 1146 ipso
634 1103 736 1135 verbo
756 1105 942 1143 laborandi‚·
976 1103 1033 1135 W.
1057 1103 1141 1134 coni.
1163 1106 1191 1134 et
1213 1104 1404 1133 laborantem
1426 1105 1550 1139 tarmen,-
1586 1107 1621 1132 at

52 1160 84 1180 v.
100 1147 142 1180 ad
163 1148 232 1186 1.3,
257 1145 296 1179 6:
323 1155 359 1179 ut
378 1155 468 1180 recte
490 1148 560 1192 quis
582 1148 704 1179 sentiat
724 1151 752 1180 et
775 1154 838 1181 etc.
885 1147 907 1179 4
933 1147 1015 1179 Cod.
1045 1147 1126 1179 Ball.
1146 1150 1308 1187 aflictusne
1330 1151 1452 1178 tacens.-
1478 1145 1564 1177 unde
1578 1146 1619 1178 D.

55 1193 139 1225 coni.
165 1195 339 1234 afflictusne
359 1196 482 1233 iacens,
519 1205 626 1235 comp.
654 1194 708 1224 lV.
734 1189 785 1231 16,
810 1192 873 1226 35:

54 1238 206 1270 defendit
230 1240 390 1278 Wopkens.
414 1250 446 1281 p.
461 1237 515 1271 ὃὸ.
553 1237 662 1269 Hand.

911 1203 976 1235 quo
1000 1192 1076 1224 loco
1108 1192 1188 1223 nihil
1222 1191 1393 1234 probatur.
1443 1191 1620 1233 Vulgatam

720 1237 741 1268 ὃ
765 1237 892 1268 Multae
912 1237 987 1268 edd.
1011 1243 1091 1268 vett.
1119 1238 1230 1275 audis:
1257 1236 1312 1267 Gr.
1336 1235 1385 1266 El.
1408 1238 1489 1278 Aug.
1515 1247 1617 1278 marg.

56 1283 196 1315 Lambb.
221 1290 255 1314 et
277 1283 378 1314 Goth.
400 1285 555 1314 audieris:
593 1293 658 1325 quo
688 1282 786 1313 etiam
814 1282 976 1324 scriptura
1001 1283 1133 1313 audiens
1163 1281 1194 1312 in
1222 1281 1257 1312 R.
1286 1280 1371 1311 Gud.
1397 1281 1424 1312 l.
1452 1282 1493 1311 ll.
1517 1280 1619 1312 ducit.

52 1328 139 1359 Hinc
165 1330 213 1359 ΚΖ,
232 1328 265 1359 in
279 1327 364 1359 Add.
389 1339 421 1369 p.
436 1326 489 1359 85.
516 1339 588 1359 eum
611 1328 651 1360 D.
674 1326 850 1369 legendum
872 1333 967 1369 putat
987 1328 1137 1365 audieris,
1163 1325 1213 1357 cui
1233 1325 1265 1356 in
1286 1336 1376 1368 seqq.
1399 1327 1513 1357 dixerit
1534 1325 1620 1357 bene

52 1372 263 1415 respondeat.
310 1369 332 1403 6
356 1371 410 1403 Sic
430 1372 468 1403 R.
493 1371 578 1403 Gud.
596 1371 624 1403 1.
648 1371 730 1402 [1.1.
757 1371 898 1414 aliique3
924 1373 979 1402 Or.
1003 1382 1030 1402 c.
1050 1370 1137 1412 vulg.
1162 1372 1276 1401 dixerit
1296 1373 1472 1410 quisquam.

1520 1368 1542 1402 7
1566 1370 1621 1402 Sic

54 1419 109 1449 Or.
133 1429 160 1449 c.
182 1418 217 1449 R.
241 1416 326 1448 Gud.
352 1418 376 1448 l.
403 1418 441 1448 ΙΙ.
464 1419 546 1459 Aug.
571 1418 664 1449 Mon.
689 1415 717 1448 1.
743 1415 774 1447 2.
800 1415 896 1447 Vind.
922 1415 950 1447 1.
974 1415 1006 1447 2.
1044 1415 1151 1447 Marb.
1184 1421 1217 1446 et
1243 1415 1392 1446 omnibus
1417 1414 1492 1446 edd.
1514 1421 1620 1453 vett.;

55 1462 197 1506 optime3
222 1474 252 1494 v.
276 1461 380 1499 Adn.;
416 1466 470 1493 aut
490 1463 641 1494 mittenda
664 1461 713 1492 El.
736 1460 768 1493 2.
793 1461 879 1493 Gud.
903 1459 934 1492 2.
960 1460 1092 1498 Duisb.;
1126 1464 1180 1491 aut
1205 1461 1376 1492 amittenda
1397 1458 1450 1498 b.;
1476 1463 1531 1491 aut
1551 1469 1621 1492 om-

53 1509 203 1540 mittenda
225 1506 350 1546 Rehd.;
377 1506 462 1538 male
480 1509 600 1539 Bahius
621 1506 664 1539 ad
686 1507 790 1549 Legg.
812 1508 836 1538 I.
857 1504 897 1547 2,
923 1506 954 1538 5.
979 1505 1062 1538 coni.
1086 1508 1182 1538 omitt.

52 1585 85 1618 h.
110 1598 141 1618 v.
190 1588 410 1619 Forcellim'us:
444 1585 633 1629 persuasio,
661 1597 724 1630 qua
748 1585 818 1629 quis

51 1631 196 1663 animum
220 1631 365 1671 inducit,
389 1631 513 1674 aliquid
538 1632 658 1663 facere.

118 1676 375 1720 Prudentiamne]
402 1676 599 1718 Prudentia,
625 1683 819 1719 temperan-

50 1721 109 1760 tia,
133 1721 267 1761 iustitia,
294 1721 458 1753 fortitudo
474 1729 550 1753 sunt
568 1729 725 1765 quattuor
739 1733 818 1765 quas

50 1773 171 1799 vocant
195 1766 333 1798 virtutes
358 1766 550 1798 cardinales.

116 1811 305 1855 patieturne]
332 1812 505 1844 Sententia
527 1818 593 1843 est:
619 1812 691 1844 Nisi
713 1811 817 1844 omnis

53 1857 275 1889 contemnitur
300 1856 417 1895 dolor,
454 1856 629 1900 prudentia
654 1868 724 1889 esse
750 1868 816 1888 non

51 1909 175 1946 potest.
224 1902 310 1933 Nam
331 1901 509 1944 prudentia
528 1913 595 1933 non
617 1902 763 1945 patietur
783 1908 818 1932 te

52 1959 123 1980 rem
156 1946 298 1989 aliquam
323 1947 453 1987 facere,
490 1947 523 1978 in
550 1958 632 1990 qua,
671 1946 817 1989 quamvis

50 2003 166 2024 omnes
189 1999 262 2023 tuas
286 1991 439 2022 intendas
464 1991 569 2030 vires,
598 1998 711 2023 tamen
736 1991 817 2023 nihil

50 2037 214 2080 proficias.
270 2037 358 2078 Ergo
392 2048 454 2068 nec
486 2035 603 2068 dolore
634 2043 668 2067 te
702 2036 817 2068 confici

51 2082 197 2124 patietur
214 2080 407 2123 prudentia;
433 2093 509 2113 nam
523 2081 732 2124 suscipiendo
751 2081 815 2113 do-

51 2126 123 2158 lore
146 2126 228 2158 nihil
253 2125 426 2169 proficies,
462 2126 494 2158 h.
520 2137 549 2157 e.
574 2126 724 2158 dolorem
748 2137 815 2158 non

50 2171 233 2203 imminues.
271 2171 395 2202 Lucem
417 2170 590 2203 affundent
609 2171 685 2203 huic
705 2171 815 2214 impe-

50 2215 163 2248 dition'
198 2216 274 2248 loco
312 2216 470 2248 nonnulla
504 2216 622 2248 horum
657 2217 817 2248 librorum

52 2261 201 2303 exempla
215 2286 223 2300 ‚
269 2260 303 2292 in
340 2261 455 2304 quibus
493 2261 609 2293 eadem
651 2261 816 2294 sententia

51 2307 242 2349 consignata
275 2312 347 2345 est,
396 2307 444 2338 uti
484 2305 572 2338 infra
608 2319 635 2338 c.
659 2305 722 2346 24,
748 2305 814 2339 57:

51 2352 160 2390 Quum
180 2362 261 2382 vero
285 2350 425 2392 gemitus
449 2350 531 2382 nihil
555 2351 727 2383 imminuat
751 2351 815 2383 do-

50 2395 149 2435 loris,
185 2407 240 2427 cur
263 2395 386 2426 frustra
408 2402 520 2437 turpes
543 2407 613 2427 esse
637 2395 814 2428 volumus?

35 2441 108 2476 jn.
128 2440 183 2473 28.
206 2451 274 2482 pr.:
301 2439 389 2478 Quid
411 2447 461 2471 est
484 2446 611 2479 autem,
636 2441 725 2483 quod
745 2441 816 2483 plus

50 2485 160 2517 valeat
172 2485 213 2517 ad
228 2484 416 2528 ponendum
429 2484 591 2522 dolorem,
610 2496 706 2528 quam
719 2497 817 2528 quum

52 2537 102 2562 est
123 2530 347 2567 intellectum,
373 2529 454 2561 nihil
481 2529 615 2572 profici,
642 2537 676 2561 et
697 2530 817 2562 frustra

51 2585 123 2607 esse
145 2573 361 2618 susceptum?
399 2574 481 2606 lbid.
505 2587 531 2607 c.
550 2574 604 2614 32,
630 2574 690 2608 77:
717 2576 817 2606 Sum—

52 2631 139 2652 mam
161 2632 232 2652 esse
254 2619 429 2652 stultitiam
455 2619 577 2651 frustra
608 2619 724 2651 confici
751 2619 816 2651 do—

52 2663 145 2703 lore,
180 2677 252 2697 cum
275 2664 440 2707 intelligas
463 2664 545 2696 nihil
568 2676 666 2707 posse
688 2664 815 2707 profici.

120 2713 167 2742 An
189 2712 406 2752 temperantia]
432 2710 475 2741 H.
489 2721 517 2742 e.
539 2721 600 2741 nec
620 2716 816 2753 temperan-

52 2751 101 2785 tia
132 2754 216 2786 sinet
246 2762 279 2787 te
301 2754 520 2787 immoderate
549 2754 665 2787 dolore
699 2753 816 2786 confici

54 2803 88 2829 et
111 2797 260 2841 deprimi.

121 2843 215 2886 §.32
240 2845 357 2889 iacens]
382 2848 486 2878 Iacere
508 2845 676 2888 eleganter
698 2844 818 2876 dicun-

53 2894 128 2929 tur,
152 2887 206 2931 qui
227 2888 363 2930 dolore,
389 2902 559 2931 maerore,
585 2889 818 2932 desperatione

52 2931 150 2964 fracti
171 2939 248 2965 sunt
265 2946 305 2967 ac
326 2935 502 2968 debilitati.
538 2936 589 2967 Cf.
612 2936 667 2967 1V.
692 2933 745 2976 16,
761 2934 817 2968 35.

51 2976 95 3010 ad
116 2977 218 3011 Attic.
241 2978 297 3021 X,
320 2977 359 3013 4:
396 2983 474 3014 iacet
498 2980 531 3013 in
555 2991 706 3013 maerore
727 2991 818 3012 meus

854 1585 968 1617 frater.
1015 1586 1056 1618 V.
1093 1587 1215 1618 Schi'zlz.
1246 1585 1328 1617 Lex.
1359 1584 1426 1616 Cic.
1461 1583 1494 1616 h.
1520 1596 1551 1618 v.
1587 1590 1621 1617 et

856 1633 1017 1672 Wopkens.
1040 1631 1150 1663 Lectt.
1175 1629 1262 1662 Tull.
1287 1641 1318 1672 p.
1338 1630 1392 1663 ὃὸ.
1419 1629 1530 1661 Hand.

922 1678 1051 1708 audies:
1077 1678 1102 1709 Ο
1126 1678 1229 1708 virum
1250 1677 1359 1715 fortem
1372 1674 1402 1718 ?]
1442 1676 1550 1714 Quum
1573 1674 1621 1706 ita

854 1721 992 1753 affectus
1015 1722 1096 1759 eris,
1122 1720 1337 1763 quisquamne
1360 1726 1394 1751 te
1418 1720 1522 1752 virum
1546 1719 1620 1751 for-

853 1773 921 1798 tem
946 1778 1017 1798 esse
1040 1766 1155 1798 dicet?

921 1813 1097 1844 Amitlenda
1120 1829 1159 1835 —
1178 1811 1341 1851 fortitudo]
1368 1812 1512 1841 Amittere
1535 1810 1620 1851 (aus-

852 1859 966 1897 9eben,
989 1857 1159 1888 verzichten
1179 1856 1254 1895 auf)
1283 1854 1473 1897 exquisitius
1495 1853 1620 1885 dietum

854 1908 903 1932 est
925 1901 967 1932 ob
989 1912 1080 1942 seqq.
1103 1900 1135 1931 in
1158 1911 1186 1931 c.
1203 1900 1252 1931 14.
1272 1900 1376 1942 princ.
1409 1901 1509 1931 Moser
1525 1910 1622 1930 com-

852 1952 949 1989 parat.
968 1945 1010 1977 ad
1037 1946 1182 1976 Herenn.
1205 1945 1258 1976 IV.
1280 1942 1335 1976 44.
1366 1943 1408 1975 de
1434 1943 1536 1975 Decio
1557 1954 1620 1987 pro

852 1991 959 2034 patria
991 2002 1027 2021 se
1057 1990 1262 2021 devovente:
1300 1992 1404 2020 amisit
1428 1988 1550 2028 witam,
1586 1994 1621 2020 at

852 2047 917 2067 non
950 2034 1108 2078 perdidit.
1158 2034 1224 2065 Cic.
1248 2034 1291 2065 N.
1318 2034 1356 2065 D.
1380 2034 1420 2065 ΙΙ.
1444 2032 1509 2072 49,
1538 2031 1620 2065 124:

852 2087 984 2124 captum
1005 2082 1186 2111 amitterent.
1218 2080 1394 2110 Doederlin.
1413 2079 1540 2121 Synon.
1561 2078 1620 2110 111.

850 2137 871 2169 p
919 2171 1111 2210 sepeliendus
1142 2169 1243 2212 dolor]
1278 2167 1510 2210 Metaphorice
1535 2178 1618 2210 pro:

853 2214 1120 2258 comprimendus
1153 2221 1186 2245 et
1221 2213 1493 2245 contemnendus.
1542 2214 1621 2244 Ker-

850 2264 942 2293 nius:
967 2261 1046 2292 Man
1067 2271 1154 2290 muss
1182 2259 1245 2290 deu
1270 2258 1423 2289 Schmerz
1449 2269 1487 2288 zu
1509 2256 1620 2288 Grabe

851 2313 979 2348 tragen.
1028 2304 1227 2346 Metaphora
1251 2303 1407 2334 audacior
1436 2308 1504 2339 θεῖς
1541 2312 1618 2332 nam

852 2350 923 2383 aliis
944 2350 1025 2382 locis
1047 2349 1183 2380 verbum
1205 2349 1371 2387 sepeliendi
1392 2346 1619 2388 metaphorice

853 2396 977 2427 dictum
1009 2394 1172 2436 significat
1204 2394 1242 2423 de
1264 2394 1364 2423 medio
1395 2393 1518 2430 tollere,
1555 2401 1620 2422 au—

851 2443 942 2481 ferre,
968 2443 1169 2478 exstinyuere.
1205 2436 1259 2468 sic
1280 2436 1320 2467 de
1334 2437 1414 2478 Leg.
1428 2435 1542 2467 Manil.
1559 2435 1617 2468 ll:

852 2485 974 2517 bellum
1000 2487 1059 2526 (sc.
1085 2481 1206 2522 servile>
1242 2481 1492 2523 exspectatione
1515 2481 1620 2512 Pom-

852 2530 917 2573 peii
952 2534 1158 2560 attenuatum
1191 2533 1291 2569 atque
1321 2526 1529 2558 imminutum
1558 2532 1619 2563 est,

852 2574 997 2606 adventu
1020 2572 1183 2604 sublatum
1208 2583 1247 2603 ac
1267 2574 1421 2612 sepultum
1447 2571 1492 2614 (h.
1506 2582 1534 2603 e.
1559 2582 1620 2602 ex-

852 2618 1035 2659 stinctum).
1083 2618 1214 2649 Lucret.
1239 2617 1289 2655 11,
1314 2616 1390 2650 570.

852 2664 924 2696 Nec
948 2673 1106 2706 superare
1129 2668 1254 2705 queunt
1276 2668 1386 2693 motus
1411 2661 1523 2704 utique
1548 2659 1620 2692 exi-

1477 2705 1573 2737 tiales

851 2755 1037 2797 Perpetuo,
1075 2763 1182 2795 neque
1216 2751 1251 2783 in
1286 2758 1457 2784 aeternum
1493 2752 1619 2790 sepelire

964 2801 1096 2831 salutem
1122 2797 1167 2840 th.
1181 2809 1209 2830 e.
1234 2797 1275 2828 de
1296 2797 1406 2829 medio
1427 2795 1573 2834 tollere).

852 2846 1024 2884 Bentleius,
1058 2843 1274 2885 metaphorae
1308 2841 1428 2874 duritie
1460 2840 1615 2877 offensus,

852 2888 1029 2932 legendum
1062 2888 1270 2932 suspicatur:
1315 2891 1370 2918 aut
1405 2885 1619 2924 despiciendus

854 2936 951 2968 dolor.

925 2979 1004 3011 Gn.
1021 2979 1115 3013 xlv.
1149 2979 1269 3018 Ecquid
1292 2979 1351 3009 scis
1374 2974 1483 3017 igitur]
1511 2972 1619 3006 Pluri-

1198 3023 1292 3063 14*
