1832 3137
618 82 781 116 LIBER
809 82 830 113 Ι.
855 77 919 118 22,
946 78 1000 110 50.

25 191 113 221 men
137 174 229 216 mihi
254 183 351 213 sane
375 168 578 223 quicquam
605 160 798 209 occurrit,

26 253 86 294 nis
111 261 204 292 vera
233 241 442 287 sententia.

1528 58 1584 99 99

843 172 912 198 cur
935 170 1010 196 non
1038 153 1288 209 Pythagorae
1320 150 1371 190 sit
1394 155 1432 189 et
1451 146 1582 188 Plato-

504 236 553 280 Ut
583 236 684 277 enim
711 232 902 273 rationem
930 228 1044 270 Plato
1070 227 1211 268 nullam
1237 225 1423 272 afferret,
1457 220 1579 273 (vide,

27 324 116 380 quid
141 319 285 363 homini
306 315 472 357 tribuam
485 313 515 366 ς)
545 311 628 365 ipsa
650 304 883 349 auctoritate
903 316 964 343 me
986 303 1210 355 frangeret,
1243 304 1300 338 tot
1317 303 1445 337 autem
1466 293 1585 334 ratio-

28 411 98 440 nes
128 393 280 442 attulit,
313 397 357 431 ut
385 387 487 429 velle
518 382 688 430 ceteris,
721 377 795 419 sibi

826 383 933 416 certe
965 373 1208 429 persuasisse
1238 370 1431 412 videatur.

142 463 285 509 XXII.
349 468 418 503 50.
453 457 533 501 Sed
568 452 720 511 plurimi
753 456 891 490 contra
921 448 1095 487 nituntur
1126 445 1351 498 animosque
1381 441 1491 496 quasi
1526 452 1589 479 ca-

30 544 109 601 pite
133 542 333 582 damnatos
356 541 481 576 morte
507 529 694 577 multant3
736 536 862 577 neque
887 520 988 562 atiud
1013 525 1074 560 est
1096 517 1322 572 quicquam,
1369 528 1438 555 eur
1463 514 1590 553 inere-

34 615 160 658 dibilis
183 610 263 654 iis¹
295 610 511 652 animorum
534 602 713 643 videatur
731 595 964 644 aeternitas,
999 591 1072 633 nisi
1097 590 1195 644 quod
1220 594 1433 642 nequeunt,
1467 585 1590 639 qualis

125 727 239 760 XXH.
292 723 302 754 Ι
334 721 388 753 Sic
410 718 486 751 edd.
513 718 545 747 S.
574 717 632 752 E.·‚
658 715 711 743 Or.
738 723 765 741 c.
793 708 880 750 vulg.
905 709 961 738 his.
1010 705 1048 735 V.
1075 703 1116 735 ad
1144 715 1170 733 c.
1197 701 1236 739 3,
1263 700 1294 733 ὃ.

36 797 68 829 h.
89 796 109 829 1.
135 794 282 835 quoniam
307 800 366 832 per
388 783 619 828 compendium
640 779 798 822 scriptum

37 841 138 873 fuisse
161 836 273 870 testari
295 834 366 866 cod.
391 833 482 863 Mon.
500 830 542 867 2.,
569 826 622 870 qui
647 824 799 866 quomodo

36 885 190 921 exhibet,
215 893 233 913 e
255 879 416 922 scriptura
440 882 549 907 autem
571 874 625 912 qui
646 879 801 901 necessa-

37 932 88 964 rio
111 934 256 961 secutam
281 935 351 955 esse
375 921 569 963 scripturam
593 918 716 957 fuerint.

115 977 143 1018 ᾗ.
167 971 220 1005 49.
268 970 471 1002 Praeclarum
505 967 609 995 autem
631 978 675 984 —
697 959 804 997 adepti

39 1020 124 1061 sunt]
162 1014 325 1050 Particula
357 1016 461 1044 autem
493 1003 708 1041 continuandi
738 1003 804 1034 vim

40 1066 158 1101 habet,
196 1068 230 1092 et
261 1058 393 1103 quidem
423 1056 490 1093 ita,
528 1059 563 1084 ut
586 1052 803 1091 interruptam

42 1109 227 1142 orationem
249 1109 389 1146 repetat.
439 1100 488 1130 Cf.
514 1098 556 1129 ad
581 1098 639 1133 m,
662 1093 714 1125 42.
751 1091 804 1127 33.

43 1156 98 1189 ὅθ.
133 1159 166 1183 et
195 1153 290 1183 Beier.
321 1147 364 1179 ad
388 1145 484 1177 Offic.
509 1144 532 1174 Ι.
555 1139 596 1176 4,
625 1140 672 1172 11.
698 1148 730 1179 p.
751 1135 804 1168 ¹35.

45 1201 203 1233 Bremium
244 1194 283 1225 ad
323 1192 420 1223 Corn.
457 1189 541 1230 Nep.
576 1184 674 1216 Attic.
711 1183 749 1219 V,
775 1178 807 1211 4.

47 1257 79 1288 p.
93 1242 170 1276 366.
209 1237 452 1271 Sententiarum
467 1232 552 1264 enim
571 1229 653 1261 ordo
667 1226 722 1258 hic
741 1231 807 1256 est:

48 1291 140 1327 Quae
166 1284 297 1328 quidem
319 1280 466 1323 cogitans
488 1276 581 1307 soleo
602 1271 711 1305 mirari
735 1282 766 1301 n.
789 1269 810 1300 i.

48 1334 118 1377 plu,
136 1330 459 1374 qui—venerantur
477 1328 512 1353 ut
532 1320 629 1351 deum
654 1324 686 1348 et
709 1325 809 1358 prae—

49 1378 172 1410 clarum
196 1372 307 1405 nescio
331 1369 409 1413 quid
431 1366 543 1409 adepti
567 1370 653 1394 sunt.
700 1358 811 1392 Verba

49 1424 207 1455 Liberatos
232 1437 269 1441 -
293 1415 441 1448 credituri
460 1414 586 1453 fuerunt
618 1406 812 1449 παρενῖτετι-

51 1467 122 1504 κῶς
145 1462 319 1496 interiecta
342 1465 429 1491 sunt.

118 1511 201 1551 quod
221 1505 409 1545 didicerunt]
431 1501 485 1533 Sic
504 1502 558 1531 Or.
578 1510 603 1530 c.
625 1497 663 1528 R.
682 1494 768 1527 Gud.
785 1492 813 1525 1.

53 1558 95 1590 ΙΙ,
119 1555 255 1596 aliisque
281 1549 379 1582 codd.
402 1554 435 1579 et
460 1543 609 1577 nonnull.
634 1540 711 1573 edd.
733 1544 814 1570 vett.

53 1612 115 1645 pro
136 1599 223 1641 vulg.
245 1599 297 1637 qui
318 1596 384 1627 did.
431 1594 538 1631 Quum
562 1589 602 1626 ii,
635 1586 677 1618 de
701 1584 816 1628 quibus

54 1648 87 1679 h.
108 1646 129 1677 l.
154 1644 268 1675 Cicero
289 1638 444 1683 loquitur,
469 1632 691 1678 superioribus
710 1627 818 1661 verbis

55 1691 134 1724 satis
155 1686 262 1720 notati
280 1685 363 1720 sint3
390 1693 454 1714 non
476 1692 558 1722 opus
581 1684 631 1709 est
651 1687 738 1708 nova
758 1685 818 1705 ex-

56 1734 224 1780 positione
237 1743 297 1774 per
313 1731 366 1770 qui
383 1728 557 1760 didicerunt
571 1730 647 1760 etc„
670 1720 715 1752 uti
730 1725 820 1751 recte

58 1779 142 1812 vidit
168 1779 325 1815 Klotzius,
359 1773 416 1805 sed
450 1777 527 1814 apte
560 1775 594 1800 et
619 1778 689 1799 cum
715 1763 821 1796 ironia

60 1825 200 1869 quadam
234 1821 372 1853 affertur
405 1827 539 1855 caussa,
580 1825 636 1844 cur
669 1807 822 1853 Epicurei

60 1869 265 1914 praeclarum
286 1863 440 1908 quiddam
462 1858 576 1902 adepti
596 1856 661 1888 dici
684 1854 823 1897 possint.

62 1915 230 1957 Scriptura
250 1913 303 1951 qui
327 1915 400 1940 orta
423 1912 473 1938 est
495 1916 512 1935 e
535 1899 734 1944 compendio
760 1908 823 1929 vo-

64 1960 157 1992 culae
188 1958 280 1997 quod.
326 1954 366 1984 V.
400 1954 500 1983 Klotz.
534 1947 575 1979 ad
603 1945 690 1977 Lael.
718 1944 766 1981 ΙΙ,
791 1940 823 1973 9.

125 2004 196 2036 102.

63 2016 86 2048 p
134 2047 216 2087 quod
234 2047 265 2075 u!
286 2046 331 2073 ila
349 2042 401 2081 sit]
429 2039 462 2070 Si
486 2035 713 2071 concedamus,
739 2029 829 2074 quod

67 2089 219 2136 Epicurei
245 2084 434 2131 philosophi
459 2083 590 2118 dicunt,
617 2091 695 2117 nos,
732 2086 828 2119 quum

67 2145 198 2180 tempus
218 2132 334 2165 mortis
356 2127 504 2166 venerit,
533 2132 624 2157 totos
647 2134 717 2154 esse
741 2119 832 2164 peri-

71 2189 183 2214 turos:
217 2177 297 2209 nihil
321 2182 392 2213 est,
418 2173 450 2205 in
476 2183 541 2215 quo
565 2170 619 2201 isti
640 2167 831 2212 glorientur.

73 2228 144 2258 Nec
163 2231 271 2256 tamen
295 2220 377 2252 illud
396 2215 642 2251 concedendum
665 2219 724 2244 est.
768 2209 834 2241 Ni-

74 2270 120 2302 hil
145 2276 195 2301 est
219 2266 326 2303 enim,
365 2262 454 2307 quod
489 2271 547 2292 nos
580 2264 698 2301 cogat,
735 2261 771 2287 ut
801 2254 835 2284 in

75 2315 161 2346 hanc
181 2310 388 2343 discedentes
410 2307 599 2349 opinionem
613 2328 620 2341 ,
645 2301 741 2333 nullis
768 2299 836 2330 ful-

78 2365 145 2390 tam
169 2355 372 2391 rationibus,
400 2351 608 2393 Pythagorae
634 2354 667 2378 et
694 2343 836 2377 Platonis

79 2399 276 2434 sententiam
311 2399 368 2439 (sc.
394 2397 515 2426 animos
537 2393 724 2424 immortales
751 2387 839 2428 esse),

82 2457 165 2489 quae
186 2440 375 2475 firmissimis
402 2438 515 2470 nititur
549 2435 747 2471 rationibus,
783 2444 839 2463 rc-

82 2501 238 2523 notamus.

151 2533 297 2572 occurrii]
328 2530 370 2560 H.
397 2539 424 2559 c.
448 2525 557 2558 animo
581 2532 654 2554 meo
678 2521 842 2553 obiicitur.

85 2582 183 2613 Moser
208 2580 377 2618 comparat
400 2572 442 2604 de
466 2574 520 2601 Or.
546 2570 584 2601 ll.
609 2567 663 2604 30,
690 2565 762 2598 132.
788 2561 843 2601 34,

89 2622 167 2657 147:
208 2631 323 2658 omne,
359 2616 448 2661 quod
473 2614 535 2645 erit
558 2612 589 2643 in
622 2622 673 2645 re.
712 2611 847 2640 occurret

88 2674 184 2710 atque
203 2665 327 2697 incidet.
354 2661 422 2704 (uhi
445 2672 476 2692 v.
497 2659 608 2690 incidet
631 2653 722 2697 quasi
741 2651 847 2694 expli-

91 2719 144 2744 cat
169 2711 255 2754 prius
279 2706 441 2747 occurret).
480 2703 521 2735 (le
544 2705 598 2732 Or.
625 2701 651 2730 ll
687 2695 749 2732 ¹24,
777 2694 848 2728 103.

95 2756 191 2788 Acad.
218 2757 256 2785 ll.
279 2757 311 2791 ὅ,
327 2753 381 2784 25.
408 2749 476 2792 <ubi
500 2746 625 2790 plenius
643 2742 762 2774 dicitur
783 2741 851 2771 ani·

94 2810 144 2831 mo
166 2797 345 2837 occurrere).
383 2796 463 2826 Cum
486 2793 592 2831 Wolfio
613 2797 782 2821 monemus
806 2783 851 2814 ti-

96 2855 210 2882 rones,
235 2849 271 2874 ut
290 2841 351 2873 sibi
377 2844 515 2872 caveant
537 2836 577 2867 ab
599 2835 661 2865 ista
684 2829 853 2862 recentio—

96 2887 184 2920 ribus
203 2898 299 2929 saepe
323 2890 477 2927 usurpata
501 2879 687 2913 locutione:
715 2877 770 2907 hoc
789 2883 855 2905 oc-

96 2933 231 2965 currit
253 2934 286 2963 in
303 2933 380 2963 libro
399 2931 505 2968 aliquo
524 2936 585 2969 pro
605 2925 724 2963 leyitur.

833 771 1057 807 observationi
1089 769 1183 801 addit
1205 769 1355 801 Orellius:
1387 763 1536 803 „Sobald
1561 774 1594 793 es

834 820 897 851 den
922 816 1048 859 Begrist'
1068 815 1143 847 hat:
1172 824 1202 845 es
1226 814 1287 844 triu
1307 813 1368 842 mir
1388 811 1456 841 sehr
1478 809 1596 848 ‹mussul-

834 866 905 897 lend
939 865 1013 894 oder
1034 863 1149 892 meiner
1179 859 1324 899 fritheren
1347 856 1470 887 Avisio-ht
1501 853 1597 884 zuwi-

834 908 1020 948 derlaufend
1040 910 1203 945 en19e9en‚
1227 913 1264 933 so
1284 901 1328 932 ist
1349 911 1384 931 es
1405 910 1486 941 ganz
1508 897 1599 928 rich—

837 955 903 996 tig,
930 952 1006 984 coll.
1029 950 1071 981 de
1095 951 1174 991 Rep.
1199 949 1232 984 Ι,
1257 946 1319 979 35:
1351 945 1382 975 in
1409 943 1516 986 primo
1538 953 1599 973 au—

836 1007 904 1031 tem
926 1007 1065 1040 genere,
1103 993 1191 1037 quod
1220 992 1284 1023 hoc
1306 991 1379 1021 loco
1402 987 1599 1031 appellatur,

839 1045 971 1076 occurrit
1007 1051 1125 1072 nomen
1164 1036 1255 1080 quasi
1301 1034 1444 1078 patrium
1478 1031 1602 1073 regis.“

842 1091 944 1120 Immo
959 1085 1092 1116 verbum
1107 1083 1286 1114 occurrendi
1308 1080 1405 1122 plane
1424 1075 1604 1119 respondet

840 1139 954 1164 nostro
973 1129 1260 1169 entyeyenhommen
1280 1134 1474 1166 semperque.
1495 1120 1604 1152 refer-

843 1185 896 1209 tur
918 1175 960 1206 ad
983 1173 1130 1205 dativum
1162 1179 1311 1210 personae
1344 1168 1393 1198 vel
1424 1169 1487 1205 rei,
1523 1175 1605 1207 quae

846 1231 1006 1265 personae
1020 1219 1105 1249 vices
1115 1215 1266 1250 sustinet,
1291 1220 1325 1244 ut
1339 1215 1455 1244 animo.
1489 1211 1605 1241 Utrum

844 1273 952 1298 autem
973 1275 1011 1295 ea
1032 1274 1094 1301 res,
1116 1271 1199 1304 quae
1220 1258 1340 1290 dicitur
1358 1266 1541 1293 occurrere,
1565 1253 1607 1284 sit

847 1309 1020 1346 notabilis,
1054 1306 1208 1347 insignis,
1242 1303 1344 1339 mira,
1378 1312 1501 1338 necne,
1527 1298 1609 1330 nihil

844 1356 974 1388 attinet.
1025 1352 1076 1383 cf.
1098 1353 1139 1382 K.
1157 1351 1199 1380 W.
1214 1349 1394 1380 Dietricium
1416 1346 1447 1375 in
1473 1344 1607 1386 Ephem.

846 1399 974 1442 discipl.
999 1396 1102 1438 antiq.
1128 1392 1224 1427 1545.
1249 1403 1282 1435 p.
1299 1390 1342 1423 4¹4
1355 1403 1403 1433 sq.

913 1446 1003 1483 vide,
1039 1442 1113 1482 quid
1138 1440 1254 1471 homini
1283 1435 1433 1477 tribuam]
1473 1432 1611 1464 Gravius

849 1490 973 1522 dictum
994 1497 1055 1530 pro
1076 1487 1151 1526 quid
1172 1486 1199 1515 ei
1220 1485 1366 1514 tribuam.
1415 1478 1466 1510 Cf.
1492 1480 1531 1510 Π.
1555 1475 1610 1514 27,

849 1534 909 1568 65:
936 1540 972 1564 ut
994 1539 1030 1563 ut
1053 1537 1168 1572 captus
1189 1527 1371 1559 hominum.
1420 1525 1458 1555 V.
1481 1522 1536 1561 21,
1558 1519 1612 1553 61.

851 1581 942 1612 Fam.
975 1579 998 1609 Ι.
1021 1576 1064 1614 ⁴2,
1090 1575 1131 1607 3:
1168 1573 1215 1604 ita
1247 1582 1318 1603 sum
1353 1581 1425 1602 cum
1459 1568 1516 1599 illo
1554 1569 1612 1609 (sc.

852 1622 1023 1666 Pompeio)
1048 1621 1196 1657 locutus,
1223 1623 1259 1648 ut
1283 1616 1362 1647 mihi
1387 1614 1519 1646 viderer
1542 1611 1615 1643 ani-

852 1681 940 1702 mum
965 1669 1098 1699 hominis
1120 1667 1177 1707 (sc.
1191 1661 1351 1704 Pompeii)
1379 1660 1419 1691 ab
1443 1657 1532 1690 omni
1554 1655 1617 1687 alia

854 1712 1056 1757 cogitatione
1090 1709 1133 1741 ad
1166 1715 1257 1739 tuam
1289 1705 1485 1748 dignitatem
1518 1709 1618 1733 tuen-

855 1761 930 1792 dam
950 1756 1133 1789 traducere.
1179 1752 1234 1783 Sic
1251 1761 1301 1783 res
1323 1762 1384 1793 pro
1407 1751 1452 1788 id,
1476 1754 1509 1778 ut
1531 1746 1619 1777 infra

857 1818 884 1837 c.
901 1804 955 1840 37,
981 1799 1043 1833 ὃ9τ
1083 1802 1278 1840 Quanquam
1302 1794 1381 1838 quid
1405 1804 1486 1835 opus
1513 1797 1563 1821 est
1586 1789 1617 1820 in

855 1850 921 1881 hoc
943 1842 1182 1889 philosophari,
1208 1852 1305 1883 quum
1327 1849 1390 1871 rem
1412 1848 1477 1868 non
1502 1845 1621 1876 magno

860 1903 960 1935 opere
982 1886 1191 1932 philosophia
1214 1896 1311 1927 egere
1334 1879 1526 1914 videamus?
1570 1879 1621 1910 Cf.

861 1940 939 1976 Aug).
963 1934 1136 1972 Grolel'end.
1161 1931 1345 1961 Comment.
1375 1938 1414 1958 zu
1443 1926 1475 1956 d.
1503 1925 1620 1955 Mater.

862 1984 936 2014 Lat.
955 1978 1085 2022 Stylub.
1110 1977 1184 2007 Exc.
1205 1975 1282 2006 ΧΠ.
1307 1974 1432 2005 Jordan.
1454 1969 1497 2002 ad
1519 1980 1566 2001 or.
1592 1980 1623 2011 p.

865 2025 1005 2058 Caecina
1028 2021 1061 2061 7,
1088 2019 1139 2052 19.
1171 2032 1203 2062 p.
1226 2016 1289 2051 174
1304 2029 1352 2060 sq.

931 2073 1002 2110 ipsa
1028 2068 1211 2099 auctoritate
1243 2073 1291 2095 me
1321 2061 1490 2103 srangseret]
1529 2058 1570 2089 H.
1596 2068 1624 2088 e.

865 2127 917 2148 me
937 2117 1160 2149 conwncetet,
1181 2121 1200 2140 a
1215 2119 1287 2140 mea
1302 2105 1466 2138 sententia
1483 2105 1515 2135 in
1537 2114 1628 2134 suam

866 2160 1055 2193 adduceret..
1103 2157 1143 2188 V.
1175 2155 1307 2186 Erneslii
1327 2151 1415 2183 clav.
1452 2149 1517 2179 Cic.
1544 2148 1575 2179 h.
1597 2158 1627 2177 v.

868 2207 976 2237 Locus
1000 2203 1071 2233 fere
1093 2199 1240 2243 geminus
1261 2196 1380 2239 legitur
1401 2194 1509 2226 Divin.
1530 2194 1554 2224 1.
1573 2190 1628 2229 30,

869 2247 929 2281 62:
967 2249 1063 2279 Hunc
1085 2256 1163 2286 ergo
1196 2248 1253 2283 (sc.
1275 2239 1462 2282 Epicurum)
1488 2243 1631 2277 antepo-

870 2306 927 2326 nes
951 2290 1077 2324 Platoni
1100 2296 1133 2320 et
1155 2285 1306 2318 Socrati?
1334 2284 1388 2326 qui
1412 2289 1446 2313 ut
1471 2281 1632 2312 rationem

871 2350 936 2370 non
973 2335 1168 2370 redderent,
1205 2328 1401 2361 auctoritate
1431 2333 1541 2357 tamen
1573 2324 1633 2354 hos

872 2383 1016 2414 minutos
1049 2375 1264 2421 philosophos
1297 2372 1486 2403 vincerent:
1523 2368 1576 2399 ubi
1602 2379 1633 2398 v.

875 2430 983 2460 Moser.
1006 2435 1039 2466 p.
1058 2422 1131 2453 150.
1160 2421 1207 2450 De
1229 2429 1262 2448 re
1284 2416 1354 2459 ipsa
1378 2415 1421 2447 cf.
1444 2414 1486 2446 ad
1509 2411 1558 2448 17,
1580 2411 1635 2443 40.

941 2467 1100 2506 videatur]
1139 2462 1299 2495 Consulto
1330 2461 1363 2492 h.
1387 2459 1409 2491 l.
1434 2465 1512 2501 post
1535 2458 1637 2488 attulit.

878 2514 993 2546 Cicero
1030 2509 1140 2553 posuit
1170 2509 1332 2545 videatur,
1373 2515 1438 2535 non
1472 2504 1637 2535 videretur.

881 2561 968 2590 Bene
982 2558 1100 2587 Moser:
1123 2559 1158 2584 ut
1169 2551 1370 2593 significetur
1383 2560 1459 2586 non,
1484 2545 1639 2590 quidnam

882 2601 983 2634 suerit
1015 2599 1082 2630 eius
1116 2595 1306 2633 consilium,
1347 2593 1406 2625 sed
1433 2592 1511 2636 quid
1534 2589 1641 2622 allatis

883 2644 1063 2679 rationibus
1098 2642 1143 2674 ita
1177 2641 1333 2672 effectum
1367 2638 1429 2676 sit,
1477 2642 1514 2667 ut
1547 2633 1642 2666 nobis

884 2691 981 2722 etiam
1003 2699 1090 2719 nunc
1108 2688 1253 2719 videatur
1280 2683 1315 2714 id
1345 2682 1407 2714 sibi
1435 2679 1644 2724 persuasisse.

887 2737 1038 2767 Ceterum
1065 2732 1107 2765 cf.
1136 2732 1302 2763 Adnotata
1324 2727 1356 2759 in
1383 2738 1410 2757 e.
1431 2725 1472 2763 4,
1497 2723 1528 2756 7.

953 2779 1032 2810 CAr.
1050 2777 1161 2809 XXII.
1195 2776 1222 2817 6.
1246 2773 1300 2804 50.
1347 2773 1438 2812 quasi
1465 2771 1564 2808 cupite
1587 2767 1645 2796 da-

886 2822 1021 2866 muetos]
1065 2824 1135 2853 lure
1167 2821 1338 2856 Romano,
1375 2816 1401 2846 si
1436 2813 1506 2856 quis
1540 2815 1648 2841 morte

888 2867 1074 2901 multandus
1108 2871 1198 2903 erat,
1235 2868 1333 2894 antea
1366 2859 1509 2891 debebat
1542 2853 1649 2894 capite

760 2919 858 2960 Wolfii
891 2912 1058 2948 damnari,
1085 2910 1131 2942 uti
1152 2910 1236 2941 bene
1259 2907 1356 2938 docet
1387 2903 1521 2941 Wolfius.
1555 2899 1651 2930 Hunc

1249 2960 1323 3001 7*
