1832 3137
671 131 836 165 LIBER
861 133 918 165 111.
942 129 1004 173 29,
1030 131 1084 166 71.
1572 126 1653 171 307

197 206 363 249 XXIX.
427 207 576 250 Contra
598 210 779 251 dicuntur
802 211 919 252 haec:
964 210 1064 265 Quis
1085 219 1161 253 tam
1183 213 1366 266 demens,
1414 222 1453 256 ut
1486 229 1556 257 sua
1582 231 1651 258 vo-

88 282 236 324 luntate
259 283 459 322 maereat?
515 282 671 324 Natura
701 284 816 324 affert
845 284 1043 336 dolorem,
1085 287 1145 327 cui
1171 287 1324 341 quidem
1354 285 1551 341 Crantor,
1591 291 1649 331 in-

87 356 245 410 quiunt,
284 358 447 397 vester1
482 357 695 397 cedendum
729 364 849 412 putat.

85 429 215 470 resisti
240 437 381 484 potest.

917 355 1066 399 Premit
1099 359 1200 400 enim
1237 368 1352 415 atque
1387 362 1530 414 instat,
1575 377 1646 405 nec

444 427 581 484 Itaque
606 427 744 471 Oileus
774 430 836 470 ille
867 430 966 484 apud
996 430 1253 486 Sophoclem,
1297 434 1359 488 qui
1389 434 1645 478 Telamonem

82 511 198 543 antea
224 503 271 543 de
297 503 432 544 Aiacis
459 510 583 544 morte
607 503 830 544 consolatus
856 511 983 554 esset,
1019 505 1050 543 is
1071 520 1185 559 quum
1207 508 1377 548 audisset
1396 512 1415 536 '2
1442 511 1487 548 de
1515 524 1586 550 suo
1604 513 1639 561 ³,

82 577 228 617 fractus
259 583 332 618 est.
394 575 455 618 De
487 577 596 617 cuius
628 583 864 617 commutata
896 584 1025 617 mente
1057 578 1113 618 sic
1145 579 1308 620 dicitur:

284 653 365 691 Nec
394 653 481 689 vcro
513 658 617 690 lanta
640 653 839 702 praeditus
868 652 1052 701 sapeetzte'a

287 726 487 776 Quisquam
518 727 593 771 ῥεῖ,
628 727 696 776 qai
720 725 880 763 aliorum
911 727 1127 763 acrzimnam
1157 728 1268 764 dictis
1298 727 1464 767 allevans

283 799 369 835 Nou
399 797 492 835 idem
506 827 516 843 ‚
550 812 662 849 qaam
680 798 846 850 sortt'mcc
877 805 1020 836 mutata
1052 801 1228 850 impetum
1244 802 1257 806 ”

284 872 504 918 convertat,
539 872 646 909 clade
673 871 797 909 szbbe'ta
811 872 831 896 4
852 872 1071 922 stangulat-
1098 886 1181 918 sna,

286 946 336 982 Ut
362 945 432 982 illa
461 946 512 983 ad
538 946 634 983 alios
663 947 768 983 dieta
798 953 837 983 et
859 953 1061 996 praecepta
1089 947 1279 984 e'oeez‘claul.

76 1015 188 1057 Haec
206 1030 320 1070 quum
340 1015 551 1070 disputant,
587 1017 657 1057 hoc
678 1018 834 1057 student
855 1018 1022 1067 efficere.
1058 1024 1222 1058 naturae
1242 1019 1380 1059 obsisti
1401 1020 1637 1061 nullomodo

77 1103 218 1144 posse3
263 1089 321 1129 ii⁵
357 1096 484 1129 tamen
527 1091 721 1141 fatentur,
763 1090 966 1144 graviores
1008 1091 1272 1144 aegritudines
1313 1092 1480 1147 suscipi,
1525 1108 1636 1147 quam

78 1169 215 1203 natura
255 1169 381 1217 cogat.
454 1160 564 1215 Quae
609 1171 668 1203 est
710 1162 826 1217 igitur
863 1163 1058 1203 amentia?
1099 1171 1138 1203 ut
1169 1179 1240 1205 nos
1272 1179 1424 1219 quoque
1457 1166 1555 1206 idem
1588 1168 1635 1207 ab

170 1259 309 1290 XXIX.
359 1258 375 1290 1
403 1259 457 1290 Sic
479 1261 531 1290 Or.
556 1270 584 1289 c.
607 1259 645 1289 R.
671 1259 704 1290 P.
730 1258 816 1290 Gud.
843 1258 871 1289 1.
898 1260 936 1289 Il.
963 1258 1098 1301 aliisque
1122 1259 1231 1290 multis
1253 1259 1348 1293 codd.
1372 1267 1405 1292 et
1428 1261 1538 1293 multis
1559 1262 1633 1293 edd.

78 1310 181 1340 vett.;
207 1308 307 1336 noster
327 1303 392 1335 alii.
438 1303 537 1335 Male.
586 1304 625 1335 V.
648 1303 734 1334 Adn.
790 1302 812 1334 2
835 1304 892 1335 Tr.
916 1314 954 1334 ex
978 1304 1016 1334 R.
1038 1305 1218 1337 audivisset.
1264 1304 1286 1337 3
1310 1305 1364 1336 Sic
1385 1306 1480 1339 codd.
1504 1306 1635 1349 plurimi

77 1355 112 1379 et
134 1347 270 1391 optimi,
296 1355 331 1379 ut
353 1349 392 1379 R.
417 1349 451 1380 P.
475 1348 561 1379 Gud.
587 1346 615 1379 1.
641 1349 681 1379 II.
698 1347 730 1379 b.
745 1372 753 1387 ,
779 1354 811 1378 et
833 1347 956 1379 multae
979 1347 1054 1379 edd.
1077 1355 1178 1385 vett.;
1204 1349 1257 1381 alii
1278 1349 1460 1382 deteriores
1482 1351 1580 1383 codd.
1603 1359 1635 1383 et

75 1392 158 1424 aliae
179 1392 255 1425 edd.
277 1399 358 1425 vett.
381 1395 419 1425 de
441 1403 496 1425 suo
520 1395 606 1433 filio5
630 1392 725 1435 pauci
748 1392 931 1424 deteriores
954 1392 1051 1424 codd.
1075 1395 1113 1425 de
1135 1395 1219 1433 filio:
1256 1394 1344 1437 quod
1367 1397 1421 1427 Or.
1445 1407 1634 1437 germanum

75 1444 197 1476 censet,
223 1449 407 1481 quanquam
429 1437 565 1469 retinuit
587 1438 672 1469 coni.
698 1438 737 1468 D.
761 1440 798 1469 de
819 1439 887 1477 sai‚·
912 1438 988 1469 Ern.
1010 1449 1166 1480 perverse
1187 1449 1204 1469 e
1226 1439 1310 1472 coni.
1336 1441 1373 1470 de
1392 1451 1461 1471 sua.
1493 1441 1533 1472 V.
1549 1441 1633 1473 Adn.

72 1481 95 1514 4
119 1482 173 1514 Sic
195 1485 249 1514 Or.
276 1495 302 1515 c.
325 1483 436 1526 paucis
458 1482 676 1514 deterioribus
697 1482 795 1514 codd.
819 1489 851 1514 et
873 1481 999 1525 aliquot
1021 1482 1096 1514 edd.
1120 1489 1219 1520 vett.;
1245 1483 1303 1515 sed
1324 1484 1455 1526 plurimi
1481 1484 1579 1517 codd.
1601 1493 1633 1516 et

73 1527 210 1570 optimi,
236 1534 272 1559 ut
293 1528 330 1559 R.
353 1529 388 1560 P.
414 1527 500 1560 Gud.
518 1527 546 1559 1.
561 1553 568 1567 ‚
594 1532 628 1560 ut
644 1530 769 1567 sabam
795 1527 898 1559 ssouh.
925 1526 1009 1560 coni.
1031 1529 1088 1559 heu
1111 1530 1200 1559 sub..·
1225 1528 1314 1570 quod
1336 1540 1401 1560 non
1424 1529 1552 1571 placet3
1578 1530 1634 1561 Kl.

73 1572 199 1615 recepit
224 1572 354 1616 quidem
373 1577 426 1613 ut,
451 1572 510 1604 sed
533 1584 618 1604 nunc
639 1572 671 1604 in
695 1571 780 1604 Add.
802 1572 919 1607 reiicit,
945 1584 1018 1604 cum
1040 1573 1126 1604 Mos.
1148 1572 1181 1604 in
1202 1572 1267 1604 hoc
1288 1577 1322 1605 ut
1343 1574 1562 1617 corruptelam
1584 1575 1636 1606 la-

74 1624 145 1649 tere
167 1625 266 1649 ratus.
316 1617 426 1649 Facile
447 1617 564 1649 inferri
585 1617 705 1660 potuit,
731 1616 827 1649 oculo
848 1617 972 1649 librarii
996 1617 1038 1649 ad
1061 1629 1129 1660 seq.
1153 1622 1185 1649 ul
1205 1617 1400 1649 aberrante:
1427 1619 1514 1651 cuius
1540 1631 1632 1652 erro-

75 1663 119 1695 ris
142 1662 244 1695 multa
270 1662 420 1705 exempla
446 1662 578 1704 collegit
606 1664 738 1694 I'Vesenb.
760 1663 830 1693 Em.
853 1663 876 1693 1.
903 1674 934 1705 p.
958 1660 989 1694 6.
1047 1662 1068 1694 5
1094 1662 1148 1694 Sic
1170 1664 1224 1694 Or.
1249 1675 1276 1693 e.
1297 1664 1334 1696 R.
1358 1664 1392 1694 P.
1414 1664 1566 1707 aliisque3
1604 1667 1636 1697 ht

79 1707 166 1741 Gud.
192 1707 221 1739 1.
247 1709 289 1740 11.
313 1707 453 1751 aliique3
478 1708 556 1741 ΕΓΗ,
576 1707 719 1739 malebat
742 1708 856 1747 iidem,
889 1707 979 1750 quod
1003 1707 1029 1739 si
1052 1707 1087 1738 in
1113 1707 1208 1739 codd.
1234 1708 1416 1750 legeretur,
1441 1716 1633 1752 praestaret.

73 1785 138 1818 quo
163 1787 260 1807 nemo
291 1775 340 1806 vir
371 1774 490 1806 melior
513 1781 607 1806 natus
633 1780 702 1812 est,
738 1784 835 1805 nemo

73 1820 198 1862 pietate
227 1819 460 1862 praestantior.
509 1819 606 1850 Cuius
636 1830 655 1850 a
682 1830 734 1850 me
758 1830 835 1851 cor-

74 1876 134 1907 pus
161 1871 340 1897 crematum
365 1871 432 1896 est:
470 1864 559 1907 quod
585 1870 700 1896 contra
725 1863 836 1894 decuit

937 1776 1025 1814 apud
1049 1776 1244 1816 Sophoclem]
1281 1775 1424 1814 Graeca,
1461 1787 1544 1817 qnae
1575 1788 1634 1808 ex-

869 1825 960 1850 stant
991 1819 1079 1861 apud
1113 1819 1292 1850 stobaeum
1316 1822 1420 1851 Serm.
1448 1821 1566 1852 CXIII.
1603 1830 1633 1863 ge

870 1864 1046 1906 Sophoclis
1066 1863 1239 1906 deperdita
1262 1865 1453 1905 tragoedia,
1478 1876 1559 1907 quae
1580 1866 1634 1896 in-

72 1910 113 1942 ab
133 1909 191 1942 illo
214 1921 339 1948 meum;
365 1909 491 1941 animus
511 1920 590 1941 vero
611 1919 675 1940 non
699 1920 751 1939 me
774 1908 836 1939 de—

73 1966 204 1992 serens,
237 1955 296 1986 sed
319 1961 527 1997 respectans,
563 1954 595 1984 in
618 1965 656 1985 ea
681 1954 836 1995 profecto

72 1999 146 2032 loca
170 1999 339 2037 discessit,
376 2009 440 2042 quo
473 1998 551 2029 mihi
585 1998 647 2041 ipsi
681 1998 837 2030 cernebat

72 2055 143 2076 esse
165 2044 374 2076 veniendum.
425 2044 529 2082 Quem
561 2054 622 2085 ego
647 2054 754 2074 meum
780 2055 837 2074 ca·-

72 2100 144 2120 sum
176 2089 310 2120 sortiter
335 2089 422 2120 ferre
446 2088 531 2119 visus
555 2099 646 2125 sum,
679 2099 746 2119 non
771 2099 836 2130 quo

71 2144 177 2176 aequo
201 2134 311 2165 animo
335 2134 474 2172 ferrem,
499 2132 558 2164 sed
581 2144 632 2164 me
656 2132 726 2175 ipse
752 2144 837 2164 con-

73 2178 214 2218 solabar,
239 2179 439 2217 existimans,
463 2189 528 2209 non
548 2177 764 2220 longinquum
780 2177 835 2209 in—

74 2230 126 2256 ter
149 2235 208 2255 nos
233 2224 415 2266 digressum
440 2229 473 2254 et
497 2222 675 2254 discessum
701 2223 786 2255 fore.

141 2272 171 2301 in
206 2269 440 2310 Consolatione]
477 2270 626 2300 Davisius
656 2267 690 2299 in
724 2274 836 2310 partes

72 2321 172 2346 vocat
210 2314 346 2346 Hieron.
389 2313 423 2344 in
462 2312 617 2355 Epitaph.
655 2312 836 2355 Nepotiani

73 2369 108 2400 p.
127 2358 190 2391 21:
228 2357 461 2390 Praetermitto
487 2360 661 2397 Maximus,
698 2360 838 2397 Catones,

76 2402 202 2442 Gallos,
226 2402 370 2440 Pisones,
398 2403 527 2440 Brutos,
553 2402 738 2440 Scaevolas,
761 2403 838 2433 Me-

73 2446 191 2486 tellos,
218 2448 377 2484 Scauros,
402 2445 547 2484 Marios,
575 2446 720 2484 Crassos,
745 2447 839 2477 Mar-

76 2491 177 2524 cellos
199 2498 298 2535 atque
322 2490 488 2528 Aufidios‚
524 2501 663 2532 quorum
684 2502 750 2522 non
774 2491 839 2521 mi-

74 2547 138 2569 nor
160 2536 192 2568 in
215 2536 316 2575 luctu,
342 2547 439 2578 quam
463 2534 495 2566 in
519 2534 613 2566 bellis
636 2534 738 2566 virtus
764 2535 838 2573 fuit,

75 2587 109 2613 et
131 2592 268 2625 quorum
292 2581 451 2613 orbitates
472 2579 504 2611 in
529 2579 772 2612 Consolationis
795 2580 838 2612 li-

73 2625 135 2658 bro
160 2629 278 2667 Tullius
302 2624 489 2668 explicavit.

141 2673 169 2714 §.
190 2671 244 2705 71.
292 2673 374 2711 Ergo
403 2672 438 2702 id
460 2689 506 2694 —
528 2671 563 2701 id.
595 2670 627 2701 hi
659 2670 761 2711 turpe]
799 2669 839 2701 V.

75 2714 244 2747 Adnotata
269 2716 302 2747 in
328 2716 385 2747 III.
409 2715 449 2755 8,
479 2714 528 2748 18.

148 2760 225 2792 Cn.
247 2761 383 2792 XXIX.
434 2761 547 2792 Contra
581 2760 726 2790 dicuntur
749 2758 838 2798 haec]

77 2803 372 2846 Peripateticorum
395 2804 532 2836 affertur
565 2803 749 2840 sententia,
786 2802 840 2845 qui

79 2848 316 2891 aegritudinem
331 2849 363 2881 in
380 2856 495 2881 natura
514 2848 656 2891 positam
675 2859 755 2886 esse,
779 2858 840 2878 nec

79 2892 110 2923 ei
133 2892 241 2924 resisti
264 2905 382 2936 posse,
410 2893 566 2925 iudicant.

146 2939 278 2970 crantor
307 2939 418 2981 vester]
457 2938 533 2970 Scil.
561 2936 681 2969 veteris
708 2935 838 2969 Acade-

77 2981 163 3014 miae
185 2981 320 3015 assecla.

869 1909 994 1950 scripta
1025 1916 1096 1939 erat
1122 1909 1204 1946 Αἴας
1227 1907 1379 1951 Λοκρός,
1415 1921 1444 1941 v.
1469 1910 1632 1951 Fragmin.

872 1953 976 1995 Sopli.
1012 1965 1064 1995 ap.
1099 1954 1238 1985 Brunck.
1275 1965 1307 1994 p.
1332 1955 1408 1986 ’ὁὶ-56,
1445 1966 1497 1997 ap.
1533 1954 1632 1986 Dind.

872 2010 905 2040 p.
928 1998 983 2031 29.
1007 1998 1075 2037 b-l,
1100 1998 1147 2042 sic
1169 2010 1204 2030 se
1228 1999 1369 2030 liabent:

918 2041 1009 2081 Τοὺς
1041 2039 1071 2077 δ’
1102 2042 1142 2076 αὖ
1178 2043 1356 2086 μεγίστους
1390 2043 1448 2076 καὶ
1481 2042 1634 2086 σοφωτά-

1414 2100 1491 2126 τους
1513 2090 1609 2131 φρενὶ

917 2129 1070 2170 Tomoe&
1095 2133 1179 2171 ἴδοις
1202 2129 1264 2174 ἄν,
1294 2130 1364 2170 οἶός
1388 2131 1459 2166 ἐστι
1482 2134 1537 2167 νῦν
1561 2129 1632 2174 ὅδε,

915 2177 1042 2216 Καλῶς
1065 2180 1181 2216 κακῶς
1204 2176 1386 2221 πράσσοντι
1413 2178 1634 2221 συμπαραινέ-

1417 2234 1496 2261 σας·

906 2264 1016 2302 ’Ὀταν
1041 2267 1079 2303 δὲ
1103 2267 1233 2310 δαίμων
1267 2265 1390 2310 ἀνδρὸς
1414 2264 1573 2311 εὐτυχοῦς
1596 2267 1631 2301 τὸ

1415 2311 1489 2353 πρὶν

916 2354 1064 2399 Μάστιγ’
1090 2356 1205 2400 ἐρείσῃ
1230 2359 1287 2390 τοῦ
1313 2356 1384 2400 βίου
1408 2355 1632 2397 παλίντροπον,

917 2401 972 2435 Τὰ
988 2400 1091 2435 πολλὰ
1105 2402 1236 2442 φροῦδα
1255 2401 1314 2434 καὶ
1333 2402 1446 2437 καλῶς
1463 2400 1633 2442 εἰρημένα..

940 2448 977 2477 de
997 2448 1066 2487 suo]
1094 2446 1169 2477 Scil.
1188 2446 1302 2480 Aiaces
1330 2446 1394 2476 hoe
1409 2445 1494 2476 enim
1516 2457 1634 2477 nomen

873 2497 944 2522 erat
964 2491 1032 2521 filio
1053 2490 1148 2521 Oilei.
1185 2490 1319 2521 Brevius
1341 2490 1464 2521 dictum
1485 2496 1536 2520 est
1557 2502 1634 2532 pro:

874 2547 972 2578 quum
1007 2534 1170 2573 audisset-‚
1209 2545 1301 2566 suum
1338 2534 1437 2565 lilium
1471 2541 1635 2566 mortuum

875 2591 954 2611 esse.
1004 2579 1192 2621 Scripturae
1224 2581 1261 2611 de
1291 2590 1346 2611 suo
1378 2582 1461 2620 filio,
1502 2581 1539 2611 de
1572 2582 1636 2620 filio

874 2630 990 2667 aperta
1020 2631 1095 2655 sunt
1127 2624 1334 2666 glossemata.
1383 2625 1497 2667 Neque
1519 2636 1637 2656 neces-

874 2669 959 2700 saria
990 2675 1040 2699 est
1073 2669 1261 2700 coniectura
1285 2668 1408 2700 Davisii
1441 2671 1478 2701 de
1509 2672 1557 2701 sui
1590 2681 1635 2700 sc.

875 2713 932 2744 filii
954 2720 1081 2750 morte,
1119 2720 1154 2745 ut
1185 2726 1211 2746 c.
1229 2714 1293 2752 3¹2,
1319 2714 1381 2747 77:
1419 2721 1453 2746 et
1477 2713 1518 2745 de
1543 2725 1634 2745 com-

875 2758 963 2789 muni
993 2758 1184 2790 conditione
1212 2759 1318 2798 vitae,
1356 2765 1389 2789 et
1421 2759 1574 2802 proprie,
1610 2757 1635 2787 si

875 2802 954 2846 quid
977 2802 1020 2834 sit
1044 2805 1081 2835 de
1103 2806 1221 2844 ipsius,
1250 2803 1304 2846 qui
1328 2810 1485 2834 maereat.

943 2849 1029 2887 Quae
1052 2852 1095 2880 est
1116 2851 1212 2889 igitur
1236 2848 1387 2890 amentia]
1424 2849 1515 2879 Haec
1537 2846 1637 2877 verba

873 2892 1074 2934 respondent
1097 2892 1340 2936 superioribus:
1381 2895 1456 2930 Quis
1487 2895 1552 2922 tam
1584 2892 1636 2921 de-

872 2947 977 2977 mens,
999 2941 1033 2969 ιιι
1055 2947 1114 2969 sua
1133 2940 1289 2970 voluntate
1309 2938 1470 2968 maereat?
1516 2937 1636 2966 Natura

873 2984 963 3022 affert
984 2984 1132 3015 dolorem.
1160 2982 1294 3013 Scilicet
1315 2978 1492 3011 adversarii
1511 2978 1636 3019 dicunt,

1221 3028 1311 3065 20*
