1832 3137
613 81 958 114 PRoLEGoMENA.
1512 73 1565 116 19

7 169 86 208 vita
107 168 218 206 beata
242 165 284 203 in
307 178 389 203 una
406 164 559 203 virtute
579 163 707 215 posita
727 169 839 201 esset„
857 184 914 190 —
971 161 1022 200 At
1043 161 1139 200 haec
1158 162 1262 201 ratio
1281 162 1416 214 inepta
1439 170 1500 202 est
1520 171 1560 203 et

3 236 111 276 redit
139 235 189 273 ad
213 233 429 272 verborum
458 230 769 270 controversiam
796 243 869 268 nec
894 230 1107 280 quidquam
1137 231 1243 269 valet
1263 231 1314 269 ad
1343 231 1559 270 tollendum

4 292 193 344 dolorem.
224 315 257 339 c.
285 304 350 339 12.
377 298 417 351 §-
442 303 509 338 29.
541 303 662 338 c.15.
690 295 730 349 §-
753 300 820 336 50.

117 368 161 423 ὅ)
183 368 384 406 Sententia
404 381 541 405 eorum
560 364 893 418 philosophorum
910 362 1327 417 (Peripateticorum),
1355 366 1424 417 qui
1441 366 1560 404 dolo-

0 452 85 482 ‚rem
111 437 256 475 malum
282 436 393 473 illum
415 435 570 484 quidem
597 446 675 471 esse
697 432 897 479 dicebant,
938 431 1028 479 sed,
1060 447 1146 470 cum
1172 433 1426 485 turpitudine
1450 449 1560 472 com-—

3 512 209 558 paratum,
240 517 363 554 paene
393 503 545 540 nullum
576 513 666 538 esse.
727 500 853 549 Atque
877 497 981 536 hanc
1007 500 1165 548 quidem
1189 503 1419 539 sententiam
1444 515 1560 540 secu-
1604 502 1616 510 ⁷

0 579 72 612 'tus
93 579 151 610 est
179 572 331 610 Cicero.
389 572 485 609 Nam
508 576 552 607 ut
578 568 786 606 honestum
810 579 1001 604 summum
1029 567 1178 604 bonum
1200 575 1278 616 est,
1318 576 1444 607 cetera
1466 583 1561 607 cor-

7 640 119 692 poris
139 647 179 677 et
195 640 382 676 fortunae
400 639 502 675 bona
521 635 732 688 perexigua
749 641 862 683 sunt,
892 634 947 671 ita
969 634 1182 684 turpitudo
1205 649 1396 673 summum
1419 637 1564 675 malum

8 714 84 755 est,
115 713 242 745 cetera
261 712 422 742 externa
444 705 507 742 vel
528 703 709 754 corporis
730 702 827 740 mala
848 715 937 740 cum
953 702 1219 751 turpitudinis
1240 703 1342 739 malo
1360 704 1432 741 vix
1453 717 1565 741 com-

6 773 196 826 paranda.
254 773 388 822 Itaque
411 772 443 809 si
474 771 686 821 turpitudo
709 770 819 821 peius
838 776 914 818 est,
945 782 1061 819 quam
1082 769 1221 818 dolor;
1252 769 1355 807 nihil
1376 777 1433 808 est
1450 771 1567 821 plane

6 841 135 879 dolor.
196 841 290 878 Nam
307 846 426 890 turpe
443 845 499 876 est
517 838 656 876 dolore
674 837 818 889 frangi.
878 837 958 884 Qui
977 843 1106 874 autem
1127 837 1293 875 virtutis
1309 851 1469 888 compos
1487 851 1567 876 esse

63 908 115 956 lt,
146 921 299 945 omnem
324 906 615 957 turpitudinem
641 906 775 957 fugiet.
834 905 971 943 Virtus
995 904 1119 955 igitur
1146 911 1295 942 tantam
1319 905 1360 942 in
1385 919 1424 942 se
1449 904 1570 944 habet

7 975 106 1024 vim,
144 982 191 1013 ut
222 975 256 1013 ei
286 975 421 1012 cedere
450 974 586 1012 debeat
615 974 745 1011 dolor.
804 973 1009 1020 Quattuor
1044 972 1213 1009 virtutes
1241 986 1341 1022 quae
1375 973 1569 1010 dicuntur

9 1042 225 1080 cardinales
249 1047 549 1088 enumerantur,
588 1041 912 1089 ostenditurque,
950 1039 1053 1076 nulli
1079 1052 1212 1076 earum
1240 1039 1424 1077 satisfieri
1443 1053 1568 1090 posse,

9 1109 87 1147 nisi
111 1109 226 1147 dolor
251 1115 541 1159 contemnatur·
599 1109 701 1158 Ergo
726 1113 797 1145 aut
818 1106 928 1144 nulla
952 1106 1085 1144 virtus
1108 1112 1185 1154 est,
1223 1113 1293 1145 aut
1311 1113 1567 1145 contemnen—

10 1176 85 1215 dus
114 1177 239 1215 omnis
270 1176 397 1214 dolor.
429 1190 461 1213 c.
486 1179 549 1213 15.
579 1173 620 1226 ᾗ.
645 1178 712 1212 51.
743 1188 777 1212 c.
800 1178 862 1214 14.
888 1173 1019 1225 princ.

475 1298 637 1335 ALTERA
667 1310 761 1334 PARS
793 1309 1103 1334 DISPUTATJONIS.

120 1377 198 1414 Iam
217 1390 314 1414 vero
338 1376 371 1413 si
399 1376 577 1413 dolorem
602 1375 797 1423 dolorem,
837 1375 864 1412 i.
887 1388 918 1411 e.
941 1374 1102 1422 malum,
1142 1387 1220 1411 esse
1244 1374 1298 1411 ita
1325 1376 1571 1425 conceditur,

11 1451 56 1483 ut
88 1458 174 1482 eum
211 1444 384 1491 virtute,
427 1443 656 1481 nominatim
695 1442 955 1490 fortitudine,
994 1442 1168 1492 opprimi
1202 1456 1315 1492 posse
1347 1450 1569 1494 statuatur,

12 1512 238 1563 quaeritur,
271 1524 350 1561 quo
373 1510 489 1548 modo
510 1511 576 1548 illa
595 1511 745 1559 virtus,
777 1524 876 1561 quae
890 1510 933 1547 vi
951 1523 1020 1547 sua
1039 1509 1177 1557 efficit,
1210 1516 1254 1546 ut
1274 1509 1449 1548 dolorem
1471 1525 1570 1549 con-

10 1585 245 1626 temnamus,
276 1578 543 1629 comparanda
572 1579 636 1616 sit.
694 1578 801 1615 Haec
828 1578 958 1616 virtus
990 1583 1266 1628 comparatur:

125 1644 163 1696 a)
195 1647 498 1683 Exercitatione
531 1653 566 1683 et
602 1645 898 1683 consuetudine.
958 1644 1147 1696 Exempla
1173 1645 1363 1682 iuvenum
1394 1646 1571 1697 Spartae,

13 1725 147 1751 severa
166 1713 374 1764 disciplina
392 1713 685 1761 institutorum,
717 1715 984 1750 Romanorum
1002 1713 1174 1760 militiae,
1206 1713 1415 1764 Eurypyli,
1444 1727 1570 1752 vena-

16 1786 165 1827 torum,
199 1781 394 1831 pugilum,
427 1782 688 1828 luctatorum,
719 1780 995 1830 gladiatorum.
1025 1793 1058 1817 c.
1086 1784 1283 1818 14—17.

124 1846 168 1898 b)
200 1848 388 1885 Ratione.
420 1848 532 1885 Hanc
550 1847 858 1895 disputationem
878 1846 934 1883 ita
949 1847 1175 1896 ingreditur
1196 1846 1362 1894 Tullius,
1382 1853 1439 1895 ut,
1465 1848 1574 1898 quod

15 1928 135 1966 supra
159 1915 471 1952 demonstratum
492 1920 595 1960 erat,
627 1913 762 1963 paucis
784 1919 956 1963 repetat,
988 1913 1163 1949 dolorem
1188 1913 1330 1950 malum
1350 1914 1463 1951 illum
1482 1917 1575 1966 qui-

15 1981 100 2018 dem
120 1995 217 2028 esse,
247 1981 314 2017 sed
332 1994 482 2017 omnem
498 1980 675 2016 dolorem
693 1993 770 2017 esse
790 1979 1049 2027 tolerabilem,
1080 1980 1346 2029 virtutemque
1361 1983 1577 2031 postulare,

19 2054 63 2084 ut
92 2061 178 2084 eum
202 2047 418 2084 toleranter
446 2047 665 2097 patiamur,
707 2047 834 2097 ipsum
859 2060 1000 2083 nomen
1026 2050 1219 2091 virtutis,
1265 2061 1287 2083 a
1311 2051 1421 2093 viro,
1463 2051 1576 2089 cuius

18 2114 184 2165 propria
203 2114 367 2151 maxime
392 2113 443 2151 sit
466 2114 684 2161 fortitudo,
716 2115 897 2161 ductum,
927 2116 1019 2151 satis
1042 2114 1268 2162 ostendere,
1299 2115 1449 2154 doloris
1474 2131 1574 2155 con-

22 2182 270 2232 temptionem
297 2182 458 2219 maxime
480 2181 676 2231 pertinere
700 2182 748 2218 ad
770 2182 974 2229 virtutem,
1007 2194 1130 2231 neque
1152 2195 1385 2231 quemquam
1408 2184 1574 2222 virtutis

18 2255 232 2298 compotem
253 2250 311 2286 vel
332 2249 461 2286 vii-uin
482 2262 561 2286 esse
576 2262 700 2299 posse,
732 2249 805 2285 nisi
825 2249 1000 2286 dolorem
1016 2255 1254 2286 contemnat.
1285 2263 1318 2285 c.
1340 2253 1401 2287 18.
1441 2251 1576 2296 Quae-

20 2316 144 2362 ritur,
176 2330 252 2365 quo
275 2316 390 2352 modo
413 2316 516 2353 ratio
534 2315 695 2363 efficiat,
728 2322 771 2352 ut
792 2316 908 2353 dolor
927 2315 1142 2353 tolerabilis
1159 2316 1240 2352 fiat.
1301 2316 1478 2353 Remedia
1501 2331 1576 2355 au-

22 2389 96 2418 tem
116 2382 264 2418 doloris
285 2396 361 2418 non
383 2389 476 2418 sunt
494 2383 715 2431 quaerenda
735 2384 781 2421 ab
800 2384 986 2433 Epicuro,
1020 2383 1098 2431 qui,
1130 2395 1250 2431 quum
1270 2382 1447 2420 dolorem
1466 2398 1576 2422 sum-

0 2461 126 2485 ‚inum
148 2448 287 2485 malum
312 2448 440 2495 dicat,
486 2455 608 2485 trnnen
633 2450 847 2500 praecipit:
888 2449 1068 2499 „Neglige
1100 2449 1299 2498 dolorem,
1341 2464 1430 2487 nam
1461 2452 1578 2490 dolor

0 2526 2 2558 >
23 2529 194 2552 suminus
217 2516 345 2553 brevis
370 2521 427 2552 est
449 2522 505 2563 et,
537 2516 569 2552 si
589 2522 644 2552 est
666 2516 899 2563 diuturnus,
933 2530 1010 2554 non
1033 2522 1088 2552 est
1108 2529 1279 2554 summus
1298 2523 1336 2554 et
1356 2517 1474 2556 habet
1492 2519 1576 2557 lae-

0 2605 2 2623 1
26 2582 132 2620 titiae
162 2583 266 2632 plus,
298 2596 413 2632 quam
438 2583 672 2620 inolestiae.“
703 2597 735 2620 c.
762 2587 825 2622 19.
884 2584 1050 2620 Petenda
1080 2590 1136 2621 est·
1165 2584 1286 2635 igitur
1313 2585 1502 2624 medicina
1530 2588 1577 2624 ab

0 2669 2 2694 ι
25 2649 96 2697 eis,
131 2651 292 2699 quibus,
323 2650 430 2700 quod
452 2650 659 2688 honestum
677 2650 747 2694 sit,
778 2664 966 2687 summum
983 2651 1147 2700 bonum3
1178 2652 1286 2702 quod
1304 2659 1438 2703 turpe,
1469 2667 1578 2690 suni-

27 2729 129 2754 mum
157 2717 318 2754 videtur
353 2718 508 2755 malum.
566 2717 687 2764 Quod
719 2717 749 2754 si
781 2717 892 2755 nobis
918 2731 1144 2768 persuasum
1170 2726 1248 2767 est,
1288 2720 1485 2769 reliquum
1510 2727 1579 2767 est,

0 2803 4 2827 ι
31 2788 74 2820 ut
88 2790 192 2822 certa
207 2785 394 2834 quaedam
411 2785 574 2823 rationis
590 2790 798 2836 praecepta
815 2798 1034 2836 sequamur.
1059 2791 1168 2825 c.20.
1201 2787 1343 2834 Qualia
1359 2794 1453 2825 sunt
1471 2787 1580 2824 haec:

0 2857 4 2894 ᾗ
141 2849 183 2901 α)
212 2852 314 2890 Tute
345 2853 414 2890 tibi
448 2854 607 2904 impera.
666 2853 764 2890 Nam
788 2866 908 2903 quum
933 2853 1085 2892 animus
1110 2855 1160 2892 sit
1188 2855 1230 2892 in
1254 2861 1384 2905 partes
1408 2854 1583 2890 tributus

0 2923 6 2962 ᾗ
29 2915 145 2963 duas,
183 2918 360 2967 alteram,
391 2920 558 2958 rationis
584 2919 832 2971 participem,
864 2921 1025 2959 alteram
1047 2929 1265 2972 expertem3
1295 2922 1362 2959 illa
1386 2919 1481 2958 huic
1506 2919 1582 2958 im·

16 2981 20 3004 Ι
1195 2993 1220 3026 2
1241 2988 1258 3006 i<
