1832 3137
599 98 745 130 INDEX
768 98 1042 132 HISTORICUS.

49 178 147 216 Oeta,
169 185 263 207 mons
285 174 496 215 Thessaliae,
528 176 561 208 in
587 187 652 219 quo
676 177 806 209 Hercu—

96 220 142 252 les
165 230 201 251 se
226 219 411 252 combussit.
450 221 482 260 2,
510 220 561 254 19.
610 221 690 255 Vdr.
713 224 806 254 Deia-

92 267 174 296 m'ra.

51 311 166 349 Oileus,
188 320 246 340 rex
269 310 470 349 Locrorum,
495 316 589 353 pater
610 310 726 350 Aiacis,
752 310 807 354 qui

93 365 114 386 a
140 354 242 397 patris
266 355 398 386 nomine
423 355 506 387 oue-i
541 367 723 398 cognomen
749 367 807 387 ac-

95 399 183 441 cepit
201 398 243 430 ad
265 410 338 430 eum
360 399 626 443 distinguendum
647 401 687 432 ab
707 400 806 432 Aiace

95 444 301 476 Telamonio.
347 444 388 484 3,
413 445 466 478 71.

51 489 220 529 Olympia,
254 489 345 521 locus
369 501 480 529 sacer,
509 490 541 522 in
567 489 682 529 Elide,
706 490 806 522 Pelo-

94 533 232 576 ponnesi
268 534 419 577 regione,
457 535 498 567 ad
530 535 650 578 Alphei
686 535 806 567 ostium

92 578 184 616 situs,
208 578 262 610 ubi
280 579 347 610 ludi
363 579 524 623 Olympici
543 580 803 612 celebrabantur.

96 623 124 663 1,
153 623 226 656 111.
261 624 301 661 2,
326 624 378 656 40.
403 623 457 657 41.
479 624 533 658 46.

48 668 169 707 Orcus,
207 670 237 708 a)
263 669 448 701 inferorum
479 669 578 709 deus,
615 670 670 713 qui
705 670 804 701 etiam

93 712 190 744 Pluto
213 720 370 752 vocatur3
395 714 429 757 b)
455 726 555 757 regna
577 714 648 758 ipsa
671 714 804 746 subter-

93 769 202 789 ranea.
252 758 289 797 1,
312 757 366 792 45.

45 804 180 842 Orestes,
202 803 455 845 Agamemnonis
476 810 508 835 et
524 804 803 847 Clytaemnestrae

92 846 195 885 filius,
232 848 354 879 occidit
375 855 512 880 matrem
536 861 609 880 cum
632 849 802 892 Aegistho,

90 891 160 923 eius
184 891 344 924 adultero.
392 894 533 937 Propter
565 894 646 926 haec
679 895 803 926 scelera

92 936 232 979 agitatus
258 944 306 969 est
331 937 434 969 furiis.
483 938 522 977 3,
552 941 602 971 11.
638 936 677 978 4,
702 939 756 972 03.

47 982 189 1022 Origines
215 982 358 1014 Catonis.
392 984 431 1014 V.
455 983 538 1014 Adn.
559 983 602 1014 ad
626 985 651 1014 Ι.
675 983 706 1015 2.
729 984 802 1016 init.

50 1027 208 1066 Orpheus,
246 1027 406 1068 Apollinis
443 1034 475 1059 ct
511 1028 673 1071 Calliopes
708 1028 802 1068 filius,

94 1083 152 1103 rex
163 1071 333 1114 Thraciae,
353 1071 487 1104 maritus
503 1072 691 1116 Eurydices,
707 1085 803 1117 quam

93 1115 134 1147 ab
157 1115 270 1148 inseris
290 1117 446 1149 reducere
468 1125 603 1149 conatus
627 1124 686 1150 est.
736 1120 803 1150 Ex—

94 1160 234 1192 cellebat
264 1161 358 1204 lyra,
395 1174 490 1206 quam
514 1175 532 1194 a
557 1163 721 1196 Mercurio
751 1163 803 1196 vel

92 1205 132 1238 ab
156 1205 228 1249 ipso
257 1207 408 1250 Apolline
431 1207 569 1251 accepit.
619 1209 634 1240 1
649 1233 657 1247 ,
682 1207 736 1242 95.

405 1289 443 1319 Ρ.

47 1342 266 1381 Ραεὶἀίᾶηυε,
300 1341 465 1385 gladiator
499 1342 628 1375 nobilis.
673 1340 716 1382 4,

94 1386 150 1417 ubi
172 1398 202 1418 v.
226 1386 405 1419 Adnotata.

46 1433 224 1470 Pacuvius,
262 1431 433 1463 Brundusii
464 1437 557 1463 natus
594 1431 670 1465 535.
698 1433 739 1464 U.
775 1444 803 1464 c.

92 1475 169 1508 219.
193 1487 222 1507 a.
246 1476 322 1507 Chr.
337 1501 344 1514 ,
369 1480 466 1519 poe'ta
490 1476 711 1509 Romanorum
732 1483 804 1508 tra-

92 1520 201 1563 gicus,
236 1521 331 1552 Ennii
356 1533 394 1552 ex
417 1532 529 1553 sorore
552 1533 667 1564 nepos.
717 1523 803 1553 Gra—

95 1565 199 1596 vitate
220 1566 474 1605 sententiarum,
509 1566 656 1609 pondere
680 1567 804 1599 verbo-

93 1621 176 1647 rum,
202 1610 398 1641 auctoritate
422 1622 636 1654 personarum
660 1612 804 1643 clarissi-

95 1666 165 1686 mus
179 1653 254 1696 fuit,
269 1655 327 1686 sed
339 1655 513 1687 destitutus
528 1656 646 1688 nitore.
676 1656 703 1694 1,
723 1656 802 1689 106:

95 1699 151 1731 ubi
173 1710 204 1731 v-
227 1699 311 1732 Adn.
357 1700 398 1739 ¹2,
422 1698 476 1733 45.
507 1698 562 1733 49.
609 1697 650 1740 4,
674 1702 728 1733 52.
772 1703 804 1741 5,

94 1743 149 1777 46.
175 1743 247 1778 105.

49 1791 260 1830 Palamedes,
290 1790 442 1833 Nauplii,
467 1791 619 1822 Euboeae
643 1791 739 1833 regis,
763 1790 806 1822 fi-

94 1835 176 1873 lius,
202 1835 289 1866 Ulixi
312 1835 570 1874 inimicissimus,
609 1835 696 1867 cuius
721 1835 805 1867 dolis

741 1340 802 1376 48:

95 1887 130 1912 et
164 1880 332 1912 fraudibus
375 1880 509 1912 tandem
542 1881 575 1912 in
610 1881 806 1922 proditionis

95 1925 314 1966 suspicionem
346 1925 525 1964 adductus,
559 1937 577 1957 a
606 1927 806 1958 Graecorum

83 1969 240 2001 'exercitu
285 1969 446 2012 lapidibus
488 1971 702 2014 interemptus
747 1977 805 2002 est.

95 2017 280 2047 Stallbaum.
305 2015 347 2046 ad
371 2015 497 2047 Platon.
523 2016 618 2057 Apol.
645 2014 742 2059 pall.
769 2017 803 2048 B.

95 2059 206 2091 laudat
239 2062 350 2100 Heynii
374 2061 451 2092 Exc.
478 2060 519 2092 ad
544 2061 633 2103 Virg.
661 2065 737 2092 Aen.
764 2062 805 2099 ll,

95 2104 150 2138 81.
173 2111 207 2136 et
238 2116 320 2147 quae
353 2105 394 2136 de
426 2105 617 2147 cognomine
644 2106 805 2149 Euripidis

95 2149 207 2182 fabula
239 2150 390 2183 disseruit
427 2153 566 2182 l'alchen.
598 2150 737 2182 Diatrib.
763 2150 805 2182 de

96 2194 224 2237 Fragm.
248 2195 358 2237 Eurip.
383 2207 415 2238 p.
435 2196 496 2228 190
508 2207 556 2238 sq.
583 2213 627 2219 —-
654 2197 689 2234 1,
714 2194 768 2229 98.

50 2240 230 2280 Panaetius,
254 2240 400 2272 Rhodius
419 2241 546 2283 (0:200.
563 2251 590 2272 a.
608 2240 708 2281 ehu),
733 2240 805 2284 phi-

93 2284 250 2328 losophus
273 2285 403 2317 Stoicae
423 2291 552 2323 sectae,
577 2296 672 2328 quem
696 2286 805 2327 potis-

93 2329 210 2361 simum
233 2336 362 2361 secutus
384 2336 433 2360 est
457 2329 570 2361 Cicero
601 2329 633 2361 in
658 2330 736 2361 libb.
763 2330 804 2362 de

97 2373 226 2406 officiis.
256 2375 281 2410 l,
296 2372 349 2405 42.
370 2374 424 2407 79.
439 2374 492 2406 bl.
512 2374 605 2416 (vixit
628 2386 699 2405 curn
713 2375 804 2406 Afri-

96 2429 178 2451 cano
199 2418 322 2450 maiore
340 2418 554 2458 familiariter)
572 2431 577 2449 :
603 2418 657 2450 ubi
676 2431 704 2452 v.
721 2419 805 2451 Adn.

95 2461 136 2503 4,
163 2460 194 2497 4.
233 2465 274 2502 5,
304 2463 373 2497 107.
421 2464 460 2494 V.
485 2465 622 2503 Lynden.
646 2464 678 2494 in
705 2464 804 2495 Com-

95 2514 197 2540 ment.
221 2507 261 2539 de
285 2508 449 2540 Panaetio.
482 2508 585 2550 Lugd.
615 2509 683 2539 Bat.
711 2510 804 2541 1502.

51 2555 261 2593 Parrhasius,
304 2564 343 2584 ex
378 2553 528 2595 Epheso,
571 2553 648 2584 urbe
684 2553 803 2592 ionica,

99 2598 263 2637 oriundus,
291 2597 508 2629 nobilissimus
526 2598 682 2629 Graeciae
699 2598 806 2641 pictor

100 2644 140 2685 (c.
161 2655 191 2674 a.
214 2641 290 2675 400.
309 2655 336 2674 a.
363 2643 463 2685 clm).
514 2644 541 2682 l,
567 2641 598 2675 4.
649 2642 700 2674 Cf.
720 2643 804 2675 Plin.

97 2688 245 2726 XXXV,
275 2689 323 2720 10.

53 2733 234 2772 Patrsaclus,
258 2732 340 2764 filius
362 2732 531 2770 Menoetii,
556 2731 710 2764 educatus
732 2743 804 2764 cum

99 2776 224 2809 Achille
244 2777 349 2809 eidem
370 2777 579 2809 amicissimus
601 2784 678 2809 erat.
706 2777 805 2809 Post-

100 2833 139 2854 ea
163 2833 235 2853 cum
256 2823 381 2855 Achille
406 2822 448 2854 ad
483 2822 604 2854 bellum
626 2822 804 2854 Troianum

98 2865 268 2910 profectus
304 2879 376 2899 cum
399 2869 544 2899 Hectore
579 2878 726 2910 pugnans
763 2867 803 2899 ab

98 2911 217 2944 eodem
238 2912 407 2945 confossus
426 2919 566 2946 mortem
585 2912 746 2945 occubuit.
770 2913 803 2952 2,

95 2955 152 2990 38.
171 2955 224 2990 39.

1512 90 1593 135 493

840 179 981 210 Paullus.
1026 178 1057 214 a)
1086 179 1121 209 L.
1145 180 1292 211 Aemilius
1313 181 1465 220 Paullus,
1499 187 1593 222 pater

886 223 924 253 L.
948 222 1075 254 Aemilii
1100 222 1201 254 Paulli
1218 223 1444 263 Macedonici,
1475 225 1530 267 qui
1552 225 1594 257 ad

887 267 1013 298 Cannas
1030 279 1064 299 re
1076 267 1159 299 male
1173 274 1265 309 gesta
1283 268 1403 301 occidit
1417 280 1489 301 cum
1503 280 1595 301 exer-

888 311 954 342 citu
990 312 1078 355 (¹220.
1104 324 1132 344 a.
1159 313 1261 350 Chul.
1310 313 1345 352 1,
1371 313 1425 347 89.
1454 314 1525 346 110.
1552 333 1596 340 —-

885 355 920 394 b)
957 358 992 388 L.
1024 359 1172 389 Aemilius
1205 360 1336 390 Paullus
1367 360 1595 399 Macedonicus,

885 400 1024 439 Persen,
1059 401 1206 433 ultimum
1230 403 1449 435 Macedonum
1472 415 1593 446 regem,

885 456 993 487 pugna
1015 446 1056 477 ad
1078 446 1224 489 Pydnam
1245 447 1277 479 in
1291 447 1486 480 Macedonia
1501 460 1596 481 com-

885 490 980 522 missa
1008 490 1080 523 165.
1104 503 1131 523 a.
1155 492 1229 523 Chr.
1254 493 1342 532 vicit,
1369 494 1456 525 omni
1480 495 1595 526 Mace-

885 534 1008 566 donum
1037 547 1115 577 gaza
1144 537 1269 579 potitus
1298 544 1347 569 est
1372 538 1477 581 deque
1499 540 1595 571 Perse

882 579 1107 623 triumphavit.
1140 582 1173 620 3,
1195 582 1250 614 53.
1272 582 1324 615 70.
1347 583 1413 624 (ubi
1435 595 1464 615 v.
1482 583 1595 625 Adn.).

883 624 914 661 5,
944 626 1014 658 115.
1051 624 1126 656 Eius
1147 626 1246 657 vitam
1269 626 1442 670 descripsit
1463 628 1595 661 Plutar—

885 669 974 701 chus.

838 715 994 754 Peliynus.
1043 713 1167 757 Peligni
1202 715 1334 747 fuerunt
1368 728 1448 758 gens
1481 717 1595 750 Italica

883 758 916 790 in
939 759 1092 801 Samnio,
1118 771 1256 802 quorum
1281 767 1379 803 caput
1403 761 1467 792 fuit
1488 762 1595 794 Corfi-

882 804 982 835 nium.
1029 801 1069 843 4,
1095 805 1148 836 50.

837 852 1073 889 Peloponnesus,
1090 849 1312 881 meridionalis
1334 850 1491 883 Graeciae
1511 863 1596 894 pen—

882 893 986 925 insula
1012 894 1125 935 (hodie
1151 895 1282 936 Morea).
1331 894 1370 934 3,
1395 896 1449 928 53.

837 942 970 978 Pelops,
1007 938 1089 969 filius
1114 940 1265 978 Tantali,
1307 939 1467 982 Phrygiae
1498 941 1594 983 regis,

882 990 997 1027 postea
1021 995 1121 1026 gener
1137 985 1294 1015 Oenomai
1320 984 1352 1015 in
1377 996 1414 1016 ea
1437 986 1594 1018 Graeciae

882 1034 996 1071 parte,
1028 1039 1110 1071 quae
1134 1040 1171 1060 ex
1197 1040 1236 1060 eo
1264 1029 1508 1072 Peloponnesus
1531 1043 1595 1074 ap-

883 1073 1005 1116 pellata
1041 1080 1111 1112 est,
1150 1080 1244 1116 pater
1278 1075 1390 1112 Atrei,
1427 1075 1592 1119 Thyestis,

885 1118 1068 1161 Chrysippi.
1097 1119 1125 1157 1,
1151 1119 1221 1151 107.
1245 1121 1275 1156 2,
1299 1119 1361 1151 07:
1389 1120 1442 1151 ubi
1463 1133 1493 1152 v.
1508 1121 1593 1153 Adn.

882 1163 921 1200 3,
946 1164 1000 1195 25.
1048 1163 1116 1194 Cfr.
1141 1165 1372 1203 Hippodamia.

836 1209 1003 1242 Perdiccas
1027 1209 1078 1247 IL,
1101 1215 1195 1250 pater
1216 1209 1375 1247 Archelai,
1400 1222 1457 1241 rex
1480 1211 1595 1243 Mace-

884 1252 1016 1284 donum.
1057 1256 1097 1296 (c.
1122 1252 1198 1285 400.
1225 1265 1253 1285 a.
1280 1254 1381 1296 Chr.).
1428 1256 1470 1297 5,
1495 1254 1550 1288 34.

838 1300 1045 1338 Peripatetici,
1069 1297 1220 1340 discipuli
1244 1299 1443 1340 Aristotelis,
1466 1300 1513 1332 ita
1532 1311 1596 1332 vo-

885 1343 968 1381 cati,
993 1343 1066 1385 quia
1091 1342 1288 1375 ambulando
1316 1346 1593 1388 (περιπατοῦντες)

883 1387 916 1418 in
942 1388 1053 1429 Lyceo
1077 1387 1299 1430 disputabant.
1339 1391 1380 1428 2,
1405 1390 1436 1422 9.
1475 1391 1516 1429 3,
1540 1392 1595 1424 22.

884 1431 937 1464 76.
973 1430 1013 1469 4,
1037 1432 1069 1464 6.
1095 1432 1126 1464 9.
1152 1432 1206 1465 35.
1234 1430 1286 1465 43.
1311 1430 1363 1466 47.
1402 1434 1434 1473 5,
1458 1434 1512 1468 32.
1540 1435 1595 1469 75.

883 1476 936 1509 52.
961 1476 1014 1509 55.
1044 1478 1114 1510 120.

838 1525 961 1555 Persae.
1015 1522 1047 1559 l,
1076 1522 1148 1554 105.
1183 1522 1224 1562 5,
1254 1521 1307 1555 99.

837 1570 967 1606 Perses,
1002 1566 1132 1598 ultimus
1156 1578 1212 1598 rex
1238 1567 1479 1607 Macedonum,
1516 1570 1595 1602 Phi-

882 1610 964 1653 lippi
987 1613 1026 1643 II.
1052 1611 1146 1649 filius,
1171 1623 1189 1643 a
1213 1623 1277 1654 quo
1292 1613 1454 1645 Persicum
1477 1615 1596 1647 bellum

885 1655 1024 1695 dicitur,
1061 1656 1150 1699 quod
1184 1664 1233 1688 est
1257 1657 1508 1691 Macedonicum
1539 1672 1595 1693 se—

885 1701 1034 1732 cundum.
1072 1701 1138 1733 Cfr.
1161 1704 1292 1733 Paullus
1315 1705 1539 1738 Macedonicus.
1553 1725 1597 1730 --

884 1744 924 1783 3,
949 1745 1001 1777 53.
1037 1746 1076 1783 5,
1106 1747 1177 1778 115.

839 1793 957 1829 Perses,
980 1789 1001 1821 i.
1023 1802 1053 1833 q.
1077 1791 1184 1822 Persa.
1223 1791 1251 1828 1,
1275 1791 1353 1823 101:
1380 1792 1433 1824 ubi
1455 1805 1484 1826 v.
1508 1795 1594 1828 Adn.

840 1837 1013 1874 Phaedrus,
1031 1846 1148 1867 nomen
1162 1835 1283 1878 dialogi
1298 1836 1467 1869 Platonici.
1496 1841 1522 1878 1,
1541 1840 1593 1873 53.

840 1882 1011 1919 Phald‘ris,
1043 1880 1280 1912 crudelissimus
1305 1882 1594 1924 Agrigentinorum

884 1926 917 1956 in
932 1925 1040 1956 Sicilia
1063 1932 1220 1969 tyrannus
1244 1927 1283 1968 (c.
1309 1938 1337 1957 a.
1360 1929 1434 1960 500.
1447 1940 1476 1959 a.
1493 1929 1595 1972 Chr.),

886 1969 939 2013 qui
955 1977 1084 2012 praeter
1101 1977 1209 2002 cetera
1222 1971 1455 2013 suppliciorum
1471 1973 1596 2005 instru-

885 2022 996 2046 menta
1018 2015 1159 2047 habebat
1180 2022 1308 2047 taurum
1330 2028 1465 2049 aeneum
1485 2019 1596 2050 Perilli

886 2066 955 2092 arte
982 2060 1124 2099 sactum,
1150 2060 1181 2092 in
1207 2072 1270 2104 quo
1295 2061 1407 2092 inclusi
1431 2064 1594 2095 succensis

884 2105 1012 2147 ignibus
1035 2105 1113 2136 tosti
1136 2106 1229 2138 bovis
1260 2106 1416 2148 mugitum
1442 2108 1593 2140 edebant.

884 2152 916 2188 2¹,
943 2150 999 2183 17:
1026 2150 1079 2182 ubi
1101 2163 1130 2182 v.
1152 2151 1236 2182 Adn.
1268 2154 1298 2189 2,
1326 2152 1376 2184 15.
1411 2153 1443 2194 5,
1466 2153 1517 2186 75.
1555 2155 1595 2186 V.

882 2196 980 2227 Beier.
1006 2195 1047 2227 ad
1074 2195 1169 2227 Offic.
1201 2198 1257 2228 ΙΙΙ.
1287 2196 1328 2233 6,
1350 2196 1403 2228 ‘29-
1443 2210 1473 2240 p.
1495 2198 1593 2235 23l.;

885 2238 926 2271 de
960 2240 1027 2271 eius
1058 2247 1152 2272 tauro
1183 2253 1213 2271 v.
1249 2251 1343 2283 quem
1375 2243 1476 2273 Moser
1507 2244 1546 2275 T.
1569 2244 1593 2275 l.

883 2295 916 2326 p.
931 2281 1006 2316 452.
1028 2284 1138 2316 laudat
1160 2287 1341 2317 Creuzerum
1365 2285 1407 2316 ad
1427 2286 1546 2318 Plotin.
1570 2289 1594 2320 Ι.

883 2334 914 2368 4,
942 2329 991 2361 13.
1018 2336 1050 2360 et
1074 2332 1125 2361 Fr.
1150 2331 1230 2361 Iunii
1256 2330 1402 2372 Catalog.
1425 2331 1594 2364 Artificum

883 2385 915 2416 p.
941 2371 1056 2405 145-
1074 2375 1144 2405 150.

838 2418 1056 2458 Pherecrlz‘les,
1096 2418 1249 2451 Phthiota
1286 2420 1416 2462 (Phthia
1437 2421 1499 2454 sita
1525 2429 1594 2454 erat

884 2463 917 2494 in
943 2462 1132 2494 Phthiotide
1157 2464 1379 2503 Thessalica),
1405 2466 1459 2509 qui
1484 2474 1592 2499 ortum

884 2520 902 2539 a
929 2508 1126 2539 Deucalione
1151 2508 1300 2542 ducebat.
1355 2511 1387 2549 l,
1413 2512 1465 2543 21.

838 2554 1036 2593 Pherai-sdes,
1062 2564 1078 2584 e
1096 2555 1190 2596 Syro,
1217 2554 1395 2597 Cycladum
1415 2555 1590 2589 insularum

884 2609 956 2634 una,
983 2597 1149 2637 oriundus,
1174 2607 1369 2642 praeceptor
1388 2601 1536 2633 Thaletis
1559 2609 1593 2634 et

884 2643 1090 2685 Pythagorae
1112 2643 1212 2675 fuisse
1236 2644 1357 2681 fertum
1383 2653 1416 2677 at
1440 2658 1468 2677 v.
1485 2649 1592 2679 Ritteri

887 2687 1004 2718 Gesch.
1017 2687 1047 2721 d.
1062 2688 1325 2731 Pythagoreisch.
1338 2690 1420 2722 Phil.
1433 2702 1464 2733 p.
1482 2692 1590 2734 19sq.;

884 2732 1007 2775 primus
1038 2732 1145 2765 soluta
1182 2734 1332 2766 oratione
1365 2732 1438 2766 usfls
1463 2742 1512 2766 est
1546 2737 1588 2778 (c.

884 2779 958 2809 520.
981 2788 1010 2809 a.
1037 2777 1137 2818 cha).
1182 2779 1219 2818 l,
1243 2779 1296 2812 35.

839 2823 980 2862 Phidias,
1003 2822 1194 2855 clarissimus
1207 2824 1388 2859 statuarius,
1414 2823 1476 2855 fuit
1489 2823 1590 2856 Athe-

883 2867 932 2898 nis
950 2867 1082 2899 Periclis
1102 2876 1209 2901 aetate
1230 2872 1268 2911 (c.
1291 2881 1318 2901 a.
1342 2869 1417 2900 430.
1440 2880 1467 2901 a.
1488 2869 1589 2911 clm).

886 2912 914 2949 l,
934 2911 995 2945 34:
1021 2912 1075 2944 ubi
1095 2925 1126 2945 v.
1152 2914 1235 2945 Adn.
1278 2914 1316 2944 V.
1340 2912 1380 2943 de
1403 2923 1442 2944 eo
1467 2916 1517 2945 Fr.
1539 2916 1590 2946 lu-

883 2959 969 2989 nium
990 2957 1022 2989 in
1044 2958 1145 2991 Catal.
1161 2957 1327 2990 Artificum
1348 2968 1378 2999 p.
1393 2958 1449 2990 151
1464 2977 1503 2982 —
1519 2959 1590 2991 162.
