1832 3137
1567 77 1648 118 417

789 159 1006 202 Videturne
1031 174 1184 202 onmem
1209 162 1269 202 hic
1291 162 1441 204 beatam
1462 165 1580 206 vitam
1603 167 1640 207 in

677 82 837 114 LIBER
862 83 902 115 V.
932 81 989 122 12,
1014 80 1068 115 36.

80 158 193 200 laus?
223 181 278 187 —
303 149 456 210 Certe,
490 158 522 199 si
543 158 725 200 iniustus.

79 245 157 273 una
178 231 322 273 virtute
347 234 519 286 ponere?
577 239 646 274 56.
682 231 784 286 Quid
812 235 934 273 vero?
975 234 1014 274 in
1042 233 1247 289 Epitaphio
1272 250 1345 290 quo
1371 238 1484 278 modo
1515 239 1641 280 idem?

77 303 181 344 Nam
210 304 270 345 cui
294 304 404 355 viro,
446 305 591 359 inquit,
632 319 685 346 ex
713 319 756 346 se
786 305 870 361 ipso
894 314 980 360 apta
1005 314 1096 347 sunt
1122 308 1273 359 omnia,
1316 304 1414 363 quiae
1446 311 1493 351 ad
1528 312 1638 352 beate

75 377 285 418 vivendum
314 378 468 428 ferunt,
513 393 584 419 nec
610 392 802 433 suspensa
826 378 989 419 aliorum
1015 387 1081 420 aut
1102 380 1205 421 bono
1228 395 1321 423 casu
1346 391 1410 423 aut
1441 387 1638 425 contrario

75 450 247 505 pendere
269 464 322 491 ex
349 451 510 492 alterius
540 452 692 492 eventis
720 458 759 492 et
783 464 916 491 errare
940 460 1156 505 coguntur,

583 524 660 564 Hie
687 531 746 564 est
771 524 835 564 ille
853 525 1078 564 moderatus
1094 557 1105 576 ,
1139 526 1200 566 hic
1224 528 1348 578 fortis,
1384 529 1442 569 hic
1464 530 1634 584 sapiens,

1198 454 1285 495 huic
1312 456 1455 510 optime
1479 457 1637 498 vivendi

75 524 174 564 ratio
199 531 421 579 comparata
446 532 521 564 est.

72 596 148 648 hic,
182 605 222 638 et
257 597 506 638 nascentibus
531 604 571 638 et
596 597 822 637 cadentibus
851 611 967 651 quum
994 597 1152 652 reliquis
1180 601 1416 652 commodis,
1452 609 1529 642 tum
1554 618 1635 643 mu-

71 669 178 709 xime
202 669 357 720 liberis,
392 670 542 724 parebit
562 676 600 710 et
618 670 772 710 obediet
796 676 1003 731 praecepto
1024 670 1077 709 illi
1098 671 1248 721 veteri3
1283 687 1408 726 neque
1430 674 1531 714 enim
1554 676 1633 716 lae-

73 742 218 782 tabitur
237 756 406 796 unquam
428 756 500 783 nec
515 745 533 768 ⁵
558 742 746 782 maerebit
765 742 894 792 nimis,
922 743 1022 796 quod
1043 756 1199 798 semper
1219 744 1257 784 in
1279 758 1323 784 se
1341 745 1456 799 ipso⁶
1479 761 1632 789 omnem

790 803 835 812 x...

163 842 184 874 5
208 842 293 875 Edd.
315 842 492 887 pleraeque
513 849 590 875 ante
613 843 719 875 Gebh.
744 853 850 884 neque.
877 843 982 875 Bentl.
1009 844 1093 876 coni.
1120 849 1185 878 aut.
1232 841 1254 876 6
1278 857 1309 877 v.
1336 846 1418 878 Adn.

69 909 112 941 ad
145 909 246 942 Attio.
280 908 321 949 4,
349 911 380 943 5.
416 909 458 949 6,
487 912 517 943 1.
556 911 616 951 10,
641 910 672 943 8.
711 911 772 949 12,
797 910 829 944 6.

68 954 110 986 de
131 954 214 997 Rep.
239 957 266 994 l,
291 955 340 988 13.
378 955 430 986 Cf.
455 958 600 987 Goerenz.
621 954 663 986 ad
677 955 830 987 Academ.

67 1000 109 1030 11.
138 998 198 1037 19,
222 998 276 1032 6⁴3.
289 1024 297 1039 ,
332 1000 386 1031 ubi
417 1006 525 1031 tamen
551 1011 592 1032 αη
617 1004 650 1031 [ιι
682 1000 832 1031 retinen-

66 1043 143 1075 dum
168 1050 228 1075 est.

133 1093 181 1120 An
203 1099 272 1142 eyo
284 1091 416 1143 possim]
445 1089 588 1121 Graece:
621 1089 693 1123 Καὶ
715 1086 829 1132 ἇληὲῆ

66 1144 106 1176 ,re
123 1132 208 1176 ἐρῶ·
235 1145 271 1167 ου
294 1132 357 1176 γὰρ
378 1146 407 1167 οι
399 1137 453 1169 δα
473 1146 530 1167 πα.
533 1131 660 1172 δ;ίας
648 1131 741 1172 ὄπως
762 1134 831 1178 ἔχει

65 1190 124 1211 και
159 1177 385 1221 δικαιοσύνης.
444 1179 678 1211 Coniunctixns
714 1182 830 1219 possim

66 1222 211 1265 ponitur,
237 1223 310 1266 quia
333 1235 372 1254 ex
393 1223 526 1255 alterius
550 1231 660 1255 mente
681 1223 828 1255 interro-

64 1275 170 1310 gatur.
219 1268 266 1299 De
290 1279 333 1300 an
364 1268 396 1300 in
431 1269 647 1309 responsione
671 1275 828 1311 usurpato

66 1313 110 1344 cf.
137 1324 163 1344 c.
180 1312 244 1352 26,
267 1313 329 1346 75:
380 1317 416 1344 A.
442 1313 591 1344 Etiamne
625 1313 658 1344 iu
684 1314 828 1345 cruciatu

63 1365 162 1401 utque
184 1357 383 1389 tormentis?
420 1359 465 1389 M.
486 1361 533 1389 An
554 1366 588 1389 tu
611 1368 662 1388 me
684 1358 716 1389 in
739 1358 828 1389 viola

63 1401 203 1444 putabas
231 1409 286 1433 aut
307 1401 339 1432 in
365 1413 441 1433 rosa
464 1402 598 1434 dicere?
646 1402 719 1433 Fin.
743 1404 769 1434 I.
794 1406 826 1441 ὅ,

61 1451 122 1479 Lib:
159 1446 225 1478 Sed
258 1446 300 1478 ad
333 1446 434 1486 haec,
471 1446 533 1478 nisi
565 1447 741 1478 molestum
765 1454 826 1484 est,

62 1490 169 1523 habeo
193 1503 276 1535 quae
297 1491 405 1523 velim.
442 1494 489 1524 An
511 1504 574 1530 me,
596 1492 740 1535 inquam,
764 1491 826 1523 nisi

63 1542 98 1567 te
118 1536 230 1568 audire
253 1536 393 1575 vellem,
421 1548 533 1568 censes
557 1537 639 1569 haec
664 1536 827 1568 dicturum

62 1580 190 1612 fuisse?
216 1581 272 1613 ubi
294 1594 322 1613 v.
340 1583 576 1625 Madvigiump
580 1581 653 1615 6,1.
692 1582 743 1613 Cf.
765 1593 825 1614 nos

60 1626 94 1657 in
121 1626 178 1657 Gr.
199 1627 238 1657 L.
266 1628 294 1669 ξ.
314 1625 393 1664 159,
419 1626 450 1657 2.

131 1670 309 1714 Videturne]
340 1670 561 1714 Exspectabas
582 1680 703 1711 71011116,
737 1677 771 1702 at
795 1683 826 1703 v.

59 1713 102 1746 ad
126 1714 331 1755 11.11‚‘26.

128 1761 156 1803 §.
178 1759 233 1792 36.
280 1762 312 1792 in
340 1762 522 1802 Epitaphio]
557 1773 613 1793 seu
638 1761 825 1792 Menexeno

61 1803 205 1836 Platonis
240 1804 386 1847 (Periclis
416 1806 450 1837 in
479 1817 556 1844 eOS,
593 1805 647 1849 qui
672 1805 768 1849 primi
793 1805 824 1837 in

58 1849 148 1881 bello
162 1849 441 1891 Peloponnesiaco
465 1851 549 1882 caesi
565 1857 669 1889 erant,
695 1850 824 1883 oratio-

60 1896 143 1926 nem'
170 1894 342 1926 funebrem
376 1895 640 1949 continente)p
679 1895 756 1928 ‘'47-
787 1896 821 1926 E.

61 1939 188 1970 Graeca
210 1939 257 1970 sic
284 1950 318 1969 se
348 1939 488 1971 habent:
525 1937 594 1984 ότῳ
620 1908 694 1982 γὰρ
729 1936 824 1993 οἷνδρὶ

58 1983 106 2021 εἰς
128 1981 244 2017 ἑαυτὸν
267 1979 452 2026 οἷιηρτηται
472 1996 579 2018 awai-ot
601 1983 642 2018 τὰ
663 1996 747 2039 προς
769 1996 823 2017 ευ-

59 2028 229 2081 Saeuojlzzv
260 2039 303 2071 φε
297 2028 402 2073 'pon-gc
426 2049 466 2052 —
492 2029 550 2063 καὶ
558 2028 630 2084 μή
657 2029 690 2062 ἐν
714 2026 824 2067 &Hom

59 2070 229 2125 οἷνὲῐρώποι
233 2084 270 2114 ς,
305 2072 340 2112 ἐξ
364 2073 410 2107 ὠν
433 2087 467 2127 η
490 2074 526 2109 εὖ
551 2070 575 2117 ἦ
601 2075 749 2112 κακῶς
740 2085 823 2115 πρα-

58 2115 182 2157 ξάντων
217 2117 408 2151 mavimam
441 2115 656 2161 ηὀάγκασται
690 2118 748 2152 καὶ
781 2116 824 2151 τοὶ

60 2161 212 2205 ἐκείνου,
252 2161 361 2206 τούτῳ
396 2158 518 2217 ἄριστα
551 2161 825 2217 παρεσκεύασται

58 2206 136 2260 ζῇν,
161 2204 260 2244 οὗτός
285 2199 373 2240 ἐστιν
396 2205 413 2241 ὁ
438 2207 583 2253 σώφρων
605 2207 663 2241 καὶ
684 2219 780 2246 ουτος
803 2220 819 2241 ο

55 2232 208 2293 ἀνδρεῖος
227 2250 286 2284 καὶ
306 2250 483 2294 φρόνιμος·
509 2265 604 2291 ουτος
623 2252 822 2308 γιγνομένωι

58 2295 240 2350 χρημάτων
265 2295 324 2329 καὶ
345 2297 472 2331 uatem,
498 2297 556 2330 καὶ
588 2300 712 2340 διαφὲῐε
716 2296 825 2351 ’.ρομέ-

57 2351 121 2374 νων
142 2339 288 2383 μάλιστα
306 2340 457 2374 mles-rou
475 2343 518 2392 τῇ
541 2342 722 2394 παροιμίᾳ·
748 2338 826 2374 ου’τε

58 2383 122 2427 γὰρ
145 2384 269 2438 χαίρων
292 2380 368 2417 ου’τε
390 2383 593 2426 λυπούμενος
614 2382 697 2428 ἄγαν
717 2397 824 2428 φανη-

60 2440 154 2463 σεται
178 2426 234 2463 διὰ
259 2426 297 2462 τὸ
323 2426 416 2472 αυτῷ
440 2430 580 2462 πεποιὲτέ
565 2442 644 2463 ναι-

126 2484 165 2506 ecc
177 2483 207 2505 se
221 2476 289 2513 ipso
305 2477 382 2513 apta
398 2476 482 2515 sunt]
507 2474 595 2505 cuius
614 2473 713 2505 animi
729 2479 823 2506 tran-

59 2518 204 2562 quillitas
238 2529 303 2550 non
338 2517 462 2559 pendet
495 2530 513 2550 a
547 2519 642 2549 rebus
668 2518 822 2556 externis,

60 2563 119 2595 sed
130 2563 170 2594 ab
182 2562 320 2594 internis
334 2562 564 2605 perpetuisque
577 2563 684 2594 bonis.
709 2562 824 2594 Parad.

58 2608 102 2646 2,
129 2607 186 2641 17:
217 2607 271 2651 qui
296 2614 346 2638 est
369 2614 459 2639 totus
478 2611 576 2647 uptus
600 2618 638 2639 ex
661 2617 734 2640 sese.
781 2606 823 2638 de

59 2651 144 2684 Fato
166 2652 224 2689 15,
217 2619 310 2685 q34:
348 2664 459 2684 caussa
480 2662 518 2684 ex
537 2652 679 2684 aeternis
705 2651 823 2683 caussis

59 2700 146 2736 apta.
196 2677 266 2728 F'in
292 2698 334 2728 Π.
361 2695 421 2735 14,
448 2695 508 2730 47:
545 2701 655 2737 aptum
688 2707 727 2728 επ
759 2696 823 2727 illis

59 2739 185 2772 tribus:
226 2741 280 2772 ubi
313 2753 343 2773 v.
375 2722 514 2774 0110116111
549 2754 580 2784 p.
613 2740 684 2774 127.
731 2740 823 2772 Infra

62 2796 89 2816 c.
112 2784 174 2823 25,
200 2785 261 2818 70:
295 2797 402 2817 rerum
428 2797 560 2818 caussae
584 2785 666 2817 aliae
690 2795 728 2817 ex
752 2784 823 2816 aliis

60 2832 152 2869 apiae
183 2835 217 2860 et
240 2831 437 2862 necessitate
464 2842 577 2862 nexae.
625 2841 652 2861 c.
673 2830 734 2869 21,
758 2828 821 2862 62:

60 2873 242 2915 fulgentem
259 2874 403 2916 gladium
417 2885 433 2907 e
454 2875 599 2907 lacunari
619 2881 689 2906 seta
706 2873 823 2916 equina

59 2922 174 2958 aptum
192 2917 322 2950 demitti
352 2919 454 2951 iussit.
503 2920 580 2952 Sine
604 2929 757 2962 praepos.
781 2919 822 2950 V.

125 2970 172 2999 ed.
192 2975 310 3007 quarta.

870 909 930 950 14,
955 909 1009 943 40.
1057 913 1160 954 Legg.
1186 913 1209 944 I.
1233 911 1296 951 21,
1303 912 1384 946 56:
1413 914 1480 946 vita
1500 915 1630 948 modica

867 961 900 986 et
927 960 1003 996 apta
1023 959 1135 988 virtute
1154 957 1297 999 peifrui,
1334 957 1356 988 i.
1378 970 1407 990 e.
1439 966 1516 1002 apta
1549 972 1566 991 e
1600 973 1630 993 v.

865 1006 983 1041 Apere,
1007 997 1140 1042 ἅπτει),
1166 1008 1215 1032 est
1233 1006 1360 1034 nectere.

933 1055 987 1077 uec
1007 1026 1171 1087 suspensa]
1208 1047 1315 1077 Locus
1339 1047 1487 1089 geminus
1511 1048 1630 1092 legitur

865 1089 907 1121 ad
937 1090 1027 1121 Fam.
1048 1091 1087 1123 V.
1114 1090 1175 1128 13,
1203 1091 1239 1122 1;
1278 1103 1345 1123 non
1377 1092 1508 1124 aliunde
1542 1105 1629 1135 pen—

866 1134 943 1166 dere
977 1146 1039 1166 nec
1070 1135 1272 1166 extlinsecus
1303 1147 1439 1179 suspens
1436 1149 1477 1168 as
1505 1138 1524 1169 h
1529 1139 1628 1171 ibere

863 1179 1009 1211 rationes
1029 1180 1113 1211 bene
1131 1179 1281 1222 maleque
1302 1181 1445 1213 xivendi.
1495 1183 1545 1214 Cf.
1568 1195 1626 1214 su—

864 1236 923 1267 pra
946 1226 1001 1256 111.
1028 1224 1079 1263 17,
1105 1224 1168 1258 37:
1204 1225 1307 1257 virtus
1337 1229 1525 1259 extrinsecus
1554 1232 1626 1261 reli-

861 1273 939 1310 gula
963 1275 1025 1301 etc.

928 1316 1049 1354 parebit
1070 1318 1096 1345 et
1117 1315 1247 1358 obediet]
1273 1317 1374 1348 Moser
1396 1328 1503 1360 comp.
1525 1318 1567 1351 N.
1587 1320 1624 1350 D.

864 1360 888 1390 1.
910 1360 950 1396 ὅ,
980 1358 1038 1390 193
1063 1361 1184 1390 obedire
1206 1366 1239 1390 et
1259 1370 1370 1400 parere
1390 1361 1550 1393 voluntati
1570 1375 1627 1394 ar-

863 1401 1008 1434 chitecti
1056 1403 1137 1434 Phil.
1159 1404 1190 1441 7,
1218 1405 1254 1436 l:
1289 1411 1324 1435 ut
1344 1410 1468 1444 pareret
1491 1414 1524 1437 et
1544 1409 1626 1439 dicto

861 1449 993 1479 azcdz'ens
1022 1452 1097 1479 esset,
1130 1447 1205 1479 huic
1240 1448 1358 1480 ordini.
1403 1451 1502 1482 Tusc.
1528 1452 1569 1483 ΙΙ.
1593 1456 1624 1487 4,

863 1493 922 1525 11:
958 1492 1012 1535 qui
1044 1495 1224 1532 obtemperet
1250 1493 1321 1536 ipse
1343 1493 1403 1525 sibi
1427 1502 1461 1526 et
1484 1496 1626 1527 decretis

861 1536 925 1568 suis
947 1541 1069 1577 pareat.
1118 1548 1151 1579 p.
1175 1538 1286 1570 Plane.
1308 1537 1363 1577 39,
1387 1536 1446 1571 94:
1474 1543 1624 1581 obtempe-

859 1592 924 1614 rem
949 1588 982 1613 et
1003 1591 1147 1622 paream.
1184 1582 1373 1622 0ff.1.29‚
1400 1584 1480 1616 102:
1505 1585 1626 1618 rationi

861 1628 1004 1659 obediant
1028 1633 1061 1658 et
1086 1627 1197 1669 paullo
1223 1634 1319 1669 post.
1360 1628 1481 1661 rationi
1502 1635 1624 1670 parem.

927 1681 1023 1711 neque
1045 1673 1185 1713 enim],
1191 1672 1291 1709 ,Male
1322 1672 1405 1704 haec
1436 1685 1498 1717 pro
1521 1675 1628 1706 versi—

862 1715 941 1747 culis
960 1716 1145 1748 habuerunt
1161 1717 1247 1748 Vict.
1267 1717 1304 1747 L.
1329 1717 1434 1750 Gebh.
1454 1719 1491 1749 D.
1518 1719 1552 1750 in
1574 1720 1625 1751 611.

861 1772 910 1803 pr.
926 1760 1032 1792 Bentl.
1048 1762 1124 1793 Ern.
1139 1762 1195 1792 W.
1211 1761 1286 1792 Sch.
1313 1762 1416 1793 Recte
1437 1774 1509 1794 cum
1528 1763 1624 1795 codd.

861 1804 937 1837 edd.
961 1811 1042 1836 vett.
1069 1811 1103 1836 et
1127 1806 1278 1837 Manutio
1311 1817 1376 1837 11110
1409 1818 1479 1839 611111
1507 1810 1623 1839 ceteris

860 1856 977 1881 tenore
1001 1849 1166 1881 dederunt
1187 1851 1247 1881 Da.
1271 1856 1304 1881 et
1325 1851 1387 1883 Db.
1407 1851 1491 1882 Lall.
1517 1852 1621 1884 Pede-

859 1894 936 1926 stris
963 1901 1012 1925 est
1035 1894 1159 1933 oratio,
1194 1901 1231 1925 ut
1256 1902 1387 1926 constat
1412 1907 1452 1927 ex
1477 1896 1622 1929 Platonis

859 1940 989 1970 Menex.
1014 1936 1138 1982 11248.
1159 1941 1196 1971 Α.
1236 1939 1491 1973 Similitudinem
1512 1948 1621 1974 autem

859 1984 1022 2027 quandam
1056 1995 1128 2015 cum
1162 1983 1262 2025 ligata
1293 1984 1445 2017 oratione
1470 1987 1622 2018 consulto

859 2028 1019 2072 quaesivit
1042 2027 1190 2066 Tullius;
1226 2029 1297 2072 ipse
1330 2036 1442 2061 tamen
1469 2042 1622 2063 numeros

857 2073 994 2111 recidit,
1031 2072 1176 2104 scribens
1204 2083 1258 2105 nec
1280 2080 1313 2105 et
1331 2078 1492 2114 reponet.“
1538 2077 1624 2108 Orel-

858 2121 929 2158 lius,
953 2117 1007 2160 qui
1031 2117 1062 2148 in
1088 2117 1139 2149 ed.
1160 2125 1283 2149 recent.
1304 2118 1386 2150 haec
1407 2130 1535 2162 quoque
1559 2121 1622 2152 ad-

858 2163 926 2194 dit:
977 2163 1019 2194 Es
1053 2163 1176 2193 miisste
1212 2162 1284 2194 hier
1318 2164 1369 2194 ein
1405 2164 1625 2207 gedoppelter

857 2207 965 2240 Zufall
996 2207 1196 2249 obgewaltet
1229 2208 1358 2239 haben:
1405 2209 1437 2250 a)
1463 2209 1537 2240 dass
1571 2210 1623 2241 ein

859 2252 942 2284 alter
966 2252 1123 2283 Lateiner
1144 2252 1288 2283 Platon's
1310 2253 1432 2283 VVorte
1463 2253 1496 2284 in
1519 2255 1623 2285 Verse

858 2297 1044 2333 ijbersetzt3
1078 2296 1112 2337 b)
1135 2296 1209 2326 dass
1232 2296 1296 2327 Cic.
1317 2302 1400 2327 statt
1421 2296 1481 2328 der
1502 2297 1620 2339 eignen

859 2341 1109 2382 Uebersetzung
1132 2340 1221 2371 (liese
1246 2340 1349 2371 iiltere
1372 2341 1513 2382 gewa'hlt
1543 2343 1622 2374 hh't-

859 2392 912 2424 te,
946 2386 1033 2417 ohne
1057 2397 1095 2416 zu
1119 2385 1318 2422 bemerkeu,
1351 2385 1411 2416 wie
1435 2387 1621 2429 unpassend

860 2441 893 2461 es
915 2441 1063 2472 gewesen
1086 2429 1188 2467 wilre,
1214 2429 1245 2460 in
1270 2429 1378 2460 dieser
1400 2429 1475 2462 dem
1498 2432 1621 2473 griech-

860 2474 1031 2506 Prosaiker
1052 2480 1305 2505 entnommenen
1326 2474 1429 2506 Stelle
1452 2475 1512 2508 mit
1533 2478 1620 2509 Ver-

858 2530 914 2550 sen
937 2530 973 2549 zu
997 2517 1115 2550 enden.
1140 2518 1342 2550 Vocabulum
1362 2522 1455 2552 nimis
1474 2531 1541 2552 non
1562 2533 1621 2553 so-

857 2563 924 2594 lum
948 2562 989 2593 ad
1012 2565 1169 2601 maerebit,
1193 2563 1251 2594 sed
1271 2563 1370 2595 etiam
1392 2564 1435 2596 ad
1457 2567 1622 2598 laetabitur

858 2606 1024 2650 pertinet·
1051 2606 1094 2638 cf.
1119 2607 1245 2639 Graeca
1267 2619 1364 2651 supra
1386 2608 1496 2642 allata.

924 2654 957 2683 in
981 2661 1011 2683 se
1035 2653 1102 2690 ipso
1135 2662 1256 2684 omnem
1287 2663 1371 2693 spem
1402 2658 1526 2694 reponet
1555 2656 1618 2695 sui]

858 2696 912 2727 Sic
936 2696 968 2727 b.
1004 2695 1090 2728 Gud.
1115 2697 1156 2728 Π.
1190 2708 1247 2728 sex
1281 2699 1362 2730 Oxx.
1386 2701 1468 2741 Aug.
1507 2699 1618 2730 Duisb.

858 2741 950 2771 Mon.
974 2739 1002 2772 1.
1026 2739 1058 2772 2.
1082 2740 1178 2772 Vind.
1205 2741 1233 2774 1.
1253 2741 1285 2774 2.
1317 2749 1351 2774 et
1375 2743 1518 2784 pleraeq.
1542 2742 1615 2773 edd.

858 2791 959 2822 vett.;
996 2786 1048 2816 Or.
1075 2796 1102 2817 c.
1125 2785 1258 2829 reliquis
1291 2787 1388 2819 codd.
1416 2794 1449 2818 et
1484 2786 1615 2827 optimis

859 2830 897 2861 R.
918 2830 952 2861 P.
975 2829 1060 2861 Gud.
1084 2830 1113 2862 1.
1137 2833 1170 2863 in
1193 2841 1223 2863 se
1247 2834 1355 2872 ipse:
1380 2831 1470 2873 quod
1489 2830 1530 2861 ab
1551 2830 1616 2861 hoc

857 2873 932 2906 loco
953 2873 1095 2906 alienum
1116 2881 1185 2912 est3
1210 2875 1258 2907 vis
1280 2875 1365 2907 enim
1385 2874 1493 2917 posita
1513 2880 1563 2905 est
1583 2873 1616 2906 in

858 2917 1010 2960 obiecto,
1033 2930 1100 2952 non
1121 2920 1153 2952 in
1178 2920 1339 2952 subiecto.
1387 2920 1426 2951 V.
1449 2918 1616 2950 Adnotatu

1238 2970 1290 3004 ‘27
