1832 3137
629 121 959 162 L!BER111.12,
983 120 1035 155 26.

1526 115 1601 159 271

164 204 319 244 Ta'ntalo
342 198 556 255 progndtus
568 232 578 249 ‚
612 205 746 254 Pelope
775 206 892 241 milas
904 233 914 250 ‚
949 206 1017 255 qm'
1043 205 1226 255 quondam
1257 203 1279 242 α’
1307 217 1420 243 socru
1440 206 1452 230 ¹

161 279 343 316 oe'nomao
372 290 464 327 rege
491 278 779 327 Hippodameam
794 277 814 301 2
848 279 972 326 ruptis
1002 278 1210 315 nanetust³
1234 279 1405 328 nuptiis?

47 348 153 391 Iovis
182 349 257 390 iste
286 349 441 403 quidem
469 362 676 403 pronepos.

741 347 893 388 Tamne
925 362 1017 402 ergo
1049 349 1221 390 abiectus
1250 356 1405 405 tamque
1437 352 1611 393 fructus?

214 423 364 470 Nolite,
399 422 549 476 inquit,
582 424 766 474 hospites,
800 424 851 460 ad
878 436 934 460 me
962 422 1095 461 adire!
1125 426 1227 463 z’lle'eo
1257 426 1388 463 istim!

217 499 276 536 Ne
305 499 480 547 contagio
510 510 590 535 mea
622 495 726 534 bom's
756 495 930 533 umbrave
959 496 1076 543 obsit,-

216 593 272 599 -
304 577 407 609 tanta
439 570 492 609 υἷε
521 571 675 608 sceleris
705 568 742 607 z'n
773 582 929 619 corpore
957 570 1102 607 lateret<

51 643 116 684 Tu
134 650 188 694 te,
214 642 408 698 Thyesta,
431 641 630 683 damnabis
653 640 887 694 orbabisque
907 640 994 681 luce
1016 648 1174 695 propter
1194 643 1271 683 vim
1291 646 1452 687 sceleris
1469 648 1613 690 alieni?

51 714 180 770 Quid?
210 716 316 757 illum
347 715 464 756 filium
490 713 596 756 Solis
627 727 756 754 nonne
787 714 909 768 patris
938 713 1060 769 ipsius
1090 714 1178 756 luce
1208 716 1405 771 indignum
1437 723 1576 775 putas?

189 788 377 843 Reffigere
406 790 528 836 oculi,
563 790 698 841 eorpus
728 790 845 827 macie
873 789 1059 836 eoetcibm't,

191 865 394 902 Laere'mcie
416 864 598 914 peredere
628 860 785 900 leclmore
813 863 1025 912 eoesangue's
1053 876 1197 913 genas,-

189 934 278 976 Se‘ch
306 938 483 975 uz'zloriff
518 936 638 974 bclrba
662 937 828 986 paedore
857 937 1012 973 horrida
1041 943 1153 988 atque

194 1012 348 1049 Intonsa
379 1010 547 1062 infuscat
567 1012 701 1060 peetus
731 1008 858 1048 illuvie
886 1009 1074 1047 scabrum.

140 1117 221 1149 ΧΠ.

53 1175 80 1196 c.
96 1162 182 1204 vulg.
230 1160 252 1194 3
277 1161 331 1193 Sic
343 1161 406 1199 R.;

51 1208 92 1244 5,
120 1207 171 1239 12.
197 1218 228 1249 p.
254 1205 337 1243 1033
366 1208 420 1238 Or.
447 1218 473 1237 c.
499 1205 586 1247 vulg.
612 1209 743 1236 nactust.

271 1115 287 1147 1
313 1128 344 1147 ν.
373 1115 455 1147 Adn.
501 1113 523 1147 2
548 1114 601 1146 Sic
620 1115 660 1146 D.
688 1121 720 1146 et
744 1114 842 1146 codd.
862 1115 902 1146 R.
920 1115 954 1148 P.
981 1115 1113 1148 Gud.1.
1140 1116 1264 1155 Rehd.;
1289 1120 1537 1159 Hippodamiam
1560 1122 1614 1154 Or.

433 1160 550 1192 eodem
571 1160 661 1191 ducit
682 1159 826 1196 Gud.1.,
853 1160 907 1203 qui
929 1160 1030 1192 habet
1050 1166 1202 1202 71anclus;
1227 1175 1257 1194 v.
1281 1165 1387 1195 Halm.
1411 1165 1453 1196 ad
1474 1165 1614 1200 Sestian.

801 1203 823 1237 4
847 1205 886 1237 P..
911 1206 944 1237 P.
966 1205 1051 1237 Gud.
1080 1206 1108 1238 l.
1136 1208 1174 1238 Η.
1198 1207 1227 1238 b.
1254 1212 1333 1250 Aug.
1359 1209 1464 1241 Marb.
1495 1210 1614 1254 aliique

50 1255 111 1284 situ
131 1254 258 1291 nitoris,·
294 1250 368 1282 cod.
394 1252 468 1282 Urs.
489 1257 522 1282 et
545 1249 641 1282 codd.
672 1249 819 1281 Turnebi
845 1249 941 1292 (Adv.
965 1247 1028 1288 26,
1054 1247 1101 1291 6.)
1139 1253 1207 1283 Situ
1230 1254 1376 1285 liventes:
1409 1254 1499 1297 quod
1522 1267 1616 1288 rece—

52 1297 101 1340 pit
125 1299 179 1328 Or.
194 1321 201 1334 ‚
238 1295 362 1327 addens
386 1302 497 1327 tamen
520 1294 626 1326 videri
647 1293 709 1325 sibi
731 1293 935 1337 ingeniosam
959 1295 1034 1326 Itali
1057 1295 1157 1327 seculi
1180 1297 1255 1330 XV.
1281 1299 1540 1339 correctionem5
1576 1302 1617 1334 D.

54 1341 138 1373 coni.
163 1343 270 1373 Silu’s!
293 1343 324 1373 in
346 1350 407 1372 ore.
455 1341 494 1373 V.
518 1339 603 1371 Adn.

51 1408 235 1450 Thyestes,
260 1406 345 1439 filius
366 1406 520 1449 Pelopis,
546 1418 650 1450 nepos
671 1405 814 1444 Tantali,

52 1463 219 1496 pronepos
249 1451 347 1483 Iovis.
394 1454 532 1484 Neidius.
591 1453 674 1482 Sunt
707 1458 818 1483 autem

52 1509 164 1529 versus
177 1496 335 1528 trochaici
348 1497 527 1539 septenarii
541 1508 580 1528 ex
594 1496 688 1528 Ennii
699 1496 815 1539 Thye-

53 1548 104 1574 ste
128 1541 269 1585 sumpti,
307 1553 388 1584 quos
423 1542 545 1584 primus
570 1544 724 1574 Bentleius
753 1553 818 1572 nu—

54 1587 150 1619 meris
187 1586 252 1619 suis
284 1586 452 1625 reddidit,
492 1598 582 1619 socru
616 1586 817 1618 substituens

55 1632 190 1674 vulgato
225 1642 348 1671 socero,
388 1631 478 1675 quod
513 1639 562 1663 est
597 1631 630 1663 in
667 1631 817 1664 omnibus

56 1677 156 1709 codd.
203 1677 312 1718 Vulgo
335 1676 525 1719 legebatur:
563 1688 582 1708 a
607 1687 709 1709 socero
733 1679 768 1710 O.
791 1686 817 1708 r.

54 1724 92 1754 H.
114 1726 208 1762 raptu
228 1726 338 1754 nactus
357 1726 399 1754 esc
419 1724 548 1762 nuptiis,
572 1728 605 1753 et
624 1733 742 1764 prosae
761 1733 819 1753 or—

55 1766 133 1814 diqe
170 1766 280 1798 onmia
309 1778 408 1810 usque
440 1766 482 1798 ad
515 1769 632 1807 nuptiis
665 1778 820 1809 expressa

56 1818 161 1843 erant.
208 1813 258 1843 De
280 1822 370 1844 socru
399 1818 512 1843 monet
537 1812 663 1843 Nonius
688 1824 721 1855 p.
741 1811 817 1844 ⁴223.

56 1858 158 1889 Merc.
188 1856 272 1888 hoc:
309 1859 424 1889 Socrus
454 1861 481 1888 ec
512 1859 685 1889 masculino
714 1866 821 1897 yenere

55 1906 167 1934 veteres
194 1903 257 1934 dici
288 1911 376 1942 posse
406 1904 577 1934 voluerunt.
625 1901 679 1933 Sic
706 1901 822 1933 Accius

56 1959 109 1990 ap.
137 1946 291 1979 Priscian.
325 1958 356 1989 p.
378 1946 454 1979 695.
486 1946 538 1977 ed.
563 1947 692 1978 Putsch.
721 1948 773 1989 ΚΤ.
794 1948 818 1977 Ι.

57 2004 90 2035 p.
107 1993 183 2025 218.
206 1991 281 2031 ΚΓ.)
316 2001 335 2022 α
355 2001 443 2023 socru
471 2001 537 2023 suo.
586 1991 728 2022 Naevius
758 2002 819 2022 au—

57 2045 124 2068 tem
149 2048 202 2078 ap.
226 2035 368 2067 Nonium
391 2047 422 2078 p.
439 2036 514 2068 225.
537 2038 617 2067 socri
640 2040 699 2068 luo.
748 2037 820 2067 Da-

57 2081 143 2112 tivus
163 2090 249 2112 socro
273 2079 411 2122 legitur,
449 2080 492 2111 uti
516 2082 657 2112 Klotzius
678 2081 710 2112 in
735 2080 820 2113 Add.

57 2137 91 2169 p.
112 2126 182 2158 132.
206 2125 371 2162 observat,
397 2136 450 2167 ap.
471 2127 631 2157 Murator.
653 2125 819 2168 lnscriptt.

59 2171 134 2203 532.
185 2170 236 2201 cf.
262 2172 409 2202 Orellium
433 2169 474 2201 ad
499 2170 530 2201 h.
558 2170 578 2201 l.
611 2177 644 2202 et
666 2173 820 2210 Hortum.

59 2215 141 2246 iiber
162 2215 195 2249 d.
216 2215 323 2246 Kasus
337 2239 346 2253 ‚
380 2214 450 2246 ihre
481 2214 584 2257 Bildg.
605 2227 641 2251 μ.
668 2215 763 2258 Bdtg.
787 2215 821 2246 in

60 2259 92 2291 d.
117 2260 174 2291 Gr.
198 2271 228 2291 u.
250 2260 324 2290 Lat.
348 2261 420 2302 Spr.
447 2272 480 2301 p.
501 2260 573 2292 135.

125 2307 178 2345 qui
199 2304 371 2347 quondam]
395 2304 526 2336 Scilicet
539 2307 661 2345 Pelops,
683 2316 749 2336 non
766 2307 824 2337 Pe-

61 2351 138 2388 lopis
159 2351 252 2389 filius.
277 2350 316 2379 V.
339 2349 440 2380 Indic.
464 2349 540 2380 hist.
556 2362 583 2381 v.
599 2352 825 2390 Hippodamia.

63 2393 191 2426 Pindar.
213 2393 344 2435 Olymp.
368 2394 399 2429 Ι,
426 2394 479 2426 70.
506 2394 558 2425 ed.
582 2395 724 2427 Boeckh.

128 2440 209 2470 lovis
234 2440 288 2469 isle
320 2439 446 2477 quidem
478 2438 558 2480 etc.]
598 2439 693 2470 Licet
725 2438 827 2470 fuerit

65 2481 151 2514 lovis
177 2493 364 2524 pronepos,
389 2488 499 2513 tamen
523 2489 591 2513 tam
616 2483 773 2514 abiectus.

130 2526 243 2569 Nolite]
278 2529 362 2558 Sunt
387 2538 497 2557 versus
523 2527 689 2558 bacchiuci
719 2534 825 2559 tetra-

65 2571 171 2605 metri.
219 2572 258 2603 V.
291 2571 543 2603 eruditissimam
576 2571 827 2603 adnotationem

65 2619 191 2650 Bentleii
211 2615 253 2648 ad
276 2616 309 2647 h.
325 2616 346 2647 l.
369 2616 402 2647 in
425 2616 614 2648 Emendatt.
635 2616 676 2647 ad
691 2617 823 2649 Tuscul.

68 2661 120 2694 Cf.
143 2660 185 2692 de
199 2663 289 2693 Orat.
311 2662 367 2693 Ill.
383 2663 436 2699 ⁴1,
459 2659 531 2694 164.
562 2663 598 2693 In
624 2661 729 2692 ultimi
750 2673 827 2693 ver-

66 2717 118 2737 sus
138 2705 232 2737 initio
253 2705 377 2749 aliquid
397 2706 528 2738 excidit.
575 2708 728 2738 Bentleius
746 2718 827 2749 sup-

67 2750 156 2792 plet:
191 2753 258 2782 Meo
280 2757 374 2782 tanta
406 2758 469 2783 etc.
519 2753 553 2782 In
591 2751 696 2793 primo
722 2762 827 2789 versu,

69 2794 103 2825 in
127 2804 191 2836 quo
215 2795 406 2827 continuata
430 2796 514 2827 serie
547 2798 590 2827 ad
614 2806 660 2827 me
681 2798 769 2827 adire
791 2798 829 2827 il-

70 2840 127 2870 lico
149 2840 217 2871 islic
235 2839 415 2882 legebatur,
444 2843 570 2881 Wolfius
594 2853 630 2872 ea
653 2841 752 2872 verba
775 2852 831 2872 re-

51 2889 124 2923 ⁸cte
154 2883 355 2916 exclumandi
386 2885 480 2927 signo
513 2886 678 2928 separavit
714 2892 747 2916 et
770 2896 831 2927 pro

72 2929 158 2966 istic,
188 2934 321 2961 auctore
344 2932 526 2971 Bouhierio‚
559 2941 692 2962 suasore
715 2932 832 2962 Murem

70 2972 103 3003 in
125 2972 217 3005 Varr.
241 2973 349 3005 Lecxt.
376 2975 434 3013 12,
464 2976 533 3014 11.,
571 2975 701 3017 scripsit
737 2977 832 3014 istim,

851 1407 884 1439 h.
907 1418 934 1440 e.
970 1407 1087 1446 istinc,
1123 1414 1158 1439 ut
1183 1410 1347 1442 sententia
1371 1411 1431 1443 sit:
1468 1416 1540 1446 ilico
1563 1424 1618 1446 vos

851 1455 941 1484 istinc
962 1455 1120 1493 proripile.
1154 1455 1202 1485 Ut
1224 1457 1306 1487 istim
1329 1456 1463 1499 antique
1485 1458 1616 1499 dicitur,

852 1497 898 1529 ita
920 1499 998 1529 illim
1022 1509 1081 1540 pro
1104 1500 1198 1531 illinc.
1246 1500 1298 1531 Cf.
1320 1503 1496 1534 Forcellim'i
1517 1504 1617 1536 Thes.

852 1542 961 1574 Latin.
997 1554 1027 1574 v.
1060 1545 1159 1584 illim,
1197 1546 1350 1586 Hartuny.
1374 1546 1396 1578 l.
1418 1547 1451 1578 d.
1487 1559 1519 1590 p.
1540 1549 1617 1582 228.

855 1589 1043 1628 Wesenbery.
1078 1589 1147 1621 Em.
1182 1589 1247 1621 Cic.
1284 1591 1380 1633 epist.
1422 1603 1457 1635 p.
1485 1591 1547 1626 1¹24
1568 1605 1619 1637 sq.

851 1634 1044 1665 Lachmann.
1067 1633 1109 1664 ad
1133 1634 1264 1666 Lucret.
1288 1635 1329 1675 3,
1354 1636 1453 1678 880,
1480 1638 1534 1681 qui
1559 1638 1619 1671 hos

853 1689 965 1708 versus
997 1678 1044 1709 sic
1075 1679 1326 1711 constituendos
1358 1688 1473 1724 putat:
1510 1686 1619 1724 Nolite,

854 1724 904 1762 h.,
929 1724 972 1753 ad
994 1733 1042 1754 me
1064 1726 1162 1755 adire.
1209 1727 1278 1756 ilico
1300 1727 1417 1766 istic,
1437 1727 1444 1771 Ι
1465 1730 1508 1760 Ne
1528 1739 1554 1760 c.
1577 1739 1618 1760 m.

855 1770 883 1798 b.
903 1778 935 1799 u.
954 1769 1041 1807 obsit,
1063 1769 1067 1810 Ι
1090 1771 1235 1801 διειίε.
1259 1773 1280 1801 t.
1298 1780 1329 1803 υ.
1347 1781 1371 1802 s.
1392 1774 1410 1802 i.
1432 1783 1457 1804 c.
1478 1774 1508 1805 h.
1543 1776 1620 1806 Ern.

856 1812 940 1844 coni.
963 1814 1072 1845 istinc:
1104 1814 1190 1855 quod
1216 1820 1264 1845 est
1294 1814 1327 1846 in
1350 1816 1435 1847 Gud.
1457 1819 1498 1848 ll.
1546 1820 1621 1849 Klo-

856 1859 954 1896 hius,
988 1857 1041 1899 qui
1066 1858 1200 1890 retinuit
1219 1859 1328 1901 vulg.,
1362 1860 1463 1893 vertit
1486 1864 1547 1902 auf
1565 1864 1621 1894 der

857 1904 947 1933 Stelle
969 1903 1083 1944 (bleibc)
1108 1905 1188 1943 dort,
1212 1910 1246 1935 et
1265 1907 1332 1936 istic
1354 1913 1523 1949 comparat
1547 1918 1621 1939 cum

858 1947 915 1977 Gr.
941 1943 1042 1980 αὐτοῦ
1078 1949 1166 1989 (Eur.
1191 1948 1249 1980 Ph.
1270 1948 1353 1982 900:
1390 1949 1527 1995 ἐπίσχες
1561 1948 1622 1985 αὖ·

854 1991 939 2029 τοῦ).
987 1991 1078 2023 Idem
1103 1993 1202 2024 verba
1226 1997 1314 2026 tanta
1334 2014 1376 2019 —
1395 1997 1499 2028 haeret
1523 1997 1622 2029 Cice-

855 2036 945 2068 ronis
966 2037 1108 2068 orationi
1129 2037 1288 2076 adiunxit,
1314 2039 1403 2082 quod
1423 2053 1521 2073 nemo
1540 2053 1622 2083 pro-

855 2080 948 2112 babit
969 2088 1002 2112 et
1020 2081 1090 2124 ipse
1109 2082 1142 2113 in
1164 2083 1269 2125 praef.
1294 2095 1326 2126 p.
1345 2085 1408 2116 XI.
1433 2086 1622 2129 improbare

856 2125 995 2158 videtur.
1593 2151 1600 2155 =

921 2175 1047 2211 propter
1068 2175 1132 2204 vim
1155 2175 1276 2205 sceleris
1299 2174 1407 2218 alieni]
1439 2177 1490 2207 Sc.
1514 2176 1619 2217 Atrei,

859 2216 996 2257 fratris,
1032 2216 1086 2259 qui
1111 2217 1281 2260 Thyestae
1312 2219 1434 2251 liberos
1459 2228 1621 2252 mactatos

858 2261 886 2293 ei
912 2261 1134 2293 comedendos
1159 2269 1370 2304 apposuerat.

925 2309 1013 2338 illum
1035 2309 1136 2347 filium
1158 2310 1253 2348 Solis]
1278 2309 1315 2339 V.
1339 2308 1442 2340 Indic.
1459 2321 1489 2340 v.
1511 2312 1625 2342 Aeetes.

928 2353 1090 2393 Refugerej
1116 2354 1197 2382 Sunt
1216 2364 1325 2383 versus
1341 2353 1459 2384 senarii
1480 2353 1623 2387 iambici.

860 2398 897 2428 In
923 2396 1022 2427 tertio
1049 2407 1143 2426 versu
1167 2396 1281 2427 ultima
1313 2397 1438 2440 syllaba
1462 2409 1521 2438 que
1552 2406 1622 2431 tra-

859 2441 969 2472 henda
995 2447 1044 2471 est
1071 2440 1317 2482 pronuntiando
1341 2442 1383 2473 ad
1407 2454 1538 2475 versum
1568 2456 1624 2476 se-

862 2492 1036 2529 quentem:
1071 2484 1111 2515 de
1142 2496 1204 2526 qua
1237 2485 1377 2518 duorum
1409 2499 1559 2520 versuum
1590 2490 1622 2521 in

862 2541 960 2561 unum
983 2529 1286 2570 coniungendorum
1302 2538 1372 2563 tute
1389 2544 1492 2575 nuper
1508 2533 1625 2578 (lispu-

860 2574 944 2606 tavit
969 2576 1098 2605 Carolus
1120 2575 1342 2608 Lachmannus
1361 2576 1404 2608 ad
1425 2578 1557 2610 Lucret.
1585 2581 1624 2619 ll,

865 2619 937 2651 1123.
964 2620 1085 2660 p.z·5l.‚
1120 2619 1172 2660 qui
1198 2619 1285 2651 idem
1307 2621 1338 2652 h.
1362 2621 1383 2652 l.
1409 2633 1470 2664 pro
1493 2626 1554 2655 situ
1577 2628 1625 2656 ηἰ-

863 2665 948 2694 doris
979 2662 1154 2704 legendum
1181 2665 1313 2697 coniicit
1335 2669 1428 2698 situm
1450 2670 1528 2700 inter
1552 2671 1624 2701 oris.

863 2709 1012 2747 Refugere
1041 2710 1121 2739 oculi
1150 2707 1181 2740 h.
1205 2720 1232 2742 e.
1269 2711 1438 2743 oculorum
1469 2712 1626 2755 splendor

864 2752 954 2794 quasi
975 2764 1010 2783 se
1033 2753 1167 2795 recepit,
1193 2754 1277 2786 oculi
1299 2755 1491 2788 hebescunt.
1540 2760 1625 2789 Men-

866 2799 935 2828 hius
968 2796 1000 2828 in
1034 2797 1190 2830 Observv.
1227 2798 1316 2831 ined.
1349 2812 1457 2843 comp.
1491 2801 1625 2833 Lueiaui

866 2841 998 2873 Timon.
1022 2853 1048 2873 c.
1069 2843 1116 2876 17.
1143 2839 1342 2886 σ’φζῒαλμοῦς
1366 2844 1625 2884 ὑποδεδυκότας.

867 2886 1030 2918 Plutarch.
1052 2890 1173 2920 Anton.
1201 2901 1227 2920 c.
1243 2891 1297 2922 ὃὸ.
1342 2891 1415 2921 Eur.
1440 2890 1529 2921 Med.
1548 2889 1625 2923 6ὅ9.

934 2933 1003 2963 situ
1025 2932 1158 2975 nidoris]
1184 2934 1225 2964 H.
1239 2945 1266 2966 e.
1289 2941 1426 2977 propter
1449 2934 1546 2966 situm
1571 2934 1625 2966 ni-

866 2975 954 3008 doris
978 2976 1079 3009 barba
1102 2977 1256 3010 infuscat.
1306 2981 1407 3012 Situm
1428 2980 1547 3012 nidoris
1567 2991 1623 3012 ac-
