1863 3221
241 103 298 145 88

245 193 284 233 in
303 203 491 232 summam
512 184 845 240 exspectationem
865 184 1075 225 adduxeris
1088 216 1099 235 ,
1133 186 1320 226 deseres?
1333 189 1353 214 4

827 107 1044 138 L113ER1.
1073 105 1211 147 17‚40.

1415 186 1561 228 Errare
1580 189 1801 232 mehercule

245 265 349 305 malo
381 277 465 302 cum
487 259 676 309 Platone,
719 271 832 312 quem
856 265 898 298 tu
927 258 1057 312 quanti
1088 258 1208 298 facias
1235 258 1317 299 scio
1347 267 1383 300 et
1415 276 1526 314 quem
1562 276 1616 302 ex
1644 270 1710 303 tuo
1735 278 1803 304 ore

1174 337 1240 372 40.
1277 332 1339 372 M.
1371 331 1504 374 Macte
1530 335 1696 376 virtute!
1733 350 1804 390 ego

248 408 348 448 enim
370 407 452 461 ipse
475 420 559 445 cnm
584 405 719 445 eodem
740 404 824 458 ipso
838 407 857 431 ⁵
882 419 958 444 non
979 404 1123 446 invitus
1143 405 1373 445 erraverim.

247 337 440 384 admiror,
475 346 584 386 quam
609 345 695 372 cum
719 331 805 371 istis
827 344 923 371 vera
946 332 1108 371 sentire.

1435 406 1540 447 Num
1559 407 1678 461 igitur
1698 409 1805 448 dubi-

246 488 396 530 tamus,
430 493 503 530 an,
537 478 638 518 sicut
657 477 900 532 pleraque?⁶
924 492 1139 532 quanquam
1164 479 1235 518 hoc
1256 479 1408 532 quidem
1433 480 1613 531 minime,
1646 494 1806 536 persna-

247 554 337 594 dent
377 553 477 593 enim
510 550 794 600 mathematici,
839 558 983 591 terram
1015 552 1054 591 in
1086 551 1213 591 medio
1248 553 1390 592 mundo
1422 553 1532 593 sitam
1560 554 1607 593 ad
1632 554 1808 594 universi

247 626 345 667 caeli
369 625 615 680 complexum
641 624 749 678 quasi
779 624 908 678 puncti
941 624 1066 665 instar
1090 624 1291 676 obtinere,
1337 626 1436 679 quod
1466 625 1628 678 κέντρον
1652 627 1707 667 illi
1737 642 1807 667 vo-

248 706 360 752 cant3
395 712 480 739 eam
505 711 622 752 porro
646 704 823 738 naturam
845 711 933 738 esse
960 705 1143 751 quattuor
1166 699 1295 739 omnia
1318 698 1559 753 gignentium
1582 714 1804 755 corporum,

339 816 360 848 5
384 817 450 848 Pro
480 818 585 848 eodem
605 819 672 856 ipso
695 816 895 847 Matthiaens
929 816 971 847 ad
1001 816 1114 849 Manil.
1142 813 1202 855 16,
1227 814 1283 848 46.
1316 816 1524 848 scn'bendum
1559 824 1670 849 censet
1702 820 1806 850 eodem

247 864 350 902 illo,
373 868 406 893 et
419 861 637 903 Wesenberg.
661 862 730 892 Em.
755 862 780 892 Ι.
805 873 836 904 p.
851 862 879 892 1.
903 863 1008 893 eodem
1030 864 1134 893 isto.-
1159 861 1248 904 quod
1271 861 1537 904 praeferendum.

1586 863 1635 894 Ob
1655 863 1806 897 anteced.

247 910 312 948 ipse
335 906 433 938 facile
456 909 511 937 isto
536 905 567 937 in
593 909 658 946 ipso
680 906 798 938 mutari
820 906 939 948 potuit.
986 903 1006 937 6
1026 919 1057 938 v.
1078 906 1164 938 Adu.

249 996 312 1027 qua
343 983 484 1016 formula
512 996 542 1015 v.
565 984 606 1015 ad
627 985 668 1016 V.
695 984 756 1022 12,
780 984 834 1017 35.
887 984 1009 1016 Conie—

249 1036 341 1061 ctura
361 1029 502 1071 elegans,
529 1040 590 1060 nec
612 1034 721 1059 tamen
745 1030 936 1061 necessaria.
970 1031 1010 1061 V.

249 1073 291 1104 de
312 1074 377 1104 hoc
400 1073 486 1115 apud
511 1073 655 1104 Tullium
680 1074 946 1116 frequentissimo
969 1085 1010 1106 an

248 1117 429 1160 particulae
454 1129 510 1148 usu
536 1129 595 1149 nos
620 1117 653 1148 in
679 1118 736 1149 Gr.
759 1119 797 1149 L.
823 1118 850 1160 6
871 1120 951 1156 159,
977 1122 1008 1150 ⁴.)-

247 1163 373 1194 Nostro
394 1162 469 1193 loco
492 1162 638 1203 geminus
660 1162 780 1204 legitur
802 1163 833 1193 in
856 1163 1011 1194 Academ.

247 1208 290 1239 ΙΙ.
315 1206 365 1244 19,
391 1206 453 1239 6“.’;
482 1210 527 1238 An
551 1211 604 1247 tu,
628 1218 723 1247 quum
748 1219 799 1238 res
826 1208 1011 1239 occultissi—

247 1263 316 1283 mas
336 1255 496 1292 aperueris
516 1251 548 1282 in
571 1251 742 1294 lucemque
760 1255 925 1292 protuleris
1002 1264 1012 1293 ‚·

247 1299 375 1337 ueyabis
397 1308 467 1327 esse
492 1308 559 1327 rem
584 1296 703 1335 ullam,
740 1308 822 1339 quae
844 1298 1009 1339 cognosci,

249 1341 494 1384 comprehendi,
518 1341 643 1383 percipi
665 1341 797 1383 possit'?
825 1342 891 1383 (ubi
912 1343 1010 1373 etiam

249 1389 433 1418 Goerenzius
468 1398 485 1417 e
508 1386 590 1417 coni.
615 1386 708 1417 dedit
729 1389 799 1417 Ain'
819 1391 851 1417 tu
863 1387 891 1422 'Ji
942 1388 1007 1418 Fu-

247 1437 356 1462 turum
377 1437 527 1461 exactum
547 1431 732 1462 necessario
753 1431 890 1473 requirit
916 1432 1008 1463 futu-

248 1487 318 1507 rum
342 1477 479 1514 deseres,
516 1475 605 1517 qnod
629 1487 655 1507 c.
680 1478 798 1507 Mosero
829 1477 938 1518 recepi
971 1489 1009 1508 ex

248 1531 314 1552 uno
330 1522 388 1550 Ox.
409 1520 520 1550 Guels.
536 1519 631 1550 Vind.
654 1522 720 1551 1.2.
747 1520 853 1552 Rehd.
879 1521 964 1552 Gud.
978 1524 1009 1552 ζ).

248 1572 283 1596 et
303 1565 402 1596 duob.
428 1564 522 1596 codd.
547 1564 722 1595 Goerenzii
745 1564 786 1595 ad
806 1565 906 1596 Acad.
930 1566 952 1597 l.
977 1566 1009 1598 d.

248 1621 281 1652 p.
301 1610 372 1642 117.
398 1621 457 1651 pro
483 1609 567 1650 vulg.
594 1611 716 1640 deseris.

313 1664 403 1694 quem
427 1658 459 1685 tu
482 1657 592 1693 quanti
612 1656 714 1693 facias
732 1655 808 1696 scio]
846 1656 937 1687 Haec
961 1663 1011 1687 est

247 1699 392 1731 solennis
416 1698 519 1739 verbi,
545 1710 562 1729 a
589 1710 652 1741 quo
678 1699 801 1740 pendet
827 1701 1009 1733 enuntiatio

247 1743 403 1781 relativa,
439 1743 635 1780 collocati03
670 1755 744 1775 raro
769 1744 905 1786 ponitur
925 1746 1011 1777 inter

247 1789 313 1820 duo
335 1787 490 1820 relativa:
525 1798 614 1827 quem
633 1791 695 1820 scio
717 1792 826 1828 quanti
846 1794 877 1821 tu
897 1792 1008 1829 facias.

246 1834 354 1865 Docte
369 1833 410 1863 de
423 1832 485 1864 hac
504 1844 538 1864 re
552 1833 702 1875 exposuit
713 1835 793 1865 Rud.
809 1836 1011 1876 Sturenbury.

246 1889 307 1921 pro
328 1878 423 1909 Arch.
449 1889 482 1920 p.
502 1878 540 1909 18
553 1889 624 1920 sqq.

313 1933 382 1955 cum
396 1922 477 1965 istis]
502 1923 542 1955 H.
557 1934 585 1953 e.
610 1922 679 1954 aliis
699 1922 916 1966 philosophis,
942 1925 1007 1967 qui,

246 1980 264 2000 a
285 1967 429 1999 Platonis
451 1967 614 1998 sententia
634 1967 851 2007 discedentes,
877 1969 1009 2002 animo——

245 2024 317 2045 rum
340 2012 624 2043 immortalitatem
649 2019 781 2054 negant.

315 2060 342 2100 35.
363 2057 416 2088 40.
465 2059 564 2087 Macte
585 2059 710 2098 virtute]
746 2058 839 2088 Hanc
859 2057 1004 2090 locutio-

246 2112 320 2132 nem
356 2100 440 2131 beue
478 2103 609 2132 Orellius
641 2101 822 2132 ducendam
859 2110 953 2144 putat
988 2116 1006 2135 a

247 2145 387 2177 formula
410 2145 443 2176 in
465 2145 564 2176 sacris
584 2145 732 2177 solenni:
755 2148 871 2186 Iupiter
894 2149 929 2179 O.
950 2150 1006 2188 M„

247 2195 345 2222 macte
380 2191 438 2221 hac
472 2191 570 2221 hostia
609 2194 693 2229 esto,
738 2202 816 2232 ergo
852 2192 1004 2234 proprie:

244 2237 322 2275 „Sei
351 2236 505 2275 yemehrt,
539 2236 677 2274 beylockt
706 2237 804 2266 durch
834 2238 920 2267 deine
947 2239 1006 2268 Tu-

243 2281 371 2319 qend!“
400 2280 451 2310 Cf.
474 2290 533 2309 nos
554 2279 586 2310 in
610 2281 644 2310 L.
663 2279 721 2310 Gr.
747 2282 774 2319 6.
793 2281 860 2312 115.
884 2281 962 2312 Not.
975 2283 1005 2312 ζ».

311 2335 373 2356 non
385 2327 500 2355 invitus
511 2326 693 2365 erraverim]
718 2324 889 2355 Platonem
910 2337 1004 2367 quam

243 2368 457 2400 vehementer
469 2368 645 2400 admiratus
657 2368 699 2400 sit
715 2369 839 2407 Cicero,
864 2381 901 2400 ex
918 2371 1004 2401 mul—

244 2413 286 2443 tis
320 2414 386 2444 eius
422 2413 578 2444 librorum
611 2413 691 2445 locis
725 2421 881 2456 apparet:
923 2427 1004 2458 qnos

245 2468 358 2488 ornnes
383 2458 572 2500 collegimus
592 2459 623 2490 in
645 2458 665 2490 l.
686 2458 716 2489 d.
738 2461 775 2491 de
795 2462 856 2491 Cic.
876 2463 907 2492 in
927 2463 1002 2500 phil.

242 2511 317 2532 mer.
343 2514 374 2542 p.
397 2502 439 2534 74
455 2514 523 2544 sq..
562 2503 614 2533 ubi
644 2504 760 2535 verba:
798 2515 857 2536 uon
892 2508 1005 2536 invitus

243 2549 411 2576 erraverim
445 2546 530 2577 haud
567 2548 661 2579 nimis
695 2549 790 2579 anxie
824 2549 1004 2591 premenda

243 2600 313 2620 esse
337 2589 444 2621 docui.
503 2591 616 2622 Cicero
647 2593 752 2631 enim,
785 2593 846 2625 hac
878 2595 918 2626 ab
941 2595 1002 2626 ad-

242 2634 385 2665 versario
409 2634 517 2665 oblata
544 2637 715 2668 occasione
738 2646 888 2681 arrepta,
924 2652 1002 2671 sen-

241 2679 378 2709 tentiam
411 2691 499 2710 suam
526 2680 566 2711 de
592 2682 746 2720 Platone,
784 2683 941 2725 imprimis
969 2685 999 2715 in

242 2722 309 2754 eins
334 2723 484 2754 doctrina
515 2725 555 2754 ‹le
586 2725 768 2757 animorum
803 2728 1002 2760 immortali-

239 2774 328 2806 tate,
365 2780 558 2810 expromere
583 2770 725 2801 voluisse
750 2772 889 2803 videtur.
949 2774 1001 2806 Sic

238 2811 325 2844 infra
349 2825 376 2844 c.
395 2813 447 2849 21,
474 2812 526 2845 435.
553 2814 670 2845 verba:
697 2819 729 2845 ut
749 2819 827 2846 enim
852 2820 1001 2849 rationem

237 2859 328 2889 Plato
350 2860 469 2890 nullam
493 2861 616 2899 afferret
652 2861 753 2901 (eide,
787 2863 862 2899 quid
887 2863 1001 2894 homini

236 2903 384 2939 tribuam)
411 2905 479 2943 ipsa
501 2907 681 2935 auctoritate
704 2913 751 2935 me
771 2906 925 2944 franyeret
945 2906 999 2936 in-

238 2946 415 2987 telligenda
438 2948 524 2979 s'unt.

1099 987 1180 1016 Num
1197 987 1302 1025 igitur,
1322 988 1510 1025 dubitamus,
1535 996 1588 1026 an,
1607 989 1685 1018 sicut
1701 989 1808 1026 plera-

1044 1031 1126 1070 que?
1150 1040 1331 1070 quanquam
1357 1030 1436 1073 etc]
1463 1031 1516 1062 Sic
1538 1031 1685 1074 plerique
1708 1031 1805 1063 codd.

1046 1082 1079 1105 et
1104 1074 1240 1116 optimi,
1267 1082 1301 1105 ut
1323 1075 1360 1105 R.
1387 1075 1470 1107 Gud.
1496 1078 1521 1107 1.
1546 1077 1608 1113 IL,
1636 1076 1734 1118 vulgo
1752 1076 1806 1107 in—

1044 1125 1094 1149 ter
1123 1121 1271 1158 pleraque
1304 1126 1336 1149 et
1369 1130 1549 1160 quanquam
1582 1121 1681 1151 verba
1714 1123 1756 1152 sic
1782 1124 1809 1151 et

1044 1166 1128 1196 hoc?
1168 1163 1419 1195 interficiuntur.
1481 1167 1613 1196 Orellius
1645 1177 1682 1196 ea
1717 1165 1809 1196 uncis

1047 1208 1167 1245 cinxit,
1202 1215 1291 1240 recte
1315 1208 1437 1240 docens
1459 1214 1485 1240 et.
1508 1209 1554 1241 sic
1574 1210 1715 1252 positum
1739 1221 1808 1241 non

1047 1252 1294 1284 Ciceroni-anum
1315 1253 1429 1291 videri,
1451 1254 1694 1298 obnoxiumque
1707 1255 1807 1286 fuisse

1045 1298 1132 1329 hunc
1162 1298 1269 1329 locum
1300 1298 1548 1340 interpolationi
1579 1299 1808 1331 demonstrare

1045 1349 1201 1385 quattuor
1232 1345 1311 1374 Oxx.
1336 1345 1417 1374 ven.
1444 1344 1492 1376 Al.
1517 1345 1558 1374 H.
1596 1345 1805 1376 exhibentes:

1039 1390 1187 1427 pleraque
1211 1390 1266 1418 sub
1290 1389 1479 1419 dubitatione
1503 1391 1673 1428 accipimus
1708 1393 1806 1431 (acce-

1041 1435 1146 1471 pimus
1169 1433 1210 1464 H.
1237 1439 1269 1463 et
1294 1444 1372 1463 unus
1396 1434 1482 1469 Ox).
1527 1433 1631 1464 Etiam
1654 1436 1717 1473 Kl„
1742 1436 1806 1472 Tr.,

1045 1479 1120 1508 Illos.
1142 1488 1179 1507 ea
1201 1476 1402 1508 deleverunt.
1439 1478 1560 1519 Negari
1583 1478 1714 1521 quidem
1739 1489 1805 1509 nou

1044 1528 1166 1563 potest,
1192 1522 1385 1553 Ciceronem
1405 1522 1563 1564 particula
1585 1527 1613 1554 et
1634 1534 1693 1565 pro
1714 1526 1806 1555 eiiam

1045 1578 1136 1597 usum
1166 1578 1255 1603 esse,
1292 1567 1349 1597 sed
1383 1579 1457 1598 raro
1500 1577 1541 1609 tv.
1572 1567 1737 1599 Adnotata
1771 1568 1806 1598 in

1045 1612 1102 1642 Ill.
1132 1611 1191 1649 13,
1217 1612 1306 1647 2ὅ.);
1342 1618 1375 1642 at
1408 1612 1441 1643 id
1474 1612 1661 1654 praefracte
1693 1612 1805 1654 negari

1044 1662 1175 1698 potest,
1214 1667 1286 1687 eum
1311 1656 1342 1687 in
1368 1656 1429 1688 hac
1454 1657 1627 1688 verborum
1655 1657 1806 1688 iunctura

1046 1703 1136 1743 (sicut
1173 1702 1236 1741 [μμ
1271 1703 1548 1743 quemadmodum]
1576 1721 1619 1726 —
1643 1705 1686 1734 sic
1714 1701 1803 1745 [itaD

1045 1745 1210 1777 vocabulis
1234 1748 1277 1777 sic
1302 1746 1374 1788 [ita]
1412 1758 1553 1789 unquam
1577 1746 1742 1778 addidisse
1766 1751 1804 1778 et.

1045 1790 1096 1822 Cf.
1116 1790 1282 1821 Adnotata
1301 1791 1333 1821 in
1355 1791 1412 1821 ΙΙΙ.
1438 1792 1486 1829 17,
1504 1789 1559 1823 37.
1608 1792 1698 1830 Quos
1718 1794 1806 1823 Han-

1043 1837 1115 1867 dius
1146 1835 1180 1866 in
1210 1835 1349 1867 Tursell.
1377 1835 1451 1867 Vol.
1473 1837 1511 1867 ll.
1545 1846 1577 1877 p.
1598 1834 1673 1868 514.
1708 1836 1806 1867 affert

1042 1880 1152 1911 locos:
1179 1879 1220 1911 de
1237 1881 1289 1911 Or.
1310 1881 1346 1911 ΙΙ.
1363 1880 1417 1917 77,
1429 1879 1504 1913 314.
1531 1881 1602 1911 Fin.
1620 1881 1655 1911 V.
1673 1878 1722 1919 14,
1736 1879 1804 1918 40„

1043 1924 1066 1956 ii
1095 1925 1176 1956 nihil
1205 1925 1367 1967 probant,
1405 1936 1502 1967 quum
1534 1925 1695 1968 scriptura
1718 1936 1805 1956 nunc

1044 1981 1061 2001 e
1084 1969 1181 2001 codd.
1207 1976 1355 2001 correcta
1374 1969 1426 2001 sit.
1472 1971 1510 2001 V.
1536 1972 1664 2002 Ellendt.
1692 1969 1764 2001 Vol.
1780 1971 1805 2001 l.

1043 2026 1074 2057 p.
1094 2013 1169 2046 402.
1204 2021 1235 2046 et
1269 2017 1409 2054 madviq.
1434 2027 1465 2057 p.
1483 2014 1559 2048 657.
1608 2015 1802 2046 Particulam

1042 2070 1094 2098 an,
1115 2070 1197 2102 quae
1218 2067 1293 2102 post
1312 2062 1491 2091 dubitamus
1505 2059 1633 2101 legitur,
1659 2059 1804 2091 omnium

1041 2103 1198 2135 librorum
1214 2104 1411 2135 auctoritate
1425 2104 1551 2139 fultam,
1569 2111 1703 2136 auctore
1713 2107 1804 2136 Bent-

1041 2151 1097 2179 leio
1127 2151 1303 2187 Ernestius,
1340 2151 1459 2188 Moser,
1504 2151 1636 2189 Treyder
1668 2149 1804 2180 deleve-

1040 2199 1139 2229 runt,
1178 2195 1310 2224 Orellius
1342 2194 1431 2223 uncis
1471 2193 1590 2230 cinxit,
1635 2204 1695 2224 nos
1731 2205 1803 2225 cum

1040 2239 1159 2268 Klotzio
1186 2237 1251 2279 (qui
1276 2243 1383 2268 tamen
1410 2237 1456 2268 sic
1478 2237 1645 2268 distinxit:
1683 2248 1723 2269 an
1747 2241 1802 2277 sic,

1040 2285 1072 2312 ut
1084 2282 1244 2321 pleraque)
1268 2282 1503 2325 revocavimus.
1537 2284 1617 2313 Num
1633 2288 1682 2312 est
1695 2283 1801 2313 Grae-

1042 2337 1112 2357 cum
1139 2327 1226 2368 μῶν
1254 2326 1287 2369 (i.
1305 2338 1332 2357 e.
1361 2324 1406 2368 μή
1433 2326 1522 2366 οὖν),
1555 2327 1644 2369 quod
1667 2326 1711 2357 ibi
1736 2338 1801 2369 po-

1041 2371 1144 2408 nitur,
1181 2371 1233 2402 ubi
1258 2371 1427 2414 responsio
1451 2378 1659 2414 exspectatur
1680 2383 1800 2414 negans

1039 2415 1092 2452 id,
1129 2415 1169 2446 de
1193 2428 1256 2458 quo
1287 2423 1357 2447 erat
1380 2416 1631 2458 interrogatum.
1680 2418 1799 2448 Verte:

1042 2462 1106 2491 Ii'ir
1125 2463 1263 2501 zwez'feln
1287 2463 1364 2492 cloch
1386 2463 1495 2492 nicht?
1542 2462 1583 2492 V.
1603 2472 1662 2492 nos
1685 2461 1719 2492 in
1742 2462 1798 2492 Gr.

1040 2506 1076 2536 L.
1103 2506 1234 2546 6.15ῠ,
1259 2507 1289 2539 3.
1314 2506 1373 2541 Ιχ).
1427 2506 1521 2536 Unde
1554 2513 1709 2548 apparet,
1746 2506 1800 2537 in—

1039 2557 1148 2592 eptam
1175 2562 1245 2581 esse
1280 2551 1470 2593 opinionem
1493 2552 1594 2582 Neirliz·
1628 2562 1689 2592 pro
1723 2561 1799 2582 num

1038 2594 1212 2636 legendum
1250 2595 1452 2627 coniicientis
1487 2606 1558 2627 ηοη.
1627 2595 1799 2627 Sententia

1036 2639 1135 2681 igitur
1158 2640 1240 2671 haec
1264 2647 1334 2671 est:
1364 2640 1451 2671 Num
1475 2640 1573 2682 igitur
1597 2640 1792 2677 dubitamus,

1038 2685 1115 2726 quin
1141 2692 1227 2716 terra
1251 2703 1294 2709 ·-—
1321 2684 1488 2722 obtineat,
1525 2696 1564 2715 an
1602 2684 1699 2716 etiam
1732 2684 1797 2715 hoc

1037 2729 1241 2767 dubitamus,
1282 2729 1365 2761 sicut
1401 2729 1669 2761 Academicorum
1704 2739 1796 2759 more

1037 2774 1207 2816 plerasque
1227 2785 1277 2805 res
1298 2774 1329 2805 iu
1349 2774 1588 2806 dubitationem
1604 2783 1721 2804 vocare
1737 2784 1796 2804 so-

1035 2818 1163 2850 lemus?
1219 2818 1356 2850 Minime
1389 2830 1484 2853 νᾶνος
1521 2829 1595 2848 narn
1629 2817 1670 2848 de
1701 2817 1796 2849 huius

1034 2864 1080 2894 rei
1105 2863 1243 2894 veritate
1265 2864 1358 2894 nobis
1381 2862 1578 2904 persuadent
1607 2862 1793 2893 mathema—

1033 2907 1108 2947 tici,
1133 2908 1187 2950 qui
1205 2908 1356 2939 nimirum
1377 2906 1453 2937 nulli
1477 2905 1573 2937 facile
1594 2906 1791 2938 dubitationi

1033 2951 1141 2982 locum
1164 2952 1366 2994 relinquunt,
1393 2950 1448 2981 sed
1463 2976 1469 2984 ,
1497 2950 1650 2993 quicquid
1671 2951 1703 2983 in
1729 2964 1790 2983 eo-
