1832 3137
1585 19 1638 60 87

80 114 158 149 tum
190 105 306 147 etiam
342 104 576 145 auctoritate
614 104 808 158 multaque
841 104 975 145 secula
1008 112 1095 159 post
1127 119 1172 145 ea
1201 105 1258 146 sic
1288 106 1410 160 viguit
1439 104 1636 160 Pythago-

666 25 830 57 LIBER
854 26 880 57 ι.
905 25 966 66 17,
991 23 1044 59 39.

77 193 231 222 reorum
264 192 432 228 nomen,
468 184 508 217 ut
537 176 632 217 nulli
664 176 727 217 alii
758 177 859 217 docti
891 178 1132 219 viderentur.

187 250 328 293 XVll.

78 341 154 368 non
179 327 258 366 sere
282 325 514 374 reddebant,
557 324 630 364 nisi
655 324 743 377 quid
766 331 850 363 erat
871 326 1042 365 numeris
1075 333 1139 365 aut
1161 326 1486 380 descriptionibus
1509 327 1633 381 expli-

393 249 471 292 Sed
502 251 619 291 redeo
644 251 690 291 ad
715 251 911 304 antiquos.
973 250 1182 292 Rationem
1213 253 1266 292 illi
1293 256 1511 293 sententiae
1542 267 1635 294 suae

75 399 254 440 candum.
316 404 385 439 59.
419 396 620 438 Platonem
644 398 791 447 serunt,
825 403 867 436 ut
887 394 1159 451 Pythagoreos
1180 407 1459 453 cognosceret,
1493 401 1530 440 in
1555 399 1634 441 lta-

74 473 162 514 liam
196 472 384 514 venisse¹
420 479 460 511 et
491 470 672 511 didicisse
697 468 947 524 Pythagorea
982 471 1112 511 onmia
1147 472 1384 526 primumque
1416 474 1462 513 de
1487 473 1634 513 animo—

75 560 158 586 rum
179 546 410 586 aeternitate
432 559 507 585 non
529 544 652 584 solum
674 542 849 583 sensisse
866 542 984 593 idem,
1018 544 1118 597 quod
1136 543 1399 599 Pythagoram
1412 550 1451 596 2,
1486 547 1553 587 sed
1572 561 1635 587 ra-

78 619 220 659 tionem
242 619 357 659 etiam
381 618 572 658 attulisse.

75 692 173 732 hanc
197 698 316 731 totam
336 704 442 745 spem
467 689 767 730 immortalitatis
792 689 1072 743 relinquamus.

637 614 764 669 Quam
784 619 820 666 3,
855 616 929 656 nisi
953 616 1042 670 quid
1065 617 1185 668 diois,
1215 620 1571 672 praetermittamus
1595 629 1634 661 et

1136 690 1186 729 A.
1220 691 1283 730 An
1307 699 1345 731 tu
1361 695 1400 744 4,
1435 707 1549 746 quum
1571 708 1631 734 me

167 791 179 824 l
212 793 291 823 Post
310 794 427 824 venisse
448 791 478 822 in
501 790 611 823 multis
634 791 709 822 edd.
732 797 812 822 vett.
837 797 870 822 et
894 792 1042 823 nonnull.
1064 792 1160 824 codd.
1183 792 1266 825 haec
1286 791 1468 824 adduntur:
1496 799 1523 825 et
1544 798 1575 825 in
1596 804 1633 826 ea

72 847 169 878 quum
189 840 267 868 alios
289 839 410 876 mallos,
433 841 497 868 {am
519 838 686 875 Archytam
710 839 929 877 Timaeumque
948 840 1134 878 cognovisse.

73 883 148 914 Vat.
173 882 308 924 aliisque
325 881 421 913 codd.
458 881 580 912 Orellio
607 893 646 912 ex
660 881 730 912 Fin.
743 882 782 912 V.
795 879 849 919 29,

74 930 128 959 Or.
144 939 170 958 c.
185 927 220 958 R.
234 926 266 958 b.
289 926 425 969 aliisque
447 926 557 957 multis
580 925 798 958 deterioribus
822 926 919 958 codd.
940 939 1002 969 pro
1025 927 1110 969 vulg.
1124 930 1328 969 Pyllzagjoras.
1355 929 1393 960 V.
1411 928 1491 959 Adn.

1182 838 1309 869 Absunt
1331 850 1349 869 a
1371 839 1408 869 R.
1432 838 1516 869 Gnd.
1540 838 1567 870 1.
1595 840 1632 870 Π.

1536 883 1557 914 2
1581 884 1634 915 Sic

1538 929 1560 960 5
1581 929 1634 959 Sic

871 880 926 915 37.
942 889 975 913 et
988 884 1067 924 Reli.
1086 885 1107 918 Ι,
1134 882 1183 914 lO.
1207 883 1297 914 illata
1324 883 1487 914 videntur.

73 975 128 1005 Or.
142 984 167 1003 c.
191 971 322 1014 optimis
338 979 371 1001 et
392 971 538 1014 plurimis
558 971 654 1002 codd.
670 984 676 1008 3
703 971 854 1002 nonnulli
874 982 891 1003 r
903 975 990 1004 atio
1001 984 1020 1004 n
1032 983 1045 1004 e
1057 983 1070 1003 s
1094 976 1186 1003 etiam
1209 977 1263 1004 alt.
1290 975 1315 1012 Q
1326 984 1346 1004 u
1359 984 1379 1004 a
1391 985 1414 1004 s.
1451 975 1539 1004 Bene
1555 975 1610 1005 W.
1625 987 1629 1004 t

71 1020 223 1049 ΥΟῘῘΟΠΕΝὲ
247 1016 424 1048 reddentes
450 1016 558 1059 Plures
583 1016 701 1047 alllk‘ssss
726 1027 898 1058 POSSUIIIUS
923 1019 1058 1049 rationes
1080 1024 1135 1048 'dllt
1159 1024 1362 1059 al‘gbllnstlltu.

73 1096 91 1115 a
115 1082 354 1125 negligentiore
379 1082 586 1125 dialogorum
611 1083 742 1114 dicendi
776 1094 837 1125 ge—

72 1139 160 1160 nere.

139 1175 221 1214 quod
235 1175 341 1205 litteris
354 1173 462 1215 exstet]
490 1173 528 1204 H.
545 1184 573 1204 e.
595 1173 687 1204 multi
702 1172 835 1210 fuerint,

73 1218 127 1261 qui
163 1218 288 1249 animos
321 1218 522 1249 immortales
559 1229 628 1248 esse
664 1217 834 1253 dicerent3

72 1263 130 1294 sed
152 1265 217 1302 ita,
242 1267 274 1293 ul
296 1264 327 1293 id
351 1263 384 1293 in
406 1262 526 1293 litteris
551 1269 677 1300 exstet,
712 1262 834 1304 primus

72 1308 131 1339 Ph.
145 1310 176 1338 S.
203 1307 284 1338 dixit
306 1314 369 1338 etc.
394 1306 444 1337 Ad
468 1307 603 1338 verbum
624 1311 716 1338 exstet
739 1319 831 1338 com-

71 1358 166 1396 parat
196 1354 295 1384 Moser
322 1353 408 1383 Brut.
440 1353 497 1391 15,
524 1352 584 1385 57:
623 1363 718 1394 quem
754 1364 833 1384 vero

72 1401 168 1429 exstet
191 1404 224 1428 et
248 1396 289 1428 de
311 1408 374 1439 qno
394 1396 437 1427 sit
456 1397 633 1428 memoriae
654 1397 832 1440 proditum,

71 1441 280 1485 eloquentem
302 1442 410 1473 fuisse.
448 1445 491 1473 At
514 1455 544 1473 v.
567 1444 643 1474 Var.
665 1444 733 1473 Ser.
770 1445 833 1474 At—

70 1487 186 1518 tendas
207 1487 247 1518 ad
266 1487 353 1518 hunc
371 1487 615 1529 exquisitiorem
634 1487 834 1519 coniunctivi

71 1543 143 1564 cum
164 1534 246 1573 quod
269 1531 448 1563 consociati
469 1544 571 1563 usum.
619 1532 660 1563 de
685 1534 787 1575 Legg.
810 1534 833 1565 l.

69 1576 111 1617 8,
135 1577 196 1609 25:
223 1579 304 1617 quod
327 1578 531 1619 perspicuum
554 1580 611 1617 sil,
631 1597 675 1601 —
699 1589 768 1610 esse
791 1577 833 1609 ad

69 1633 163 1653 usum
183 1621 352 1654 homiuum
368 1640 413 1646 —-
430 1629 620 1665 procreatas
642 1622 810 1665 (pecudes)
826 1634 831 1653 :

70 1667 104 1698 h.
121 1679 148 1698 e.
183 1667 228 1698 ita
261 1673 295 1698 ut
324 1668 398 1699 hoc.
446 1669 484 1699 V.
511 1671 655 1700 Goereuz.
689 1667 731 1699 ad
755 1668 787 1699 h.
810 1667 832 1698 l.

70 1723 104 1754 p.
119 1711 172 1745 36.
210 1712 262 1742 Cf.
286 1714 443 1744 Bremium
463 1712 505 1744 ad
526 1713 622 1745 Corn.
640 1713 724 1755 Nep.
742 1714 833 1744 Eum.

70 1757 112 1796 Il,
139 1756 175 1789 1:
199 1764 347 1788 mortuus
370 1764 440 1789 erat
463 1757 684 1799 Hephaestion
699 1782 706 1795 ‚
736 1769 833 1799 quem

71 1813 170 1833 unum
205 1801 411 1841 Alexander,
449 1805 530 1843 quod
563 1802 660 1834 facile
695 1802 834 1843 intelligi

68 1850 189 1887 posset,
224 1847 353 1889 plurimi
379 1847 524 1879 fecerat:
562 1847 593 1878 h.
618 1858 646 1876 e.
681 1858 754 1877 eum
788 1847 833 1877 ita

70 1891 200 1934 plurimi
233 1891 377 1930 fecerat,
414 1898 447 1922 ut
472 1892 536 1923 hoc
562 1892 586 1923 f.
611 1891 631 1921 i.
657 1902 687 1933 p.
739 1891 834 1922 Adde

73 1936 220 1967 Curtium
250 1937 339 1967 Vlll.
362 1936 401 1973 2,
427 1936 490 1968 55:
538 1935 726 1978 Lysimachi
764 1943 834 1967 erat

74 1981 197 2020 frater,
229 1987 299 2011 tum
324 1980 461 2022 primum
486 1980 635 2018 adultus,
668 1987 721 2019 et,
752 1982 834 2021 quod

73 2025 170 2056 facile
199 2029 382 2065 appareret,
414 2025 535 2057 indolis
556 2037 661 2057 rarae.
708 2027 747 2059 V.
774 2036 833 2057 nos

71 2069 104 2101 in
131 2070 189 2101 Gr.
216 2070 251 2102 L.
276 2071 304 2114 §.
327 2068 397 2102 146.
421 2071 502 2102 Not.
521 2070 570 2103 13.

138 2125 204 2146 meo
224 2119 370 2155 regnante
388 2118 507 2155 gentili]
534 2116 648 2147 Servio
669 2116 789 2153 Tullio⁷
816 2128 833 2147 a

73 2171 137 2202 quo
162 2159 276 2191 Cicero
299 2167 430 2202 gentem
461 2172 551 2191 suam
583 2161 733 2192 ducebat.
782 2161 833 2192 Cf.

76 2206 282 2243 Wyttenbach.
316 2205 357 2236 ad
382 2206 484 2247 Legg.
508 2207 550 2237 ΙΙ.
578 2207 616 2248 1,
641 2206 672 2239 3.
706 2218 738 2248 p.
761 2205 832 2239 159.

75 2247 127 2280 ed.
153 2249 204 2280 Cr.
229 2257 262 2280 et
287 2250 370 2280 Mos.

141 2302 237 2332 quum
260 2295 370 2324 honore
395 2298 420 2325 et
443 2296 628 2333 disciplina,
652 2299 716 2326 tum
742 2299 835 2327 etiam

75 2339 270 2377 auctoritate]
292 2337 399 2367 Verba
417 2340 526 2369 honore
548 2343 573 2369 et
591 2341 756 2379 disciplina
778 2352 836 2383 per

76 2381 231 2423 figuram,
267 2392 347 2423 quae
371 2381 490 2412 dicitur
509 2380 544 2414 ’ἐν
569 2381 625 2416 διὰ
648 2387 749 2426 δυοῖν,
774 2397 834 2416 ex-

75 2425 227 2469 plicanda
264 2432 376 2457 censet
411 2428 532 2465 Moser,
581 2433 615 2457 ut
649 2428 715 2459 sint
748 2429 834 2461 idem

76 2470 164 2508 sere,
204 2470 292 2513 quod
324 2472 435 2502 honore
468 2472 670 2511 disciplinae,
710 2474 755 2504 uti
783 2476 835 2506 Or.

74 2515 164 2558 legit.
203 2516 244 2546 Et
265 2527 343 2546 sane
368 2515 575 2547 commendat
597 2527 631 2547 se
652 2516 732 2548 haec
753 2519 835 2549 scri-

74 2567 169 2604 ptura
209 2560 349 2602 eleganti
388 2560 561 2592 verborum
606 2560 834 2601 collocatione,

73 2616 137 2648 qua
165 2604 291 2637 duobus
322 2605 534 2638 substantivis
567 2606 754 2647 regentibus
779 2619 833 2638 re-

75 2656 162 2682 ctum
191 2650 333 2692 potiori,
369 2650 457 2694 quod
482 2651 617 2693 primam
638 2651 750 2682 sedem
772 2652 835 2683 ha-

75 2693 152 2736 bet,
179 2694 255 2726 addi
278 2695 386 2738 solet,
417 2702 470 2726 ut:
507 2695 659 2727 Academ.
687 2698 708 2727 l.
733 2697 774 2735 3,
800 2696 831 2729 9.

74 2737 182 2770 latinis
206 2746 240 2771 et.
260 2740 377 2772 litteris
399 2743 545 2780 luminis,
569 2748 602 2772 et
626 2741 751 2772 verbis:
779 2741 831 2773 ubi

77 2785 218 2817 Goerenz.
244 2797 274 2827 p.
300 2786 349 2819 Ιὸ.
383 2792 550 2829 comparat
582 2786 650 2818 Cat.
676 2786 754 2817 Mai.
782 2787 832 2827 13,

75 2823 139 2860 45:
165 2835 260 2861 coetu
282 2833 454 2863 amicorum
478 2837 510 2862 et
533 2830 746 2863 sermonibus.

147 2871 223 2905 CAP.
238 2874 346 2909 XVII.
376 2878 466 2909 redeo
489 2878 533 2908 ad
552 2878 709 2918 antiquos]
734 2876 834 2909 Redit

1412 1016 1431 1049 4
1462 1031 1489 1050 v.
1517 1016 1600 1048 Adn.

873 1083 916 1115 ad
932 1083 1084 1126 antiquos
1103 1084 1172 1115 scil.
1193 1085 1429 1126 Pythagoreos,
1456 1085 1632 1126 respiciens

873 1129 972 1160 verba
1000 1131 1157 1168 multaque
1179 1132 1303 1160 saecula
1334 1134 1440 1169 postea.
1470 1133 1513 1162 sic
1537 1133 1635 1169 viguit

870 1176 1135 1213 Pythaqoreorum
1157 1184 1267 1205 nomen
1291 1181 1353 1205 etc.

936 1222 1075 1250 numeris
1098 1223 1151 1249 aut
1175 1219 1443 1262 descriptionibus]
1478 1219 1562 1250 Illud
1592 1220 1634 1251 ad

870 1263 1078 1294 arithmetica
1098 1263 1308 1294 referendum
1332 1271 1390 1301 est,
1416 1264 1482 1296 hoc
1497 1264 1540 1295 ad
1560 1264 1632 1296 for-

869 1320 935 1339 mas
953 1308 1169 1350 geometricas
1193 1306 1472 1350 (διαγράμματα).
1509 1309 1563 1341 Sic
1580 1312 1635 1342 de·

867 1356 997 1385 scribere
1021 1353 1154 1395 proprie
1178 1353 1298 1384 dicitur
1323 1353 1363 1383 de
1391 1360 1633 1395 geometrarum

869 1398 977 1440 figuris
994 1398 1043 1428 vel
1059 1398 1341 1429 delineationibus.
1365 1399 1435 1429 Fin.
1448 1399 1487 1429 V.
1507 1398 1555 1436 19,
1570 1399 1630 1430 50:

871 1442 1111 1484 (Archimedes)
1148 1443 1225 1474 dum
1254 1443 1286 1474 iu
1313 1443 1447 1486 pulvere
1472 1444 1632 1486 quaedam

868 1490 1009 1520 describit
1041 1488 1221 1529 attentius,
1261 1500 1302 1520 ne
1336 1489 1475 1530 patriam
1502 1488 1632 1532 quidem

869 1540 999 1576 captam
1025 1544 1095 1564 esse
1118 1533 1230 1564 sensit.

945 1580 973 1622 ᾗ.
994 1577 1048 1611 39.
1096 1581 1258 1610 Platonem
1290 1579 1406 1621 [erunt]
1444 1579 1634 1610 Sent‹1itiac

868 1623 916 1655 sic
940 1634 975 1654 se
1000 1623 1185 1665 excipiunt:
1223 1623 1357 1666 Antiqui
1390 1623 1438 1654 illi
1473 1623 1632 1655 rationein

868 1668 1051 1700 sententiae
1073 1680 1150 1699 suae
1170 1680 1235 1700 non
1259 1669 1329 1699 fere
1352 1668 1548 1707 reddebant,
1573 1669 1631 1700 nisi

868 1713 947 1756 quid
977 1721 1049 1745 erat
1081 1713 1222 1745 numeris
1247 1733 1290 1738 -
1316 1713 1566 1755 explicandum3
1599 1720 1633 1745 at

869 1770 909 1789 ex
939 1758 984 1789 eis
1014 1759 1107 1790 Plato
1142 1758 1183 1789 de
1219 1758 1401 1789 animorum
1437 1759 1634 1790 aeternitate

869 1814 934 1834 non
957 1803 1062 1834 solum
1085 1803 1185 1833 sensit
1213 1803 1321 1843 idem,
1346 1802 1435 1845 qnod
1460 1804 1630 1845 Pythago>-

869 1859 938 1886 1⁷33,
964 1847 1022 1878 sed
1045 1848 1206 1878 rationem
1230 1847 1329 1878 etiam
1351 1847 1474 1878 attulit.
1523 1847 1631 1879 Parti*

871 1892 960 1923 culae
980 1892 1206 1923 adversativae
1224 1904 1321 1934 saepe
1337 1891 1545 1923 omittuntur.
1585 1894 1633 1924 De

870 1937 1015 1968 Platonis
1047 1937 1216 1968 itineribus
1243 1950 1271 1968 v.
1297 1949 1378 1980 quos
1400 1937 1513 1968 laudat
1534 1939 1632 1969 Davi-

869 1985 933 2014 sius
968 1982 1003 2012 C.
1041 1982 1111 2013 Fiu.
1144 1983 1182 2014 V.
1205 1984 1268 2021 25),
1294 1982 1348 2016 ὃῗ.
1405 1982 1515 2014 Valer.
1545 1983 1629 2013 Max.

868 2028 956 2058 VIII.
981 2026 1013 2066 7,
1037 2026 1069 2059 3.

936 2074 1018 2112 quod
1039 2072 1265 2115 Pythoyorom]
1304 2072 1378 2104 scil.
1403 2073 1543 2103 sensisse
1578 2075 1629 2103 fe-

868 2124 954 2149 runt.
1002 2117 1074 2147 Fiu.
1101 2118 1155 2156 IV,
1178 2117 1240 2150 20:
1270 2118 1377 2159 Negat
1398 2117 1582 2155 Platonem,
1607 2118 1632 2148 si

868 2162 997 2205 sapiens
1024 2173 1089 2193 non
1117 2162 1178 2200 sit,
1216 2162 1330 2193 eadem
1357 2174 1426 2193 esse
1451 2163 1482 2193 in
1510 2173 1631 2200 caussa,

867 2218 930 2248 qua
953 2212 1120 2246 tyrannum
1146 2209 1348 2246 Dionysium.-
1387 2207 1440 2237 ubi
1475 2219 1492 2237 e
1526 2206 1635 2237 verbis

867 2256 959 2292 neyat
980 2262 1042 2283 esse
1062 2251 1222 2283 elicienda
1244 2258 1320 2282 sunt
1345 2251 1442 2281 verba
1467 2260 1530 2282 esse
1548 2252 1631 2281 dicit.

869 2299 967 2329 Tusc.
985 2297 1039 2327 IV.
1057 2298 1111 2334 20,
1125 2295 1186 2328 46:
1213 2307 1311 2337 quum
1332 2302 1387 2325 aut
1407 2306 1440 2325 se
1463 2306 1527 2325 non
1547 2294 1633 2325 idem

870 2341 981 2373 videat
1017 2347 1250 2375 consecutum,
1295 2342 1377 2379 quod
1412 2342 1533 2378 alium,
1579 2345 1634 2370 aut

869 2386 968 2417 alium
991 2384 1089 2422 idem,
1114 2386 1196 2424 quod
1217 2394 1257 2415 se.
1307 2385 1346 2414 V.
1369 2385 1501 2424 Krayer.
1529 2386 1634 2416 Μηίον-

870 2432 1019 2469 sachuny.
1042 2431 1090 2460 ab.
1105 2431 1134 2460 d.
1150 2430 1217 2459 Lar..
1230 2430 1302 2468 Spr.
1326 2431 1382 2460 Ill.
1396 2429 1489 2460 Hel't.
1511 2440 1543 2471 p.
1556 2428 1632 2461 356.

874 2477 1007 2506 Ksthner.
1031 2474 1105 2504 Lat.
1131 2473 1274 2504 Gramm.
1301 2475 1328 2517 ᾗ.
1350 2473 1431 2513 129,
1461 2472 1510 2506 14.
1562 2473 1632 2504 Alia

872 2519 954 2550 ratio
969 2518 1107 2549 liabetur
1120 2519 1151 2550 in
1170 2518 1327 2550 eiusmodi
1345 2518 1512 2561 exemplis,
1537 2518 1632 2561 quale

871 2571 919 2594 est
940 2562 981 2593 de
1005 2564 1134 2594 Senect.
1159 2564 1193 2602 l,
1222 2564 1257 2596 1:
1294 2571 1326 2595 te.
1347 2564 1495 2607 suspicor
1517 2563 1630 2594 iisdem

870 2607 985 2647 rebus,
1011 2609 1120 2648 quibus
1142 2618 1188 2640 me
1207 2611 1310 2648 ipsum
1324 2634 1332 2649 ,
1363 2609 1527 2640 interdum
1551 2619 1629 2650 grav·

870 2653 939 2683 vius
963 2653 1180 2685 commoveri:
1204 2653 1257 2685 ubi
1278 2665 1326 2686 me
1346 2656 1450 2694 ipsum
1469 2653 1510 2685 ob
1533 2659 1630 2684 ante—

870 2697 986 2729 cedens
1009 2702 1035 2730 le
1057 2710 1114 2740 per
1134 2698 1300 2741 quoddam
1330 2711 1431 2742 genus
1455 2697 1631 2729 attractio—

867 2742 916 2774 nis
941 2743 1082 2785 positum
1105 2751 1154 2775 est
1175 2755 1236 2786 pro
1257 2755 1311 2785 ego
1332 2747 1406 2783 ipse.
1450 2744 1630 2783 Utrumque

867 2787 998 2819 dicendi
1037 2800 1139 2831 genus
1176 2788 1433 2821 diversissimum
1479 2784 1631 2817 confudit.

870 2834 1013 2866 Ochsner.
1038 2833 1106 2865 Ecl.
1132 2833 1200 2866 Cic.
1225 2846 1258 2877 p.
1273 2833 1350 2867 313.

935 2880 982 2910 An
1004 2880 1051 2921 tu]
1080 2880 1132 2911 Or.
1159 2890 1176 2911 e
1199 2878 1283 2911 coni.
1309 2879 1391 2909 Dav.
1416 2879 1486 2909 Ain'
1509 2879 1562 2906 ta:
1590 2874 1630 2905 de
