1832 3137
1529 128 1614 170 389

529 211 626 266 Quis
655 215 756 255 enim
786 214 993 266 dubitarit,
1036 215 1127 269 quin
1153 215 1445 269 aegrotationes
1471 215 1604 266 animi,

53 287 176 341 qualis
201 294 260 326 est
288 287 477 338 avaritia,
511 288 658 340 gloriae
683 288 892 342 cupiditas,
927 302 977 328 ex
1003 302 1073 338 eo,
1107 288 1207 342 quod
1232 288 1359 342 magni
1378 288 1607 329 aestimetur

631 137 796 168 LIBER
822 138 876 169 tv.
902 135 965 176 37,
990 136 1044 169 80.

55 215 101 256 lis
128 228 172 254 ac
199 213 468 254 voluntarius?

51 373 96 400 ea
119 373 197 411 res,
232 373 284 400 ex
306 373 378 413 qua
399 360 549 400 animus
570 367 764 414 aegrotat,
797 360 997 400 oriantur?
1040 359 1151 401 Unde
1172 361 1334 415 intelligi
1354 361 1482 411 debet,
1518 375 1606 416 per-

1117 439 1187 475 80.
1219 432 1272 474 Et
1297 433 1331 474 si
1357 435 1535 485 fidentia,
1569 436 1603 475 id

51 512 112 546 est
134 506 239 545 firma
263 505 379 545 animi
402 505 579 556 confisio,
613 505 778 546 scientia
800 505 986 558 quaedam
1011 513 1072 545 cst
1094 513 1132 546 et
1149 506 1278 560 opinio
1298 507 1430 561 gravis
1452 522 1528 548 non
1551 515 1606 547 te-

51 432 309 473 turbationem
331 446 483 486 quoque
509 447 661 473 omnem
683 445 772 473 esse
793 432 832 472 in
857 432 1055 486 opinione.

50 591 155 618 mere
177 578 428 618 assentientis
443 580 480 628 ³,
508 586 633 618 metus
656 591 808 632 quoque
828 583 889 617 est
908 577 1145 618 diffidentia4
1167 581 1384 634 exspectati
1404 588 1442 620 et
1460 581 1606 636 impe-n-

50 651 177 691 dentis
213 651 324 703 mali3
372 658 411 691 ct
442 652 472 690 si
510 664 600 705 spes
637 657 698 691 est
733 651 973 704 exspectatio
1003 650 1119 701 boni,
1160 652 1247 692 mali
1272 654 1605 706 exspectationem

50 737 138 764 esse
159 737 322 764 neccsse
345 726 437 764 est4
462 730 620 763 metum.
682 721 736 764 Ut
754 723 875 776 igitur
895 729 1036 772 metus,
1071 723 1127 763 sic
1152 724 1325 778 reliquae
1345 726 1605 778 perturbatio-

48 810 118 836 nes
138 803 227 836 sunt
248 797 285 835 in
309 797 423 836 malo.
486 795 594 849 Ergo
616 802 658 835 ut
679 795 898 836 constantia
919 795 1124 847 scientiae,
1157 796 1214 836 sic
1236 797 1475 850 perturbatio
1496 811 1606 838 erro-

48 868 101 908 ris
126 875 200 908 est.
264 866 342 920 Qui
363 875 490 908 autem
514 875 651 908 natura
675 868 854 908 dicuntur
874 868 1049 908 iracundi
1074 875 1141 908 aut
1159 868 1433 909 misericordes
1461 876 1527 909 aut
1547 870 1605 910 in-

46 940 123 980 vidi
151 948 216 981 aut
245 941 318 981 tale
347 941 459 994 quid,
500 940 567 980 ei⁵
593 948 684 981 sunt
715 940 913 980 constituti
946 941 1054 995 quasi
1085 942 1187 982 mala
1217 941 1439 982 valetudine
1468 942 1602 992 animi,

45 1013 238 1053 sanabiles
262 1020 413 1064 tamen,
449 1020 487 1053 ut
507 1012 723 1054 Socrates⁶
753 1013 908 1053 dicitur.
972 1012 1101 1067 Quum
1126 1015 1243 1055 multa
1263 1014 1302 1054 in
1327 1022 1523 1056 conventu
1545 1015 1603 1056 vi—

48 1087 98 1125 tia
126 1086 382 1139 collegisset⁷
412 1087 450 1126 in
470 1099 557 1126 eum
583 1085 788 1141 Zopyrus,
830 1087 893 1140 qui
917 1100 959 1127 se
982 1094 1158 1127 naturam
1187 1087 1372 1141 cuiusque
1398 1101 1451 1128 ex
1480 1088 1602 1128 forma

138 1196 160 1231 3
185 1198 239 1230 Sic
264 1201 318 1230 Or.
345 1210 372 1229 c.
398 1198 561 1241 plerisque
585 1198 695 1238 codd.,
721 1199 819 1230 etiam
839 1199 914 1232 Vat.
936 1199 974 1231 R.
993 1199 1027 1230 P.
1054 1199 1183 1231 Gud.1.
1206 1200 1244 1231 Π.
1269 1199 1324 1236 b.;
1363 1198 1439 1230 edd.
1468 1205 1548 1231 vett.
1570 1206 1598 1230 et

45 1242 170 1286 aliquot
195 1243 293 1274 codd.
317 1246 494 1275 assentiens.
543 1244 647 1275 Hand.
668 1243 710 1274 ad
728 1244 853 1286 Wopk.
876 1255 908 1286 p.
930 1241 994 1275 93:
1023 1244 1166 1285 gravitas
1189 1242 1354 1286 opinionis
1378 1243 1410 1274 in
1433 1254 1472 1275 eo
1493 1255 1597 1286 appa—

48 1296 117 1325 rct,
143 1288 251 1331 quod,
282 1288 335 1330 qui
358 1299 428 1319 eam
452 1293 563 1326 tenet,
588 1299 655 1319 nou
679 1295 804 1319 temere
828 1288 975 1319 assentiri
998 1290 1095 1320 solet.
1142 1286 1164 1320 4
1192 1301 1222 1319 v.
1248 1287 1333 1319 Adn.
1382 1287 1402 1318 5
1428 1288 1482 1319 Sic
1506 1289 1543 1319 R.
1567 1289 1598 1320 Ρ.

50 1333 135 1364 Cud.
152 1334 180 1364 l.
207 1333 281 1365 Vat.
305 1333 409 1363 Marb.
432 1339 536 1375 quatt.
559 1332 684 1364 Pall.b.
709 1333 776 1375 r&liic
796 1333 830 1374 ii)
854 1333 979 1375 aliquot
1003 1335 1082 1364 Oxx.
1107 1333 1179 1376 (iil3
1205 1335 1258 1364 Or.
1279 1344 1304 1364 c.
1326 1333 1437 1363 Duisb.
1462 1336 1598 1364 unoOx.

48 1379 136 1408 Mon.
156 1378 184 1408 1.
205 1377 236 1408 b.
262 1378 293 1407 in
317 1388 417 1419 marg.
440 1377 492 1408 ed.
516 1383 582 1409 vet.
607 1377 711 1409 Bouh.
732 1380 793 1417 eis,·
815 1389 846 1408 v.
869 1378 972 1414 Adn.;
1006 1384 1083 1408 ante
1105 1380 1258 1409 constituti
1280 1377 1405 1408 addunt
1425 1377 1519 1419 pauci
1540 1377 1602 1408 de-

46 1422 184 1454 teriores
208 1421 305 1452 codd.
330 1428 363 1452 et
380 1421 556 1463 pleraeque
578 1421 652 1454 edd.
667 1428 748 1453 vett.
768 1424 939 1462 eiusmodi;
963 1422 1064 1459 male3
1089 1424 1239 1453 eiusmodi
1262 1421 1346 1452 enim
1367 1421 1517 1453 absolute
1539 1433 1600 1463 pro

43 1469 104 1505 sic,
130 1469 194 1505 ila,
215 1468 291 1505 hoc,
325 1476 359 1497 eo
379 1467 472 1497 modo
493 1465 556 1497 dici
583 1477 650 1497 non
670 1473 783 1508 potest
797 1491 804 1504 ,
829 1466 886 1497 sed
906 1478 1036 1508 semper
1057 1466 1201 1508 pendere
1224 1465 1323 1497 debet
1348 1477 1365 1496 a
1382 1465 1599 1497 substantivo.

46 1509 67 1542 6
93 1513 147 1543 Or.
169 1521 187 1542 e
207 1510 313 1542 Bentl.
337 1510 421 1542 coni.
446 1513 603 1550 Socratis,
628 1511 702 1553 quia
723 1522 785 1553 pro
804 1514 831 1542 ei
853 1511 934 1553 legit
952 1514 1004 1542 eis.

43 1601 82 1620 ex
103 1588 265 1632 opinionis
286 1588 422 1620 levitate
440 1589 594 1627 nascitur,
619 1593 716 1621 melus
729 1600 804 1629 quo-

43 1644 99 1674 que
132 1638 173 1665 est
209 1637 374 1673 exspectati
418 1638 443 1665 et
478 1636 681 1673 impendentis
713 1637 801 1665 mali.

45 1680 236 1721 Quanquam
258 1678 345 1709 haud
359 1689 455 1720 nego,
469 1678 636 1709 obscurius
650 1678 803 1710 hocloco

42 1724 188 1755 locutum
209 1734 279 1754 esse
301 1722 502 1754 Ciceronem.
543 1723 683 1754 Omnino
703 1734 803 1765 saepe

44 1768 75 1799 in
110 1768 227 1799 horum
259 1768 418 1799 libroruin
450 1767 582 1798 dicendi
614 1779 734 1809 genere
764 1779 801 1798 ea

46 1813 250 1844 desideratur
271 1812 485 1855 perspicuitas
505 1812 735 1855 scribendique
749 1812 804 1843 di—

42 1857 198 1899 ligentia,
234 1868 296 1900 qua
321 1864 430 1888 cetera
452 1857 538 1888 illius
561 1857 683 1899 scripta
707 1868 804 1899 egre-

42 1903 94 1944 gie
117 1914 189 1934 sese
211 1902 455 1934 commendant.
496 1901 594 1941 Quod
617 1909 725 1933 autem
741 1913 802 1933 vo-

43 1947 194 1978 cabulum
225 1951 322 1979 metus
345 1947 481 1988 primam
507 1946 667 1978 enuntiati
691 1946 803 1977 sedem

45 1991 231 2034 occupavit,
256 1998 432 2033 propterea
454 1992 576 2022 sactum
593 1998 653 2029 est,
678 1991 752 2033 quia
770 1991 804 2022 in

43 2046 82 2067 eo
104 2036 278 2067 maximum
306 2036 490 2066 sententiae
513 2035 642 2078 pondus
662 2036 803 2077 positum

44 2087 104 2111 est.
153 2081 255 2111 Porro
278 2080 303 2110 si
329 2080 370 2110 de
397 2079 518 2111 Davisii
539 2081 703 2111 sententia
725 2092 804 2112 ver-

43 2125 161 2156 borum
182 2124 331 2155 ordinem
353 2131 527 2165 mutamus,
553 2125 668 2156 vocula
687 2135 804 2165 quoque

42 2169 152 2201 locum
176 2169 274 2212 plane
299 2168 440 2200 alienum
464 2169 574 2201 habet.

110 2224 172 2246 esse
194 2224 311 2246 necesse
334 2213 388 2256 est]
417 2217 560 2246 Goerenz.
586 2213 628 2245 ad
653 2213 723 2245 Fin.
746 2215 802 2245 IV.

43 2258 107 2297 28,
131 2258 183 2291 77.
208 2265 369 2297 testatur,
406 2258 438 2289 in
464 2258 591 2289 duobus
614 2258 680 2289 suis
706 2258 804 2290 codd.

42 2302 126 2344 legi:
149 2313 266 2335 necesse
285 2307 327 2335 est
350 2313 433 2334 esse:
459 2303 512 2345 qui
529 2304 703 2335 verborum
720 2303 804 2335 ordo

44 2348 123 2379 alias
157 2359 174 2378 a
208 2348 365 2379 Cicerone
397 2347 564 2378 observari
597 2347 693 2381 solet.
751 2348 805 2379 Sic

44 2403 141 2434 supra
174 2393 228 2422 ΠΙ.
253 2395 295 2427 ὅ,
321 2393 375 2423 la:
414 2403 486 2421 eum
516 2402 634 2424 necesse
669 2396 712 2424 est
743 2402 806 2424 esse

46 2442 263 2468 constantem.
289 2435 338 2465 Cf.
361 2436 456 2466 N.D.
482 2438 518 2466 ll.
538 2436 586 2473 13,
601 2437 654 2468 35.
680 2436 734 2472 30,
749 2436 803 2468 76.

117 2481 152 2512 Ul
177 2482 270 2520 igilur
293 2483 408 2518 metus,
433 2481 476 2511 sic
498 2490 524 2510 τ.
547 2490 578 2518 p.
601 2490 626 2511 s.
648 2483 669 2511 i.
694 2480 803 2522 mala]

44 2526 136 2556 Haec
164 2524 264 2556 verba
289 2526 474 2563 tt'esenberg).
497 2525 568 2554 Em.
591 2524 648 2555 Ill.
682 2535 715 2566 p.
744 2522 804 2564 14„

44 2570 130 2612 quia,
155 2580 220 2611 quo
240 2567 340 2599 modo
363 2579 476 2599 eorum
497 2567 662 2599 sententia
685 2579 723 2598 ex
748 2567 804 2608 eis,

46 2625 128 2657 quae
143 2613 354 2657 praecedunt,
379 2612 528 2644 concludi
548 2612 663 2654 possit,
676 2623 742 2643 non
755 2611 805 2643 in-

46 2658 224 2701 telligatur,
247 2665 280 2688 et
301 2657 400 2689 verba
418 2661 488 2689 sunt
510 2659 541 2688 in
562 2659 644 2688 malo
663 2659 720 2699 (=
730 2663 806 2687 sunt

46 2703 197 2741 vitiosae,
222 2714 330 2745 comp.
354 2703 382 2735 (ἲ.
402 2702 466 2741 14.)
492 2701 679 2739 obscurius,
705 2712 805 2743 prae-

47 2747 159 2778 sertim
177 2754 254 2789 post
277 2746 473 2779 vocabulum
494 2749 571 2777 mali
589 2745 650 2777 alia
667 2752 805 2777 senten-

47 2791 93 2822 tia
111 2791 346 2832 accipiendum,
371 2791 458 2822 dicta
472 2791 547 2825 sint.
567 2790 706 2821 delenda
725 2801 806 2821 cen-

47 2841 107 2867 set.
155 2836 296 2876 Fateor,
333 2847 374 2867 ne
396 2847 446 2867 me
467 2835 598 2877 quidem
622 2834 806 2876 intelligere

47 2889 152 2922 posse.
179 2891 242 2922 quo
256 2886 352 2921 pacto
375 2879 558 2912 sententiae
579 2880 664 2911 inter
683 2890 717 2910 se
732 2878 805 2910 col—

50 2924 199 2966 ligandae
219 2925 303 2959 sint3
339 2925 396 2956 sed
426 2931 514 2956 totus
541 2924 592 2955 hic
622 2925 713 2955 locus
737 2931 804 2955 tam

49 2975 163 3012 aperta
200 2968 419 3001 festinationis
451 2976 549 3011 atquc
581 2968 805 3011 indiligentiae

1052 1509 1073 1543 7
1098 1523 1127 1542 v.
1150 1510 1236 1542 Adu.

839 1601 916 1632 prae
940 1600 974 1620 se
1001 1588 1066 1620 fert
1088 1589 1243 1631 vestigia,
1277 1596 1312 1620 ut
1335 1589 1367 1620 in
1394 1600 1464 1620 eam
1490 1589 1597 1632 potius

837 1634 993 1666 inclinem
1011 1634 1231 1672 sententiam,
1267 1640 1303 1664 ut
1322 1633 1387 1665 loci
1411 1633 1596 1665 obscurita-

837 1686 908 1721 tem
935 1690 1002 1710 non
1036 1690 1054 1710 a
1084 1678 1269 1721 glossatore
1298 1678 1428 1722 aliquo,
1467 1677 1525 1710 sed
1559 1679 1598 1709 ab

837 1724 910 1766 ipso
929 1724 1088 1755 Cicerone
1108 1724 1295 1765 profectam
1311 1724 1463 1755 arbitrer.
1489 1724 1599 1754 Omni-

838 1779 882 1799 no
915 1768 1053 1799 difficile
1086 1774 1136 1798 est
1165 1767 1207 1799 ad
1229 1768 1501 1810 intelligendum,
1535 1778 1600 1810 quo

838 1813 959 1850 modo,
995 1819 1210 1854 posteaquam
1234 1812 1275 1843 de
1296 1817 1378 1844 metu
1401 1812 1465 1843 iam
1499 1824 1526 1844 c.
1544 1814 1598 1844 50.

838 1857 1041 1900 disputatum
1063 1857 1123 1895 sit,
1150 1868 1236 1888 nunc
1260 1856 1302 1888 ad
1324 1856 1464 1888 eundem
1485 1860 1598 1888 metum

838 1901 1028 1933 revolvatur
1052 1901 1169 1933 oratio.

906 1946 1093 1988 constantia]
1119 1947 1159 1977 V.
1183 1957 1281 1988 supra
1304 1957 1331 1977 c.
1347 1945 1388 1984 6,
1418 1947 1456 1978 Γ.)
1471 1957 1519 1989 sq.

907 1994 934 2023 ei
955 1995 1026 2022 sunt
1044 1993 1198 2022 constituti
1212 2009 1255 2014 —-
1272 1991 1385 2034 animi]
1413 1992 1505 2022 Hauc
1526 1990 1599 2033 plu—

838 2036 995 2068 rimorum
1015 2041 1048 2065 et
1073 2035 1274 2078 optimorum
1289 2035 1387 2067 codd.
1401 2036 1445 2078 (v.
1461 2036 1498 2066 V.
1513 2035 1596 2070 Ser.)

837 2080 1033 2123 scripturam
1057 2079 1126 2111 iure
1150 2080 1321 2111 revocavit
1342 2082 1492 2111 Klotzius.
1539 2078 1599 2110 Al-

840 2132 908 2157 tera
930 2127 973 2156 eis
997 2135 1036 2155 ex
1057 2124 1252 2156 nominativi
1278 2124 1413 2166 pluralis
1442 2123 1550 2155 forma
1574 2126 1601 2154 ei

841 2174 884 2212 (v.
897 2169 938 2200 ad
953 2181 980 2200 c.
991 2168 1046 2207 36,
1056 2169 1124 2210 78.)
1140 2169 1301 2211 originem
1314 2168 1444 2199 duxisse
1457 2167 1599 2199 videtur.

841 2216 948 2253 Quum
968 2213 1053 2245 enim
1075 2216 1103 2245 ei
1126 2225 1186 2255 pro
1206 2214 1320 2246 dativo
1344 2212 1516 2254 singularis
1538 2212 1601 2243 ha—

838 2259 990 2297 beretur,
1015 2258 1150 2300 pluralis
1174 2265 1284 2290 autem
1309 2256 1540 2294 antecederet;
1572 2259 1598 2287 ci

838 2304 870 2334 in
895 2306 938 2335 eis
959 2309 1120 2334 mutatum
1141 2309 1201 2333 est.
1236 2301 1450 2333 Nominativo
1467 2304 1494 2332 ei
1508 2300 1598 2342 opti-

839 2360 891 2379 me
910 2347 1090 2390 respondet
1110 2357 1248 2388 sequens
1272 2357 1360 2377 nom.
1396 2347 1539 2376 Socrates
1551 2346 1600 2376 dr.

839 2404 883 2423 sc.
906 2392 1103 2423 constitutus
1126 2390 1236 2422 fuisse.
1286 2391 1334 2421 De
1354 2396 1516 2421 structura
1530 2398 1601 2420 cou-

838 2440 961 2468 stitulus
974 2446 1042 2467 sum
1057 2437 1142 2466 mala
1155 2436 1332 2466 valetudine
1346 2447 1376 2466 v.
1391 2433 1433 2465 ad
1448 2435 1487 2465 11.
1502 2431 1534 2470 4,
1550 2435 1560 2464 l
1575 2435 1601 2464 l.

841 2480 891 2512 Ad
923 2491 952 2511 v.
977 2481 1152 2511 valetudine
1176 2481 1274 2510 animi
1307 2489 1478 2521 perperam
1504 2479 1604 2509 Moser

841 2524 1045 2565 comparavit
1068 2523 1149 2554 Phil.
1171 2523 1263 2554 XIV.
1287 2527 1326 2560 2,
1351 2523 1388 2555 4:
1427 2522 1516 2554 cuius
1542 2523 1599 2562 (sc.

840 2569 953 2607 Hirtii)
984 2567 1245 2599 imbecillitatem
1277 2566 1472 2599 valetudinis
1501 2566 1598 2598 animi

839 2613 942 2643 virtus
963 2619 995 2643 ct
1015 2623 1088 2653 spes
1102 2611 1260 2643 victoriae
1274 2611 1497 2646 confirmavit;
1522 2621 1598 2642 nam

839 2657 885 2688 ibi
906 2658 1093 2688 valetudinis
1116 2667 1184 2688 non
1207 2668 1277 2688 cum
1302 2659 1421 2696 animi,
1442 2655 1501 2688 sed
1526 2666 1599 2688 cum

840 2714 870 2733 v.
894 2704 1130 2733 imbecillitatem
1153 2701 1352 2744 iungendum
1376 2707 1436 2733 est.

905 2747 1071 2785 colleyissec
1092 2748 1125 2777 in
1141 2749 1224 2787 eum]
1244 2745 1485 2788 Significantius
1503 2754 1598 2786 quam

839 2793 870 2822 in
895 2800 939 2821 eo.
993 2791 1049 2821 Est
1080 2789 1168 2821 enim
1200 2791 1292 2833 quasi
1316 2790 1472 2833 quaedam
1497 2798 1595 2830 pras*-

840 2846 942 2876 gnaus
955 2845 1039 2877 quae
1053 2834 1174 2866 dicitur
1194 2835 1407 2870 constructio,
1429 2839 1463 2864 ut
1475 2830 1596 2873 duplex

839 2879 871 2910 in
886 2891 923 2910 ea
947 2879 1047 2911 lateat
1065 2879 1247 2911 sententia:
1275 2881 1380 2918 Quum
1400 2876 1502 2908 multa
1519 2874 1598 2906 vitia

839 2923 870 2955 in
893 2925 1028 2956 Socrate
1053 2923 1239 2966 collegisset
1260 2935 1361 2965 eaque
1385 2922 1417 2952 in
1442 2921 1508 2951 eius
1534 2930 1599 2961 op—

839 2968 1006 3011 probrium
1032 2968 1081 3007 iis,
1108 2968 1162 3011 qui
1187 2969 1333 3004 aderaut,
1366 2965 1473 3008 palam
1499 2963 1600 2995 fecie-
