1832 3137
660 108 825 140 LIBER
850 110 892 141 ll.
919 107 955 148 1,
980 108 1014 142 3.

1541 101 1609 142 181

52 199 142 237 eos,
177 185 313 240 quibus
342 185 468 239 aliqua
499 199 547 226 ex
580 194 688 241 parte
720 187 912 227 interdum
948 195 1011 228 aut
1039 187 1248 242 eupiditate
1278 196 1345 228 aut
1370 189 1614 242 aegritudine

50 265 115 299 aut
141 266 245 299 metu
277 259 488 299 liberemur
503 262 542 299 4.
607 258 725 300 Velut
756 273 810 299 ex

841 273 886 300 ea
917 260 1200 315 disputatione,
1235 275 1334 315 quae
1363 261 1455 302 mihi
1490 276 1614 317 nuper

52 331 177 371 habita
207 339 267 372 est
292 332 328 371 in
355 331 608 383 Tusculano,
643 346 783 386 magna
805 331 1010 372 videbatur
1033 334 1168 374 mortis
1193 335 1332 374 effecta
1357 336 1610 390 contemptio,

51 418 150 458 quae
173 419 249 444 uon
270 404 469 445 minimum
493 405 599 446 valet
620 405 667 445 ad
694 404 865 444 animum
888 412 991 445 metu
1016 406 1272 448 liberandum.

1334 407 1438 448 Nam
1467 408 1529 462 qui
1556 408 1608 458 id,

50 478 150 531 quod
178 478 293 518 vitari
326 492 402 517 non
430 486 580 533 potest,
615 477 773 527 metuit,
806 477 839 516 is
869 477 1006 518 vivere
1037 479 1167 519 animo
1201 481 1332 534 quieto
1363 481 1468 521 nullo
1497 482 1612 522 modo

50 557 198 605 potest3
232 551 300 591 sed
323 551 410 605 qui,
445 566 521 592 non
542 551 656 591 modo
679 550 765 604 quia
790 563 956 590 necesse
984 558 1045 590 est
1072 552 1187 603 mori,
1219 566 1356 593 verum
1381 554 1496 594 etiam
1523 555 1613 608 quia

50 623 141 663 nibil
168 623 282 664 habet
309 638 438 675 mors,
472 625 571 678 quod
603 623 654 664 sit
679 623 937 674 horrendum,

48 696 81 736 is
111 696 184 736 sibi
216 695 450 751 praesidium
482 697 529 736 ad
557 697 710 737 beatam
735 696 855 736 vitam
887 699 1148 750 comparat43

972 630 1136 663 mortem
1164 638 1242 664 non
1267 625 1397 676 timet,
1432 641 1612 681 magnum

1210 703 1251 738 5.
1286 712 1503 752 quanquam
1535 714 1612 739 non

48 783 181 809 sumus
204 769 345 823 ignari,
379 769 521 809 mullos
543 769 717 809 studiose
738 775 875 808 eontra
898 782 986 808 esse
1010 769 1206 820 dicturos3
1239 771 1339 824 quod
1362 771 1487 811 vitare
1508 772 1613 811 nullo

50 843 162 882 modo
186 841 396 896 potuimus,
432 842 505 882 uisi
531 842 625 882 nihil
649 841 807 882 omnino
829 842 1108 883 scriberemus.

49 940 130 979 Aug.
155 948 212 969 sex
237 939 317 968 Oxx.
339 943 406 969 vet.
429 937 538 970 Caroli
560 937 677 980 steph.
703 936 811 969 Marb.

49 983 142 1015 Mon.
157 981 185 1014 1.
211 988 245 1013 et
270 981 392 1013 multae
416 982 492 1015 edd.
513 989 595 1014 vett.
617 994 677 1025 pro
700 984 728 1014 si
750 992 813 1014 non

47 1027 170 1059 habent
193 1029 247 1058 sed
269 1038 350 1059 non.-
376 1027 462 1058 unde
484 1030 624 1060 Klotzius
649 1026 734 1058 coni.
759 1029 814 1059 etsi

47 1083 130 1112 non,
157 1071 198 1102 de
222 1071 387 1114 frequenti
418 1071 450 1102 in
477 1072 577 1104 codd.
599 1084 629 1102 v.
653 1074 736 1103 siet
758 1074 813 1103 etsi

48 1116 292 1159 permutatione
337 1128 444 1158 comp.
487 1119 591 1148 Hand.
638 1117 734 1147 Turs.
771 1118 812 1147 ΙΙ.

48 1173 80 1203 p.
93 1160 172 1194 609.
198 1168 232 1192 et
257 1161 300 1192 de
323 1163 376 1192 sed
401 1168 435 1192 et
455 1163 481 1193 si
505 1172 533 1191 v.
560 1172 620 1192 nos
645 1160 731 1191 adl.
756 1160 810 1195 31,

47 1205 100 1238 76.
149 1209 254 1237 Acute
286 1212 397 1236 monet
422 1208 519 1237 lloser
540 1205 736 1247 sciipturam
760 1206 814 1236 sed

47 1250 124 1282 inde
146 1258 262 1289 ortam,
289 1250 377 1293 quod
398 1249 522 1281 libiaiii
547 1249 749 1291 respexerint
771 1248 813 1279 ad

48 1297 150 1335 serunt
193 1300 294 1327 tamen
339 1294 480 1336 indeque
525 1297 552 1325 si
586 1293 814 1336 corrigendum

48 1340 279 1374 existimarint,
305 1350 403 1381 quum
426 1338 545 1381 requiri
566 1338 735 1369 videretur
749 1349 814 1379 op—

47 1384 183 1426 positio,
203 1395 309 1427 neque
323 1395 400 1415 vero
418 1383 651 1426 prospexerint
667 1383 709 1414 ad
721 1393 812 1425 seqq.

61 1439 152 1461 amen
167 1439 227 1461 eos.
268 1430 312 1461 At
335 1428 476 1459 fortasse
499 1428 705 1470 corruptelae
726 1427 814 1458 nulla

49 1474 112 1506 alia
143 1485 255 1506 caussa
292 1473 374 1509 fuit,
416 1473 477 1504 nisi
502 1473 591 1516 quod
616 1473 813 1504 vocabulum

49 1521 104 1552 sed
125 1531 185 1562 per
206 1518 437 1561 compendium
454 1518 623 1560 scriptum,
646 1517 681 1549 id
702 1525 811 1549 autem

50 1575 122 1596 cum
145 1567 172 1596 si
196 1576 214 1595 a
238 1563 379 1594 librariis
406 1563 579 1594 confusum
604 1569 684 1594 erat.

120 1609 296 1651 liberemur]
324 1608 378 1639 Sic
402 1610 456 1639 Or.
472 1620 498 1639 c.
512 1608 611 1639 duob.
636 1611 717 1639 Oxx.
731 1611 812 1650 Aug.

48 1654 225 1696 multisque
259 1653 334 1684 edd.
357 1659 459 1690 vett.;
497 1653 612 1695 reliqui
639 1655 813 1694 liberentur,

49 1699 138 1742 quod
158 1700 197 1730 D.
212 1697 466 1740 praeferendum
489 1704 613 1737 censet,
638 1709 737 1740 quum
756 1698 813 1729 Ci—

50 1755 125 1776 cero
148 1743 269 1775 nonde
291 1755 325 1774 se
348 1743 432 1784 ipso,
455 1742 513 1773 sed
529 1742 569 1773 de
585 1743 630 1773 eis
647 1743 813 1786 loquatur,

50 1789 105 1832 qui
121 1789 221 1820 vitam
242 1795 339 1831 agant
360 1787 536 1818 militarem
555 1794 587 1818 ct
606 1795 813 1830 occupatam.

48 1835 124 1866 Non
145 1834 229 1865 male
244 1846 250 1871 3
276 1833 334 1864 sed
351 1844 449 1875 quum
466 1833 579 1863 Cicero
598 1840 713 1874 pergat
731 1835 815 1864 Velut

48 1889 85 1911 ex
107 1889 144 1910 ea
166 1881 246 1918 disp.
273 1885 335 1909 etc.
351 1904 358 1916 ‚
393 1884 551 1919 apparet,
589 1877 620 1908 h.
647 1877 667 1908 l.
694 1876 812 1919 requiri

49 1924 186 1966 primam
202 1935 375 1965 personam
396 1925 567 1954 liberemur.
594 1923 699 1959 Quam
718 1921 814 1952 facile

48 1977 158 2000 ¹uitem
192 1968 444 1999 LIBEREMVR
473 1973 506 1997 et
531 1966 814 1997 LIBERENTVR

51 2013 137 2045 inter
172 2025 207 2043 se
241 2012 420 2054 permutari
446 2010 639 2053 potuerint,
674 2010 727 2041 vix
753 2018 814 2048 est,

50 2058 139 2100 quod
174 2068 336 2088 moneam.
385 2056 438 2087 Sic
473 2054 814 2097 Legg.11.·.¹5,62.

50 2106 105 2135 Oi.
133 2115 160 2134 c.
189 2103 228 2133 D.
250 2113 313 2152 pro
332 2103 476 2132 iubemur
502 2106 618 2131 contra
642 2099 740 2132 codd.
762 2100 815 2131 le-

50 2148 192 2190 gendum
219 2146 384 2177 existimat
407 2147 558 2176 iubemur.

115 2194 192 2224 mihi
214 2210 258 2215 -
281 2192 403 2230 habita]
430 2190 533 2221 Recte
558 2189 657 2221 docet
678 2191 816 2221 Kritzius

53 2237 94 2268 ad
117 2237 195 2269 Sall.
222 2237 290 2278 lug.
305 2236 427 2273 XLVI,
452 2235 495 2273 3.
522 2234 624 2265 ubivis
647 2234 814 2277 propriam

53 2282 154 2313 dativi
180 2287 380 2324 potestatem
396 2306 403 2317 ‚
441 2291 537 2322 quem
571 2281 724 2311 commodi
751 2290 814 2310 vo—

53 2333 150 2368 cant,
175 2326 222 2357 ita
241 2325 362 2360 valere,
390 2331 423 2354 ut
448 2324 473 2355 is
499 2335 589 2355 casus
615 2324 706 2355 nullo
731 2336 814 2366 neg-

53 2371 122 2402 otio
144 2384 161 2401 a
178 2370 280 2401 verbo
302 2369 408 2411 repeti
429 2368 543 2410 possit,
568 2368 668 2400 modo
690 2375 814 2407 teneas,

54 2415 232 2447 inultorum
265 2413 439 2444 verborum
477 2413 637 2453 passivam
675 2394 814 2444 formani

55 2459 294 2491 intransitivum
319 2464 374 2489 aut
409 2457 594 2488 reflexivum
618 2458 816 2488 sententiam

54 2505 185 2542 habere,
212 2510 247 2534 ut
268 2503 301 2534 h.
315 2502 334 2535 Ι
352 2504 428 2533 mihi
450 2504 557 2532 habita
578 2505 621 2533 est
638 2501 726 2532 idem
745 2502 815 2533 fere

53 2550 106 2588 sit,
124 2548 214 2600 quod
231 2550 307 2579 mihi
326 2549 393 2586 suit.
434 2545 637 2587 praepositio
651 2548 690 2577 ab
710 2558 736 2577 c.
752 2546 817 2577 abl.

55 2594 184 2636 passivo
210 2593 364 2624 adiuncta
393 2591 472 2622 nihil
498 2590 587 2622 aliud
612 2590 672 2622 nisi
698 2598 816 2622 aucto-

56 2650 123 2669 iem
157 2637 296 2670 actionis
329 2636 512 2680 significat·
551 2635 682 2667 dativus
707 2641 816 2666 autem

56 2689 222 2714 auctorem
246 2681 342 2714 simul
366 2688 522 2724 tanquam
548 2692 621 2711 eum
644 2680 751 2722 ponit,
776 2680 817 2711 ad

59 2738 152 2769 quem
173 2728 259 2759 actio
281 2727 456 2769 pertineat.
496 2726 672 2768 Compares
695 2724 815 2755 modo:

59 2773 179 2811 aliqum
197 2783 217 2803 α
236 2783 291 2804 me
308 2774 460 2812 probatur
484 2783 574 2802 cum:
601 2772 722 2810 aliquid
742 2780 771 2800 in
785 2773 818 2800 i-

59 2817 101 2846 hi
121 2818 269 2854 probatur
294 2816 394 2859 (quod
416 2816 504 2847 idem
530 2815 600 2847 sere
624 2822 692 2850 est,
730 2814 818 2856 quod

61 2861 181 2898 aliquid
210 2863 285 2893 mihi
312 2862 438 2900 placet).
488 2861 542 2891 Sic
565 2860 651 2902 apud
674 2859 818 2891 Tullium

60 2904 231 2945 leguntur:
266 2908 342 2937 mihi
365 2908 486 2945 aliquid
516 2907 691 2945 coynitum,
728 2906 819 2935 audi-

61 2953 148 2988 tum,
170 2954 376 2990 compertum,
405 2960 611 2990 persuasum,
635 2951 822 2989 quaesitum,

1155 841 1313 883 Etenim
1337 843 1369 883 si
1395 844 1610 894 orationes,

847 942 1045 978 susceptum,
1081 941 1254 971 institutum
1291 938 1401 981 (infra
1435 950 1462 971 c.
1483 935 1524 978 4,
1552 938 1609 971 10:

849 982 902 1014 ubi
927 995 958 1014 v.
984 983 1166 1024 Adnotata)
1182 1008 1190 1023 ,
1224 986 1472 1023 consideratum,
1505 987 1611 1023 provi-

846 1037 927 1067 sum,
949 1032 1166 1067 praecautum,
1190 1031 1374 1068 consultum,
1397 1030 1613 1068 deliberatum,

847 1074 1051 1111 elaboratum,
1075 1075 1241 1112 coyitalum
1269 1073 1368 1114 (infra
1394 1070 1611 1112 111.14‚30.)‚

847 1119 1042 1156 concupitum
1070 1118 1138 1158 (IV.
1163 1118 1212 1154 15,
1237 1117 1307 1157 33.)
1322 1143 1330 1156 ,
1354 1120 1523 1157 inventum,
1548 1119 1612 1148 evi-

845 1163 999 1201 9ilatum,
1020 1165 1268 1201 pertractatum,
1300 1164 1499 1202 ignoratum,
1522 1166 1613 1193 nola-

848 1209 933 1244 tum,
953 1210 1142 1245 perceptum,
1166 1207 1352 1245 laudatum,
1376 1210 1522 1245 captum,
1546 1216 1612 1237 coe-

845 1253 935 1288 ptum
960 1256 1022 1280 est.
1068 1250 1176 1280 Multo
1200 1250 1325 1281 rariora
1352 1257 1427 1281 sunt
1451 1250 1539 1292 apud
1555 1250 1612 1281 Ci-

849 1304 1002 1324 ceronem
1039 1294 1188 1336 exempla
1223 1294 1257 1325 in
1293 1297 1485 1334 simplicibus
1520 1294 1613 1326 verbi

850 1337 977 1375 formis,
1003 1345 1037 1369 ut
1057 1340 1097 1370 V.
1120 1338 1176 1376 24,
1198 1338 1259 1372 66:
1287 1344 1431 1371 sumatur
1454 1339 1541 1370 enim
1556 1350 1612 1372 ηο-

849 1385 895 1414 bis
910 1382 1043 1425 quidam
1065 1390 1234 1425 praestans
1254 1383 1315 1415 vir.
1341 1384 1404 1415 Off.
1419 1385 1477 1415 ΙΙΙ.
1500 1383 1532 1422 9,
1548 1385 1610 1416 ὅδε

848 1427 989 1458 honesta
1018 1427 1104 1458 enim
1137 1430 1223 1459 bonis
1251 1430 1350 1467 viris,
1384 1438 1452 1459 non
1483 1428 1613 1459 occulta

849 1477 1061 1512 quaeruntur;
1096 1484 1197 1514 porro
1221 1472 1309 1515 apud
1330 1472 1469 1503 eundem
1488 1475 1612 1513 quaeri-

847 1521 907 1556 tur,
931 1520 1115 1556 acquiritur,
1139 1519 1260 1558 leyitur,
1285 1519 1419 1557 videtur,
1442 1520 1613 1557 quaereba-

847 1566 916 1600 tur,
940 1564 1151 1602 negyliqebatur
1174 1565 1270 1594 alicui
1290 1564 1422 1602 aliquid.
1471 1564 1511 1594 V.
1536 1574 1614 1593 eru-

848 1606 953 1637 ditum
969 1609 1087 1638 Ollonis
1106 1607 1148 1637 ad
1170 1608 1241 1638 Fiu.
1257 1609 1280 1638 Ι.
1301 1606 1333 1645 ’4,
1352 1609 1400 1638 ll.
1420 1619 1546 1638 excurs.
1560 1609 1612 1646 11.‚

851 1663 923 1683 cum
948 1663 1012 1694 quo
1038 1652 1259 1694 comparanda
1280 1658 1377 1693 sunt,
1414 1663 1496 1695 quae
1520 1653 1613 1684 Mad-

848 1699 951 1736 viyius
975 1696 1016 1727 ad
1047 1696 1118 1727 Fin.
1142 1698 1166 1727 Ι.
1189 1696 1220 1735 4,
1248 1698 1297 1729 11.
1323 1708 1355 1738 p.
1371 1697 1424 1731 27.
1454 1697 1614 1728 observa-

849 1742 907 1772 vit.
958 1741 1008 1772 Cf.
1032 1744 1216 1773 Ramshorn.
1243 1743 1314 1773 Lat.
1342 1742 1399 1772 Gr.
1425 1744 1453 1784 §.
1480 1741 1553 1774 120.
1578 1741 1612 1772 d.

852 1785 1296 1829 K1211ner.L.Gr.§.1141.
1321 1786 1454 1823 (Ι).111
1487 1787 1614 1817 Graeca

849 1830 915 1861 liu-1
897 1842 958 1871 gua
974 1831 1003 1860 h
996 1842 1053 1861 nec
1076 1830 1278 1862 constructio
1299 1829 1506 1863 creberrima.
1541 1831 1615 1861 He-

850 1855 922 1906 rod.
950 1876 1005 1913 Vl,
1034 1876 1110 1906 Ι’.5.
1152 1871 1199 1909 di:
1224 1887 1301 1916 μοι
1324 1874 1480 1916 πρότερον
1505 1872 1615 1916 δεδη-

851 1921 962 1952 >wrat-
1013 1919 1106 1950 Plura
1128 1919 1309 1950 dedimus
1300 1931 1331 1949 111
1356 1920 1412 1951 Gr.
1484 1920 1556 1951 ..Τ
1573 1920 1613 1952 Π,

851 1964 970 2006 ζῐ.ὀι“ζ).
1022 1964 1094 2004 [Gr.
1120 1964 1223 1996 schol.
1250 1965 1278 2006 ξ.
1292 1962 1378 2004 284,
1411 1964 1489 2007 ΙΙ).]

919 2010 1094 2049 comparat]
1121 2010 1280 2040 Erneslius
1302 2008 1479 2050 legendum
1502 2015 1614 2039 censet

850 2055 1057 2093 comparavit,
1083 2060 1116 2084 ut
1137 2061 1186 2084 est
1208 2053 1240 2083 in
1262 2053 1314 2083 ed.
1333 2055 1379 2084 Μ.
1394 2059 1427 2083 et
1450 2053 1613 2090 HWolf.;

850 2098 940 2141 quod
964 2109 1068 2140 nuper
1081 2098 1179 2128 etiam
1196 2100 1331 2130 Wesenb.
1347 2099 1386 2130 ΙΙ.
1404 2110 1440 2148 p.
1454 2098 1507 2130 31.
1531 2109 1614 2140 pio-

850 2143 962 2180 bavit,
1001 2154 1109 2185 comp.
1132 2144 1172 2174 V.
1198 2142 1261 2180 26,
1286 2140 1340 2175 74.
1360 2143 1463 2186 princ.
1506 2142 1615 2173 Etiam

852 2191 884 2221 F.
911 2191 945 2219 Α
975 2189 1100 2228 ll'olfius
1125 2187 1306 2219 accuratius
1332 2155 1464 2230 quuidem
1488 2187 1614 2218 dictum

851 2234 924 2264 lore
947 2233 993 2263 iit
1014 2235 1231 2272 comparavit,
1265 2232 1322 2263 sed
1350 2244 1390 2263 ne
1413 2232 1453 2263 ab
1479 2231 1613 2273 optimis

850 2278 982 2321 quidem
1014 2277 1230 2319 scriptoribus
1266 2277 1300 2307 id
1336 2289 1370 2306 5(
1374 2288 1466 2318 nipe·
1495 2276 1614 2306 obser-

851 2323 930 2354 xari
972 2322 1103 2353 Rectius
1127 2323 1288 2352 Klotzius:
1312 2333 1371 2357 ‚er
1393 2320 1524 2350 erwiibt
1543 2320 1614 2351 sich

852 2380 881 2399 u.
904 2367 1024 2398 besitzt
1060 2379 1089 2397 11
1083 2365 1221 2397 iturllch
1247 2346 1332 2395 (lunii
1357 2365 1414 2395 das
1436 2365 1610 2395 Erwoibe-

851 2418 914 2444 116.ι
908 2417 927 2430 “
963 2412 1016 2442 Sic
1031 2411 1159 2452 saepius
1183 2422 1249 2451 pr¹u
1242 2421 1335 2439 «1513115
1356 2409 1518 2451 significat
1532 2421 1612 2448 rem,

852 2468 934 2499 quie
959 2468 977 2486 e
1003 2455 1182 2497 praeteiito
1212 2461 1362 2496 tempme
1393 2454 1426 2485 iu
1458 2464 1612 2496 praesens

853 2501 1006 2544 pertinet
1042 2501 1081 2530 V.
1095 2510 1154 2529 nos
1177 2498 1280 2529 iuG1.
1296 2500 1333 2529 L.
1358 2501 1386 2542 ᾗ.
1404 2499 1474 2533 107.
1490 2499 1570 2530 Not.
1579 2501 1612 2531 ’-

920 2548 946 2587 §
962 2545 992 2576 3.
1031 2546 1152 2575 Etenim
1175 2546 1201 2576 si
1225 2545 1392 2585 orationes]
1426 2543 1541 2574 Oratio
1564 2551 1613 2575 est

851 2587 1098 2626 &madh-0³:503,
1130 2588 1164 2619 h.
1187 2599 1215 2619 e.
1242 2588 1416 2619 verborum
1451 2599 1613 2620 consecu-

852 2633 935 2665 tioni
953 2640 1031 2664 ante
1047 2633 1256 2675 parenthesin
1277 2633 1453 2664 inchoatae
1470 2644 1536 2664 non
1554 2645 1613 2664 ac—

854 2678 1061 2709 commodata
1087 2686 1135 2709 est
1155 2678 1319 2720 sequentis
1342 2678 1501 2709 orationis
1522 2684 1613 2709 stru-

854 2731 964 2754 ctura:
1009 2735 1091 2766 quae
1125 2723 1171 2753 sic
1196 2723 1338 2753 debebat
1374 2735 1444 2754 esse
1474 2722 1612 2754 confor-

853 2775 960 2799 mata:
991 2767 1129 2808 Etenim,
1153 2768 1179 2799 si
1204 2767 1369 2799 orationes
1386 2787 1421 2791 ψ
1446 2779 1510 2798 non
1532 2777 1613 2807 pro—

853 2814 950 2845 batae
971 2819 1046 2844 sunt
1069 2825 1088 2844 a
1112 2812 1290 2853 nonnullis,
1315 2813 1371 2854 qui
1395 2812 1474 2843 nihil
1497 2810 1614 2841 lauda—

855 2864 929 2889 rent
962 2877 1006 2882 --
1041 2870 1103 2887 ——z
1153 2857 1229 2900 quid
1269 2857 1416 2887 futurum
1452 2862 1613 2897 putamus,

855 2914 953 2946 quum
977 2921 1020 2926 —
1044 2902 1240 2933 videamus?
1281 2903 1382 2932 Recte
1405 2906 1517 2930 monet
1539 2901 1615 2930 Goe-

856 2958 936 2980 renz.
961 2947 1002 2979 ad
1028 2947 1099 2978 Fin.
1125 2948 1165 2978 ll.
1187 2946 1243 2985 33,
1268 2946 1341 2979 107.
1366 2957 1397 2987 p.
1416 2943 1503 2977 22⁴3:
1540 2942 1617 2983 „Ne
