1832 3137
1546 33 1601 75 83

33 133 128 189 ipsis
144 134 162 158 ³
178 162 189 183 ,
222 141 319 184 quos
341 126 516 168 scribunt
539 126 584 166 de
608 123 890 165 contemnenda
909 123 1058 177 gloria,
1091 135 1162 163 sua
1183 121 1341 162 nomina
1357 121 1601 162 inscribunt?
1649 157 1652 176 ;

35 212 104 248 55.
140 203 256 258 Quod
278 201 312 243 si
335 200 505 242 omnium
531 211 748 240 consensus
769 204 932 238 naturae
954 211 1036 237 vox
1059 203 1134 247 est,
1168 209 1398 250 omnesque,
1432 196 1496 249 qui
1516 195 1599 235 ubi-

36 292 109 334 que
133 284 246 328 sunt,
280 274 553 323 consentiunt,
588 285 676 313 esse
699 270 839 324 aliquid
854 302 865 321 ‚
899 271 999 324 quod
1021 271 1068 310 ad
1092 284 1161 311 eos
1183 269 1399 324 pertineat,
1432 269 1497 322 qui
1517 268 1599 309 vita

35 352 297 394 cesserint4:
339 348 452 389 nobis
487 360 638 401 quoque
671 345 773 384 idem
797 344 1100 384 existimandum
1125 350 1201 385 est.

628 44 925 84 L113ER1.15‚
949 42 1005 76 35.

1262 342 1393 394 Etsi,
1433 356 1598 397 quorum

34 434 102 469 aut
122 425 295 480 ingenio,
330 429 398 463 aut
420 421 565 463 virtute
584 419 734 459 animus
757 417 931 467 excellit,
965 430 1034 456 eos
1055 416 1330 457 arbitrabimur
1344 419 1363 443 ⁵
1381 447 1391 467 ,
1423 415 1511 470 quia
1528 429 1597 456 na-

36 508 122 542 tura
159 499 303 553 optima
337 496 478 546 sintfi,
512 506 676 545 cer-nere
712 498 874 532 naturae
909 489 988 531 vim
1018 489 1210 531 maxime:
1251 490 1336 531 veri
1366 489 1492 531 simile
1518 495 1594 541 est,

128 630 149 662 3
175 629 228 661 Sic
251 629 289 660 R.
312 627 399 659 Gud.
425 626 454 657 1.
479 626 520 656 11.
544 622 649 654 Mau-b.
673 621 778 653 Rehd.
802 621 894 652 Mon.
918 619 949 651 2.
974 619 1073 651 Viud.
1095 618 1128 650 2.
1155 619 1207 651 ed.
1230 620 1293 656 D.;
1319 622 1373 650 Or.
1401 631 1428 650 c.
1454 618 1541 661 vulg.
1564 621 1598 651 in

36 678 84 708 his
104 677 181 716 ipsis
203 676 310 713 libris,·
333 683 394 715 pro
417 670 502 712 vulg.
529 670 576 700 his
599 679 636 698 ex
661 666 746 699 Gud.
768 665 882 698 Duisb.
909 665 992 708 (hiis)
1015 671 1048 695 et
1069 664 1145 696 edd.
1160 666 1192 695 S.
1206 665 1240 694 E.
1262 663 1448 705 scripsimus
1471 665 1519 695 iis.
1556 663 1596 695 V.

39 720 123 752 Adn.
145 720 176 751 in
206 732 232 750 c.
252 718 294 757 3,
320 717 350 749 5.
407 714 428 747 4
453 715 507 746 Sic
530 714 568 745 R.
592 712 678 744 Gud.
702 711 731 744 l.
756 711 875 754 aliique
896 710 989 741 multi
1013 709 1088 741 libri
1108 716 1141 741 et
1164 708 1280 752 scripti
1301 715 1334 739 et
1356 708 1455 745 editi3
1490 710 1545 739 Or.
1568 720 1596 739 c.

38 765 124 807 vulg.
148 766 318 802 cesserzml;
342 761 395 793 alii
418 771 432 793 e
452 762 517 791 vila
543 769 567 790 c.
582 783 590 797 ‚
615 764 649 789 ut
675 758 762 788 Brut.
788 759 816 798 ᾗ.
835 754 889 788 4.:
915 758 1003 787 cessit
1027 766 1041 787 e
1062 758 1138 787 vita.
1195 754 1214 785 5
1241 766 1269 787 v.
1291 753 1376 785 Adn.
1435 753 1457 786 ti
1482 752 1537 785 Sic
1558 753 1595 784 R.

39 810 125 842 Gud.
142 811 170 842 1.
196 808 228 840 2.
250 807 349 840 Vind.
375 807 403 838 l.
426 805 458 837 2.
487 811 519 836 et
543 803 728 845 complures
754 801 830 834 edd.
852 807 954 838 vett.3
982 802 1037 832 Or.
1061 812 1088 832 c.
1109 800 1198 842 vulg.
1219 803 1299 831 sunt.

31 892 135 930 patris
155 890 264 921 similis
283 887 343 917 sit:
370 884 429 916 der
443 883 532 916 Sohn
557 882 599 914 ist
622 884 676 914 des
693 884 800 913 Valers

35 935 205 973 Ebeubild5
240 932 323 963 filius
350 932 435 970 patri
459 931 589 967 similis,
626 927 684 958 der
708 925 798 957 Sohn

35 979 78 1010 ist
109 981 178 1011 dem
212 980 300 1009 rater
332 977 475 1014 ulznlich,
515 973 583 1004 ihm
618 971 798 1010 veru-andt,

38 1024 129 1056 nicht
153 1022 271 1065 gleich.
320 1021 373 1052 Sic
396 1020 484 1050 infra
510 1030 535 1049 c.
560 1018 622 1052 35,
648 1017 708 1048 Ηῑ
744 1016 799 1047 fa-

39 1070 87 1101 cie
118 1069 170 1099 vel
200 1069 316 1107 putris,
352 1064 420 1095 vita
444 1065 580 1095 omnium
608 1063 800 1101 perditorum

39 1114 84 1146 ita
106 1115 227 1145 similis.
274 1111 346 1141 Fin.
363 1110 401 1139 V.
417 1110 447 1147 5,
477 1110 535 1140 l‘.¹.:
563 1118 661 1149 quare
682 1113 800 1136 tenca-

38 1170 109 1191 mus
137 1156 349 1189 Aristotelem
381 1160 414 1185 et
438 1153 506 1184 eius
532 1151 652 1188 silium,
692 1150 797 1181 Nico-

39 1203 211 1240 maehum,
237 1201 325 1232 cuius
345 1205 496 1230 accurate
519 1196 633 1238 scripti
658 1195 699 1226 de
724 1206 799 1225 mo—

40 1249 127 1281 ribus
149 1246 222 1278 libri
241 1245 393 1276 dicuntur
410 1243 455 1274 illi
478 1241 609 1284 quidem
630 1252 701 1271 esse
722 1239 799 1270 Ari-

38 1292 186 1329 stotelis,
223 1290 281 1321 sed
314 1300 378 1320 non
409 1287 524 1323 video,
563 1298 618 1316 tur
643 1296 707 1315 non
734 1295 799 1326 po—

39 1338 139 1370 tuerit
160 1337 245 1377 patri
266 1336 376 1366 similis
395 1344 465 1363 esse
484 1331 566 1362 lilius
589 1330 677 1373 tdem
698 1330 800 1360 Vater

39 1382 183 1419 a'hnlich,
207 1380 267 1411 mit
287 1379 363 1410 dem
380 1379 420 1409 V.
439 1376 578 1420 geistige
601 1373 799 1406 Verwandt-

40 1428 149 1460 schaft
170 1424 328 1459 habendi.

105 1483 202 1514 quum
223 1471 387 1502 inscribere
412 1478 471 1499 non
494 1468 609 1507 licereLj
637 1464 711 1496 scil.
735 1475 798 1495 uo-

40 1530 115 1551 men
131 1528 234 1549 suum.
259 1514 418 1545 Solebant
434 1519 544 1543 autem
560 1510 701 1542 artifices
716 1521 800 1552 ope-

40 1564 128 1596 ribus
162 1561 225 1592 suis
261 1559 395 1590 nomina
429 1570 485 1589 sua
519 1555 724 1596 insculpere,
766 1561 801 1585 ut

41 1606 215 1642 EHOIEI
249 1612 304 1636 aut
337 1601 565 1637 EHOIHEE
590 1600 800 1633 (DEIAIAE.

39 1655 187 1686 Davisius
211 1656 368 1693 provocat
389 1648 430 1679 ad
456 1646 540 1678 Plin.
560 1647 598 1676 H.
626 1646 668 1677 N.
696 1645 802 1676 Praef.

40 1711 74 1742 p.
95 1698 127 1732 9.
184 1695 291 1728 Etiam
315 1693 402 1737 apud
428 1691 592 1724 Plutarch.
626 1690 657 1721 in
686 1689 801 1721 Pericl.

43 1755 71 1776 c.
89 1743 142 1776 31.
165 1741 245 1773 nihil
263 1740 305 1771 de
326 1739 459 1771 nomine
477 1736 636 1778 inscripto
655 1746 803 1766 comme-

41 1794 197 1820 moratur.
247 1784 421 1825 Quaeritur
443 1789 564 1820 autem,
591 1792 646 1811 cur
670 1780 804 1811 Phidiae

42 1845 108 1865 non
122 1831 249 1864 licuerit
264 1841 384 1862 nomen
397 1840 491 1859 suum
502 1825 691 1863 inscribere,
706 1835 805 1867 quum

41 1877 173 1910 aliunde
197 1887 264 1908 non
284 1881 426 1911 constet,
450 1872 588 1903 vetitam
616 1870 716 1900 fuisse
741 1879 804 1899 no-

42 1923 138 1956 minis
162 1920 411 1963 inscriptionem
436 1916 624 1948 artificibus.
676 1916 808 1946 Orellius

43 1966 227 2010 respondet
251 1966 282 1996 in
308 1963 404 1994 donis
429 1961 491 1993 diis
517 1959 716 1992 consecratis
743 1968 806 1989 non

44 2012 184 2049 licuisse,
205 2010 238 2040 in
260 2008 413 2052 operibus
434 2005 569 2050 privatis
589 2004 729 2036 licuisse.
765 2007 808 2035 At

46 2057 117 2101 ipse
136 2054 275 2093 Phidias,
298 2053 345 2085 uti
359 2059 500 2084 testatur
513 2049 685 2083 Pausanias
700 2049 740 2086 V,
758 2048 807 2080 10.

45 2115 79 2144 p.
99 2100 176 2134 397.
199 2106 303 2137 extr.‚
340 2097 382 2129 ad
417 2096 517 2140 pedes
554 2095 638 2127 Iovis
664 2093 808 2136 Olympii

46 2147 129 2179 haec
151 2144 333 2188 inscripsit:
364 2142 506 2180 Φειδίας
533 2139 711 2182 Χαρμίδου
736 2137 809 2176 υἱὸς

46 2190 226 2234 Ἀἓῐηναῖος
247 2187 280 2232 μ’
299 2187 446 2229 ἐποίησε.
495 2188 684 2224 Siebelisz'us,
709 2196 726 2215 a
743 2186 809 2215 Mo-

47 2247 114 2269 sero
134 2235 295 2273 laudatus,
319 2234 352 2265 in
374 2232 477 2264 Indic.
501 2231 545 2263 ad
567 2231 811 2262 Winchelmanni

51 2283 159 2323 Opera
183 2292 216 2322 p.
234 2280 299 2312 352
317 2290 366 2321 sq.
399 2276 502 2308 videri
527 2275 587 2307 sibi
616 2274 809 2306 Ciceronem

52 2325 133 2357 dicit
156 2323 257 2360 illud,
286 2334 352 2354 non
376 2321 506 2353 licuisse
531 2320 666 2352 Phidiae
690 2318 809 2350 inscri—

52 2370 130 2401 bere
155 2378 273 2400 nomen
287 2391 295 2405 ‚
320 2378 359 2398 ex
381 2365 570 2397 coniectura
592 2371 719 2395 tantum
744 2375 810 2406 po—

52 2413 165 2446 suisse.
213 2414 353 2444 Klotzius
376 2409 516 2451 denique
540 2408 573 2439 in
598 2408 682 2439 Add.
705 2419 736 2450 p.
756 2408 810 2439 21.

51 2459 134 2491 haec
157 2457 274 2489 habet:
316 2456 393 2486 Man
419 2454 475 2485 hat
507 2453 540 2483 in
565 2459 717 2484 neuester
739 2451 812 2484 Zeit

50 2504 84 2536 in
110 2503 200 2535 Paris
222 2501 276 2532 die
301 2499 518 2540 Entdeckung
541 2497 712 2539 gemacht,
737 2496 812 2528 dass

53 2548 202 2580 melirere
216 2546 328 2578 antike
344 2547 482 2576 Statuen
503 2542 557 2574 die
579 2543 703 2573 Namen
726 2541 812 2573 ihres

53 2592 274 2634 Verfertigers
305 2602 386 2633 ganz
418 2589 517 2620 innen
546 2587 729 2628 verborgen
753 2597 815 2627 ge—

55 2638 136 2670 habt
158 2638 286 2673 haben,
313 2635 380 2666 und
404 2646 488 2666 zwar
511 2633 572 2664 mit
595 2632 655 2663 der
681 2632 815 2661 Bemer-

56 2683 154 2725 kung,
181 2682 254 2714 dass
273 2680 442 2712 dieselbeu
464 2679 557 2710 ihren
582 2677 707 2708 Namen
725 2674 817 2706 nicht

57 2727 165 2759 haben
185 2727 273 2760 offen
293 2725 473 2767 anbringen
495 2723 613 2754 durfen
632 2747 639 2753 .
657 2746 664 2752 .
681 2745 688 2753 .
723 2719 818 2751 Diese

61 2771 160 2803 Notiz
182 2771 292 2803 wiirde
315 2782 354 2802 zu
378 2770 437 2801 der
462 2768 631 2800 Annahme
651 2763 822 2798 berechti-

62 2827 145 2858 gen,
184 2816 257 2848 dass
290 2827 324 2847 es
349 2815 434 2846 wohl
458 2825 523 2845 von
549 2812 625 2844 dem
651 2813 822 2842 Ermessen

63 2860 122 2891 des
153 2861 325 2892 Bestellers
352 2860 432 2891 oder
456 2859 515 2891 der
540 2855 824 2898 beaufsichtigen-

65 2904 129 2936 den
154 2905 303 2937 Behe'irde
326 2905 540 2948 abgehangen
576 2902 683 2934 haben
716 2900 824 2941 mo'ge,

835 879 877 912 ob
902 891 977 911 man
1002 879 1078 910 dem
1099 878 1260 910 Kiinstler
1279 876 1396 920 irgend
1421 877 1494 908 eine
1510 876 1598 908 Auf-

833 925 954 957 schrift.
976 931 1143 967 gestattcn
1169 923 1279 954 wollte
1303 923 1385 955 oder
1408 921 1513 954 nicht.

902 980 959 1002 sua
984 972 1110 1001 nomina
1135 968 1317 1011 inscribunt]
1343 979 1403 1010 pro
1424 967 1596 1005 A1·ch.X1‚

833 1014 896 1047 ‘261
934 1015 1025 1057 „Ipsi
1059 1014 1106 1045 iili
1129 1013 1319 1055 philosophi
1351 1012 1451 1043 etiam
1477 1011 1509 1042 in
1534 1011 1597 1042 illis

835 1059 964 1098 libellis,
990 1071 1070 1101 quos
1084 1058 1125 1089 de
1140 1057 1380 1089 contemnenda
1394 1056 1498 1099 gloria
1512 1055 1595 1087 scri-

836 1104 938 1141 bunt,
979 1115 1098 1134 nomen
1131 1114 1224 1133 suum
1256 1102 1457 1132 inscribunt:
1493 1100 1526 1131 in
1556 1111 1595 1131 eo

833 1149 915 1191 ipso,
939 1149 971 1179 iu
992 1160 1056 1190 quo
1074 1146 1353 1189 praedicationem
1366 1145 1595 1177 nobilitatem-—

835 1205 897 1236 que
920 1193 1116 1235 despiciunt,
1139 1191 1322 1234 praedicari
1347 1191 1388 1222 de
1412 1202 1447 1221 se
1471 1202 1509 1221 ac
1530 1201 1596 1221 no-

834 1239 949 1269 minari
972 1238 1124 1268 x·olunt.“
1165 1236 1309 1267 Eundem
1322 1235 1521 1266 sententiam
1536 1246 1595 1265 ex—

834 1283 954 1326 pressit
979 1283 1087 1313 Vah-r.
1114 1281 1245 1312 Nluxim.
1262 1282 1348 1312 VIII.
1376 1279 1425 1317 I—l,
1455 1281 1486 1312 ὃ.
1511 1287 1594 1311 extr.

901 1327 1138 1369 arbitrabimur]
1165 1326 1218 1357 Sic
1236 1338 1261 1357 c.
1288 1325 1346 1356 Db.
1370 1325 1426 1356 Kl.
1444 1326 1501 1356 Tr.
1522 1336 1538 1355 e
1557 1325 1594 1356 R.

835 1381 868 1405 et
883 1373 995 1404 Duisb.
1010 1371 1098 1403 edidi
1114 1382 1173 1413 pro
1189 1371 1274 1412 vulg.
1287 1373 1489 1401 arbitramur.
1514 1371 1596 1400 Sae-

835 1430 877 1462 pe
911 1418 996 1449 enini
1023 1416 1110 1459 apud
1137 1416 1331 1447 Ciceronem
1355 1415 1500 1446 futurum
1525 1425 1599 1445 cum

836 1463 999 1505 elegantia
1029 1462 1169 1505 quadam
1205 1461 1256 1491 vel
1290 1460 1476 1491 urbanitate
1510 1459 1597 1491 vices

835 1509 975 1540 sustinet
996 1507 1196 1550 praesentis,
1223 1505 1277 1536 ubi
1303 1505 1420 1537 Graeci
1446 1504 1598 1547 optativo

838 1566 864 1586 c.
886 1549 924 1587 ἂν
950 1553 995 1584 uti
1019 1552 1148 1589 soleut3
1175 1563 1225 1582 res
1248 1550 1334 1582 enim
1356 1562 1508 1593 praesens
1531 1561 1598 1581 non

837 1606 873 1630 ut
898 1611 954 1638 ea,
980 1610 1063 1640 quae
1087 1608 1165 1628 vere
1189 1602 1258 1635 est,
1283 1596 1341 1627 sed
1366 1602 1401 1626 ut
1425 1607 1463 1626 ea
1486 1594 1597 1631 modo,

838 1655 920 1688 quae
940 1643 1037 1675 certis
1056 1642 1249 1685 quibusdam
1270 1640 1512 1673 conditionibus
1529 1638 1600 1671 fieri

838 1695 959 1733 potest,
981 1688 1160 1731 profertur.
1199 1687 1288 1718 Infra
1311 1687 1366 1718 Ill.
1382 1687 1412 1725 5,
1431 1686 1488 1716 10:
1510 1684 1600 1716 mul-

837 1742 940 1776 toque
957 1733 1070 1765 melius
1086 1733 1167 1763 haec
1183 1739 1299 1762 notata
1318 1737 1393 1761 sunt
1408 1730 1515 1761 verbis
1530 1731 1600 1760 La—

839 1780 935 1817 tinis,
961 1790 1058 1821 quam
1084 1777 1235 1808 Graecis:
1262 1776 1350 1818 quod
1376 1775 1445 1806 aliis
1470 1785 1600 1817 quoque.

840 1823 950 1855 multis
968 1823 1050 1854 locis
1065 1825 1232 1862 reperietur
1256 1817 1378 1862 (εὕροις
1401 1816 1460 1861 ἄν,
1484 1819 1552 1851 scil.
1574 1817 1603 1849 si

840 1880 908 1900 rem
931 1867 1112 1899 accuratius
1134 1865 1303 1908 exquirere
1326 1865 1443 1899 volesl.
1493 1863 1547 1895 Sic
1567 1863 1601 1894 in

841 1912 1013 1944 sententiis
1032 1911 1248 1954 generalibus,
1275 1917 1310 1941 ut
1331 1911 1370 1940 Il.
1391 1909 1439 1948 13,
1461 1909 1522 1940 30:
1548 1918 1602 1939 ex-

841 1960 935 1990 cellet.
963 1958 1012 1995 15,
1027 1957 1089 1989 55:
1117 1955 1321 1987 consuetudo
1344 1954 1430 1985 enim
1453 1953 1603 1984 laborum

843 2002 1089 2046 perpessionem
1106 2000 1259 2032 dolorum
1274 2001 1383 2040 efficiet
1402 1998 1601 2030 faciliorem:

843 2048 889 2080 uti
915 2047 1125 2079 restituimus.
1185 2045 1236 2076 Cf.
1264 2048 1408 2077 Goerenz.
1434 2044 1477 2075 ad
1501 2044 1603 2085 Legg.

843 2095 868 2125 Ι.
884 2090 932 2131 14,
954 2090 1126 2135 41.'p.63.
1151 2092 1283 2122 Ellendt.
1301 2090 1342 2120 ad
1360 2091 1448 2122 Brut.
1471 2089 1510 2127 L,
1531 2087 1604 2120 lffl'.

843 2150 876 2181 p.
898 2135 960 2171 134
984 2149 1033 2180 sq.
1093 2138 1232 2168 Kilhner.
1256 2136 1294 2166 L.
1319 2135 1375 2165 Gr.
1410 2136 1439 2178 §.
1467 2133 1547 2171 107,
1572 2131 1604 2165 9.

845 2183 934 2215 Idem
955 2182 1057 2214 futuri
1083 2193 1156 2213 usus
1181 2181 1214 2211 in
1237 2180 1363 2212 Graeca
1382 2189 1514 2222 quoque
1537 2177 1605 2207 lin—

844 2240 906 2271 gua
929 2235 989 2259 est.
1024 2226 1107 2258 Plat.
1130 2225 1299 2258 Phaedon.
1324 2236 1356 2266 p.
1376 2225 1429 2257 Τό.
1451 2226 1496 2254 A:
1523 2219 1607 2255 ἀλλὰ

843 2274 950 2307 ταῦτα
973 2271 1031 2314 μὲν
1055 2269 1121 2313 δή,
1152 2270 1243 2312 ἔφη,
1279 2265 1491 2308 ὖπάρξει,
1526 2266 1609 2297 haec

843 2318 942 2361 igitur
964 2317 1011 2348 sic
1035 2320 1142 2355 erunt,
1167 2313 1358 2356 elegantius,
1385 2323 1480 2354 quam
1503 2308 1608 2351 ὑπάρ-

845 2375 918 2407 χει,
943 2368 1029 2393 sunt.
1076 2361 1116 2390 V.
1138 2371 1198 2389 nos
1223 2360 1254 2388 in
1279 2356 1439 2399 ampliore
1465 2357 1521 2387 Gr.
1547 2355 1605 2387 Gr.

845 2410 886 2440 T.
911 2409 950 2438 II.
983 2408 1011 2448 ξ.
1032 2402 1120 2441 446,
1146 2401 1177 2435 ll.
1200 2415 1232 2445 p.
1250 2402 1303 2434 ὃὸ.
1358 2401 1432 2433 Huc
1467 2399 1609 2437 accedit,

846 2451 935 2495 quod
958 2448 1146 2492 exquisitius
1163 2448 1308 2478 futurum
1325 2446 1367 2477 ob
1390 2445 1610 2488 praesentium

849 2497 999 2539 (excellit,
1021 2496 1099 2532 sinc,
1123 2495 1188 2524 veri
1208 2494 1306 2524 simile
1328 2491 1383 2532 est)
1407 2491 1611 2523 vicinitatem

850 2541 946 2573 facile
966 2539 998 2569 in
1020 2548 1174 2581 praesens
1193 2537 1311 2568 mutari
1331 2536 1452 2579 potuit,
1477 2536 1612 2579 vulgare

849 2595 1004 2629 praesens
1029 2583 1061 2614 in
1082 2582 1163 2614 illud
1188 2592 1252 2613 non
1276 2582 1367 2613 item.

917 2638 1036 2661 cernere
1050 2631 1180 2660 naturae
1194 2630 1259 2660 vim
1275 2628 1427 2668 maxime]
1447 2627 1540 2657 Verr.
1556 2626 1612 2657 ΙΙΙ.

856 2675 904 2712 15,
925 2675 985 2706 35:
1010 2673 1189 2705 consistere
1209 2673 1241 2703 in
1257 2684 1291 2704 re
1311 2671 1525 2703 frumentaria
1545 2680 1614 2701 ma-

855 2722 946 2751 xime.
987 2718 1041 2750 Sic
1060 2730 1159 2761 saepe
1184 2729 1256 2750 curn
1281 2728 1397 2759 magna
1421 2716 1561 2758 quadam
1583 2713 1614 2744 vi

856 2763 1046 2796 adverbium
1066 2763 1099 2795 in
1114 2762 1296 2795 sententiae
1313 2761 1456 2793 clausula
1472 2759 1615 2802 ponitur.

857 2810 898 2841 V.
924 2811 1067 2841 Goerenz.
1103 2808 1145 2840 ad
1176 2810 1276 2851 Legg.
1308 2808 1348 2839 11.
1371 2806 1435 2844 26,
1461 2806 1514 2838 75.
1562 2802 1615 2833 Cf.

859 2853 958 2900 §.33.
984 2861 1018 2885 et
1040 2865 1100 2885 nos
1124 2853 1156 2885 in
1184 2854 1242 2885 Gr.
1267 2854 1304 2884 L.
1331 2853 1360 2891 ξ.
1381 2850 1453 2889 167,
1483 2850 1509 2881 l.

1231 2945 1293 2982 6.
