1863 3221
242 91 326 135 [402
787 99 957 132 LIBER
982 97 1168 139 v.6‚15.
1195 99 1247 133 16.

354 179 427 222 Vl.
465 187 530 222 15.
565 179 629 221 M.
663 176 796 219 Facile
827 178 978 232 patior,
1022 185 1060 218 te
1089 178 1165 219 isto
1196 179 1310 219 modo
1339 193 1479 233 agere,
1519 181 1592 221 etsi
1619 181 1791 235 iniquum

1712 253 1792 296 Sed

243 342 402 382 quaero,
435 334 560 367 utrum
583 325 722 379 aliquid
744 331 870 365 aetum
887 324 1151 379 superioribus
1170 325 1319 376 diebus,
1353 339 1400 366 an
1418 326 1511 366 nihil
1531 327 1793 368 arbitremur?

243 262 303 295 est
328 253 593 310 praescribere
614 251 705 292 mihi
731 258 791 301 te,
834 252 1152 305 quemadmodum
1180 266 1201 291 a
1230 266 1292 292 me
1324 253 1508 307 disputari
1536 255 1648 295 velis.

241 401 294 441 A.
327 401 468 440 Actum
494 412 612 449 vero,
656 404 694 438 et
716 398 950 452 aliquantum
975 398 1142 452 quidem.
1206 397 1269 438 M.
1303 398 1421 452 Atqui
1446 400 1478 439 si
1502 399 1554 439 ita
1581 407 1663 451 est,
1703 414 1793 455 pro-

1619 472 1674 513 A.
1704 471 1793 526 Quo

631 544 694 586 M.
721 543 820 598 Quia
854 552 979 586 motus
1010 544 1221 585 turbulenti
1247 544 1554 599 iactationesque
1580 546 1796 587 animorum

242 475 369 527 {ligata
396 473 471 512 iam
498 471 593 512 haec
621 479 658 512 et
683 485 805 526 paene
835 472 883 512 ad
916 472 1062 512 exitum
1095 472 1256 511 adducta
1284 472 1459 525 quaestio
1484 479 1558 513 est.

243 546 395 586 tandem
430 545 571 585 modo?

240 618 425 659 incitatae
448 625 487 659 et
503 618 647 673 impetu
667 618 956 659 inconsiderato
979 619 1102 658 elatae
1117 650 1127 669 ,
1155 619 1344 658 rationem
1367 632 1518 658 omnem
1540 620 1791 673 repellentes,

241 692 344 732 vitae
370 692 504 732 beatae
529 692 670 732 nullam
691 699 838 747 partem
858 692 1093 745 relinquunt.
1157 690 1254 744 Quis
1278 692 1377 732 enim
1398 698 1525 745 potest
1545 699 1706 733 mortem
1729 700 1796 734 aut

242 766 415 806 dolorem
439 772 639 817 metuens,
672 780 832 819 quorum
855 766 1017 805 alterum
1046 779 1163 819 saepe
1188 766 1320 816 adest,
1362 765 1524 805 alterum
1548 780 1702 820 semper
1724 766 1795 806 im·

242 839 404 893 pendet,
438 852 526 879 esse
548 853 624 878 non
651 839 796 879 miser?
856 837 985 891 Quid?
1016 839 1049 878 si
1068 842 1081 864 ¹
1111 838 1210 878 idem
1235 839 1353 892 (quod
1378 839 1600 892 plerumque
1624 839 1682 892 fit)
1702 854 1795 893 pau-

241 919 452 966 pertatem,
486 911 759 966 ignominiam,
800 911 996 951 infamiam
1016 911 1147 961 timet,
1189 911 1221 951 si
1249 912 1506 961 debilitatem,
1549 912 1792 963 caecitatem,

242 985 273 1024 si
314 985 479 1038 denique
522 985 637 1038 (quod
676 999 753 1024 non
797 984 958 1038 singulis
997 984 1239 1034 hominibus,
1286 985 1354 1024 sed
1389 985 1610 1038 potentibus
1641 985 1793 1040 populis

241 1071 356 1112 saepe
379 1057 578 1111 contigit,)
610 1057 860 1098 servitutem:
902 1064 1029 1111 potest
1052 1071 1096 1096 ea
1126 1057 1265 1097 timens
1294 1071 1380 1097 esse
1408 1057 1606 1111 quisquam
1632 1058 1796 1099 beatus?

245 1137 310 1171 16.
345 1129 474 1183 Quid?
506 1130 569 1185 qui
592 1144 669 1171 non
693 1131 805 1170 modo
827 1144 873 1170 ea
899 1131 1024 1170 futura
1050 1130 1183 1179 timet,
1216 1144 1352 1171 verum
1374 1130 1489 1170 etiam
1514 1132 1589 1171 fert
1610 1132 1795 1172 sustinet-

241 1218 314 1258 que
348 1204 593 1258 praesentia,
638 1203 755 1255 (adde
787 1204 921 1244 eodem
954 1203 1119 1254 exsilia,
1162 1204 1311 1254 luctus,
1354 1204 1558 1260 orbitates)
1589 1205 1653 1258 qui
1678 1205 1796 1246 rebus

241 1278 298 1317 his
329 1279 473 1317 fractus
504 1276 748 1332 aegritudine
771 1277 946 1327 eliditur,
979 1284 1108 1331 potest
1130 1278 1282 1318 tandem
1312 1291 1400 1318 esse
1426 1292 1503 1318 non
1528 1278 1795 1320 miserrimus?

329 1397 386 1429 VI.
435 1394 450 1427 1
478 1395 532 1427 Sic
555 1397 609 1427 Or.
631 1407 658 1429 c.
682 1395 782 1428 Goer.
801 1394 843 1426 ad
865 1394 965 1426 Acad.
990 1396 1030 1426 11.
1050 1393 1090 1434 2,
1117 1394 1147 1426 5.
1169 1406 1230 1438 pro
1253 1394 1340 1437 vulg.
1362 1397 1459 1436 quid,
1483 1398 1553 1428 si..
1569 1399 1606 1428 .?

239 1478 288 1506 tus
309 1475 384 1505 Ern.
409 1473 450 1505 de
472 1474 553 1505 Dav.
579 1473 742 1505 sententia
764 1472 857 1505 uncis
889 1473 1002 1505 cinxit.
1036 1473 1089 1505 28.
1125 1473 1208 1504 ‘Fin.
1235 1474 1274 1504 V.
1299 1473 1362 1512 28,
1387 1473 1440 1506 83.
1486 1486 1546 1517 pro
1582 1475 1678 1507 Arch.
1701 1476 1795 1507 Poet.

242 1518 426 1556 Immerit03
462 1530 536 1549 nam
558 1518 591 1550 in
614 1518 664 1549 his
685 1517 763 1561 ipsis
786 1518 891 1550 verbis
915 1518 1002 1549 mul—-

241 1571 311 1595 tum
334 1563 487 1606 ponderis
509 1564 651 1606 positum
675 1570 742 1601 est,
767 1570 800 1594 et
823 1563 893 1595 aliis
917 1575 1002 1606 quo-

242 1620 304 1651 que
325 1609 404 1640 locis
420 1608 532 1640 Cicero
556 1616 632 1651 post
653 1608 864 1651 parenthesin
886 1608 919 1639 id
937 1620 1002 1640 no—

240 1666 334 1692 men,
370 1653 402 1684 in
425 1665 489 1696 quo
519 1653 704 1685 sententiae
725 1654 774 1684 vis
804 1653 908 1691 inest,
946 1665 1002 1685 re-

242 1706 356 1741 petere
377 1698 472 1731 solet.
498 1700 537 1730 V.
559 1702 701 1730 Goerenz.
723 1699 764 1729 ad
781 1698 879 1730 Acad.
897 1697 1002 1736 11‚3›4.

241 1744 364 1786 p.'.’OO.
412 1743 530 1774 Iniuria
553 1755 650 1785 saepe
674 1743 735 1774 viri
762 1743 852 1775 docti
880 1743 1001 1774 haese-

241 1795 317 1819 runt
336 1788 369 1818 in
389 1787 532 1819 eiusdem
555 1788 706 1819 vocabuli
728 1788 937 1830 repetitione.
962 1789 1001 1820 V.

245 1835 403 1872 Wopkens.
428 1834 534 1864 Lectt.
557 1833 643 1865 Tull.
665 1845 699 1876 p.
713 1833 789 1866 300.
816 1834 857 1865 H.
889 1840 922 1864 et
944 1837 1001 1866 Iu—

241 1878 346 1909 dicem
370 1890 400 1909 v.
424 1880 582 1919 Repetitio.

313 1923 458 1955 efflw.
484 1926 512 1968 ᾗ.
534 1924 584 1955 15.
610 1924 793 1964 profligata]
819 1924 862 1954 H.
879 1934 906 1954 e.
929 1935 1002 1954 ma—

241 1980 304 2009 gna
338 1979 376 1999 ex
411 1975 504 2010 parte
539 1968 703 2000 confecta.
755 1967 808 1999 Sic
842 1968 884 1999 ad
911 1969 1001 1999 Fam.

234 2010 320 2044 ῚΧΠ.
346 2014 407 2054 50,
435 2016 474 2044 2:
511 2015 677 2053 profliyato
710 2012 798 2045 bello
827 2025 865 2044 ac
898 2024 1003 2056 paene

243 2057 383 2088 sublato.
418 2058 456 2088 V.
480 2060 610 2088 Ernestiz·
634 2057 722 2088 Clav.
748 2057 896 2089 Cicer-on.
918 2058 950 2089 h.
973 2070 1003 2090 v.

243 2102 376 2132 Frustra
411 2108 548 2132 conatur
570 2103 710 2132 Klotzius
737 2102 878 2133 Gellium
902 2103 942 2134 N.
964 2106 1002 2134 A.

243 2147 320 2184 XV,
346 2148 376 2179 ὃ.
412 2153 443 2177 et
469 2146 612 2177 Nonium
638 2157 669 2188 p.
692 2145 771 2183 160,
797 2147 850 2178 2¹3.
882 2146 1003 2177 defen-

246 2190 334 2222 dere.
392 2190 567 2222 Audiamus
600 2191 705 2233 ipsum
741 2190 901 2222 Gellium:
941 2191 1004 2230 Qui

247 2235 424 2277 diligenter
447 2236 549 2266 locuti
573 2242 667 2273 sunt,
699 2236 746 2266 ita
771 2236 816 2266 usi
842 2243 935 2272 sunt,
970 2243 1004 2267 ut

239 2283 407 2322 profliyare
428 2280 576 2312 dicerent
594 2283 756 2321 prodigere
776 2288 808 2312 et
829 2283 1004 2321 deperdere,

243 2326 497 2368 profligatasque
514 2337 563 2356 res
584 2325 675 2368 quasi
693 2325 859 2368 proflictas
880 2333 912 2357 et
931 2338 1004 2368 per-

245 2370 330 2401 ditas
354 2370 571 2413 appellarint3
599 2370 657 2411 [At
680 2370 750 2413 quis
773 2378 919 2402 veterum
942 2371 1006 2402 hoc

236 2415 348 2447 'verbo
371 2416 417 2447 ita
442 2428 515 2446 usus
541 2415 633 2457 est7]
658 2427 744 2447 nunc
764 2416 862 2447 audio
887 2416 1003 2447 aedifi-

248 2460 295 2491 cia
321 2467 353 2491 et
377 2461 499 2502 templa
525 2467 556 2491 et
581 2461 642 2492 alia
669 2461 739 2492 fere
764 2461 884 2499 multa,
922 2473 1004 2503 quae

241 2515 337 2544 prope
361 2508 500 2537 absoluta
524 2509 692 2546 affectaque
716 2513 810 2543 sunt,
843 2509 875 2537 in
897 2509 1004 2548 profli-

245 2553 317 2589 gato
339 2560 400 2580 esse
423 2550 486 2580 dici
507 2558 538 2581 et
561 2554 625 2581 iam
644 2561 705 2582 esse
724 2554 902 2592 profliyata.
943 2553 1004 2592 [Ut

247 2594 422 2625 concedam
437 2619 444 2631 ,
479 2597 623 2635 aedificia
647 2607 712 2626 non
735 2603 823 2627 recte
845 2595 906 2627 dici
930 2607 1002 2636 pro-

246 2641 371 2679 fligari,
396 2646 503 2669 tamen
527 2647 614 2671 recte
636 2640 754 2672 dicitur
773 2644 919 2681 quaestio,
943 2644 1002 2672 bel·

246 2685 310 2714 lum
330 2685 504 2724 prostiyari.
541 2685 626 2726 Ergo
647 2697 711 2716 non
733 2686 810 2716 satis
830 2686 1003 2728 diligenter

247 2735 393 2759 versatus
419 2736 467 2759 est
495 2728 616 2759 Gellius
649 2729 681 2759 in
716 2731 909 2772 exponenda
940 2731 1002 2762 hac

247 2784 303 2810 τες
342 2779 430 2804 certe
461 2772 523 2804 hae
555 2773 728 2805 verborum
761 2775 947 2815 iuncturae,
984 2788 1001 2807 a

249 2818 407 2850 Cicerone
424 2824 615 2860 usurpatae,
640 2818 861 2860 respiciendae
882 2821 999 2864 erant]

311 2874 372 2895 ‘non
392 2865 520 2903 sinyulis
541 2864 732 2902 hominibus,
758 2866 811 2895 sed
832 2868 1003 2904 potentibus

242 2910 380 2951 populis]
414 2907 551 2939 Gravius
575 2907 697 2938 dictum
721 2919 799 2950 pro:
833 2920 898 2940 non
923 2916 1000 2941 tan-

245 2959 315 2985 tum
337 2962 361 2985 s'.
382 2953 414 2985 h.
428 2978 436 2993 ‚
462 2952 520 2984 sed
542 2964 574 2995 p.
596 2952 737 2995 populis.

1037 1519 1092 1556 IV,
1121 1518 1179 1551 ll:
1213 1518 1316 1549 Adest
1339 1538 1384 1542 —
1408 1519 1447 1549 L.
1469 1519 1644 1558 Lucullus,
1683 1519 1737 1562 qui
1760 1531 1796 1552 se

1035 1574 1095 1595 non
1121 1563 1270 1604 opinari,
1304 1565 1357 1595 sed
1389 1563 1492 1602 scire,
1528 1575 1588 1596 non
1621 1564 1794 1605 audivisse,

1036 1610 1089 1639 sed
1114 1608 1252 1644 vidisse,
1291 1619 1350 1640 non
1375 1608 1581 1647 interfuisse,
1616 1612 1669 1641 sed
1693 1610 1797 1652 egisse

1037 1653 1127 1684 dicit.
1176 1654 1216 1685 V.
1238 1655 1381 1685 Goerenz.
1403 1653 1446 1684 ad
1470 1653 1571 1685 Acad.
1593 1656 1634 1686 Il.
1658 1655 1720 1694 23,
1742 1655 1795 1689 73.

1037 1710 1069 1741 p.
1098 1696 1171 1730 136.

1104 1744 1131 1785 §.
1150 1741 1199 1775 16.
1233 1744 1314 1774 adde
1334 1742 1452 1786 eodem]
1479 1743 1532 1774 Sic
1552 1743 1641 1775 Lael.
1665 1743 1715 1786 18,
1732 1743 1795 1778 68:

1036 1787 1233 1819 Addendum
1256 1790 1359 1819 eodem
1383 1794 1442 1819 est.
1476 1790 1514 1820 V.
1538 1791 1732 1829 Madvigium
1756 1789 1799 1820 ad

1037 1833 1108 1864 Fin.
1133 1834 1187 1863 IV.
1215 1835 1275 1871 12,
1299 1834 1352 1865 30.
1402 1833 1575 1875 Vulgarem
1608 1834 1798 1866 distinctio-

1037 1889 1127 1909 nem:
1152 1880 1355 1917 praesentia?
1389 1880 1475 1910 Adde
1497 1898 1535 1902 —
1558 1881 1720 1919 orbitates;
1745 1882 1798 1919 qui

1037 1929 1172 1954 auctore
1189 1924 1395 1963 Wesenberyio
1410 1923 1492 1954 Adn.
1505 1925 1601 1955 Tusc.
1621 1936 1654 1966 p.
1668 1925 1697 1957 7.
1721 1936 1796 1955 mu—

1036 1967 1124 2005 tavi,
1160 1967 1234 2010 quia
1266 1968 1299 1998 in
1322 1967 1447 1999 verbis:
1484 1971 1537 2008 qui
1560 1987 1602 1993 -—-
1620 1971 1798 2008 praesentia

1039 2019 1071 2043 et
1094 2015 1175 2044 adde
1196 2033 1239 2036 —
1258 2015 1419 2052 orbitates,
1452 2016 1504 2053 qui
1529 2015 1576 2045 his
1596 2016 1685 2045 rebus
1711 2014 1744 2056 (i.
1765 2026 1795 2046 e.

1039 2057 1178 2096 exsiliis,
1213 2057 1309 2096 luct.,
1344 2058 1427 2098 orb.)
1460 2060 1637 2098 fractus—
1660 2062 1797 2091 miserri-

1037 2104 1130 2133 mus?
1157 2113 1222 2133 non
1247 2102 1312 2133 duo
1335 2103 1463 2134 diversa
1485 2103 1668 2135 sententiae
1690 2115 1796 2135 mem-

1038 2146 1096 2177 bra
1116 2147 1245 2184 insunt,
1271 2147 1330 2178 sed
1351 2159 1448 2178 unum
1468 2155 1607 2180 tantum.
1653 2149 1797 2180 Primum

1040 2198 1332 2228 commemoratur,
1373 2199 1405 2222 et
1441 2193 1572 2234 quidem
1607 2194 1795 2235 separatim,

1038 2236 1150 2266 mortis
1173 2243 1205 2266 et
1225 2236 1349 2268 doloris
1370 2243 1484 2275 metus,
1510 2236 1630 2268 deinde
1648 2237 1796 2280 reliquo-

1039 2292 1109 2311 rum
1144 2280 1304 2312 malorum
1338 2288 1462 2320 metus,
1508 2288 1577 2313 tum
1612 2283 1795 2325 aegritudo,

1040 2337 1140 2368 quae,
1166 2333 1202 2356 ut
1224 2333 1328 2357 metus
1353 2326 1531 2358 futurorum
1554 2327 1712 2359 malorum
1736 2334 1795 2366 est,

1038 2370 1083 2401 ita
1106 2371 1187 2402 haec
1208 2372 1440 2413 praesentium.
1486 2371 1608 2403 Eadem
1631 2373 1734 2412 mala,
1761 2379 1797 2404 ut

1039 2423 1224 2458 paupertas,
1248 2416 1438 2458 ignominia,
1463 2417 1535 2455 inf„
1562 2417 1670 2456 debit,
1696 2429 1795 2457 caec.‚

1039 2461 1196 2499 servitus,
1229 2468 1261 2492 et
1282 2468 1404 2492 metum
1427 2469 1459 2493 et
1482 2462 1718 2504 aegritudinem
1741 2463 1796 2494 ef—

1040 2505 1136 2537 ficere
1160 2513 1307 2548 possunt,
1332 2507 1432 2544 illum,
1457 2519 1554 2550 quum
1576 2508 1684 2538 futura
1707 2514 1794 2546 sunt,

1038 2551 1142 2589 hanc,
1173 2563 1268 2593 quum
1294 2552 1476 2592 praesentia
1499 2559 1584 2583 sunt.
1634 2553 1794 2583 Praesen—

1038 2596 1123 2627 tibus
1146 2596 1238 2627 malis
1261 2596 1354 2627 addit
1385 2599 1513 2636 exsilia,
1538 2599 1654 2635 luctus,
1678 2599 1793 2628 orbita-

1038 2644 1098 2672 tes:
1131 2653 1212 2683 quae
1240 2641 1353 2672 eadem
1374 2642 1458 2672 mala
1486 2648 1581 2672 antea
1605 2652 1734 2684 quoque
1757 2642 1790 2674 in

1038 2686 1154 2716 futuris
1176 2686 1267 2717 malis
1290 2697 1545 2717 commemorare
1563 2693 1706 2727 poterat.
1736 2687 1792 2718 Si-

1036 2730 1120 2761 milis
1145 2732 1234 2762 locus
1258 2730 1344 2762 infra
1372 2732 1427 2769 15,
1449 2732 1502 2762 45.
1527 2731 1656 2772 legitur.

1102 2778 1239 2818 eliditur]
1262 2775 1402 2817 gravius,
1423 2787 1518 2818 quam
1533 2776 1706 2818 frangitur,
1729 2776 1791 2809 de-

1035 2819 1192 2852 bilitatur.
1238 2822 1279 2853 V.
1304 2820 1345 2852 ad
1370 2822 1410 2851 ΙΙ.
1439 2821 1496 2857 11,
1518 2821 1570 2854 27.

1103 2868 1185 2905 Quid
1204 2876 1275 2897 vero
1286 2867 1317 2907 ?]
1343 2866 1381 2896 V.
1408 2864 1450 2896 ad
1475 2866 1496 2896 l.
1522 2864 1581 2904 41,
1606 2864 1659 2899 98.

1100 2910 1322 2953 ltquefaciunt]
1358 2911 1462 2952 Supra
1495 2911 1549 2942 IV.
1577 2911 1629 2948 17,
1663 2911 1788 2954 princ.:

787 2953 874 2984 Infra
899 2966 925 2985 c.
948 2955 998 2993 10,
1033 2957 1193 2987 alacritate
1212 2957 1293 2994 futili
1310 2957 1440 2995 gestiens
1458 2957 1642 2995 deliquescit.
1678 2957 1717 2990 II.
1734 2955 1787 2993 22,
