1832 3137
652 86 815 118 LIBER

52 179 142 208 esse
179 165 225 207 ad
264 165 324 216 id,
370 165 471 220 quod
507 179 584 205 non
620 178 709 206 esse
739 165 880 205 malum
917 164 1161 205 confitemur.

49 253 212 295 quaeso.

1557 74 1613 117 (53

1224 164 1276 205 A.
1308 163 1479 206 Uberius
1517 165 1609 217 ista,

841 87 867 118 1.
899 85 932 126 e,
960 83 1010 119 17.

275 238 385 279 Haec
407 238 509 280 enirn
531 238 751 294 spinosiora
770 238 892 293 prius,
928 245 969 278 ut
986 239 1188 289 confitear,
1222 252 1283 279 me
1303 245 1463 292 cogunt,
1497 253 1610 294 quam

49 320 91 354 ut
112 312 324 354 assentiar.
366 309 445 353 Sed
470 325 568 366 quae
592 318 683 352 sunt
705 324 768 362 ea,
802 324 901 364 quae
924 311 1020 351 dicis
1044 318 1080 351 te
1101 311 1248 352 maiora
1271 311 1426 352 moliri?
1465 312 1530 353 M.
1563 311 1614 354 Ut

31 387 233 436 doceam,
278 386 312 426 si
336 385 507 440 possim,
553 399 630 426 non
658 385 772 425 modo
806 384 946 424 malum
976 399 1052 424 non
1080 398 1192 436 esse,
1236 385 1303 426 sed
1329 385 1472 426 honum
1496 386 1612 427 etiam

47 473 137 501 esse
161 466 343 500 mortem.

405 459 458 499 A.
490 458 582 500 Non
608 457 760 512 postulo
783 456 818 496 id
850 457 1027 511 quidem,
1070 472 1168 498 aveo
1196 465 1324 499 tamen
1353 459 1502 501 audire.

1561 458 1616 501 Ut

46 533 151 574 enim
179 547 257 573 non
287 532 454 582 efficias,
497 532 596 586 quod
632 530 718 580 vis3
762 536 918 580 tamen,
961 544 1067 570 mors
1103 538 1143 570 ut
1167 531 1307 571 malum
1337 547 1412 572 non
1439 531 1512 584 sit,
1557 534 1614 574 el'·

47 606 170 647 ficies.

48 680 165 721 malo.

134 794 155 829 7
180 809 210 828 v.
238 795 328 830 Adn.

45 886 75 906 v.
100 873 142 906 ad
168 875 207 906 ΙΙ.
233 873 264 913 6,
293 871 358 915 14.,
382 874 424 906 de
447 881 612 907 structura
637 886 666 907 v.
693 876 812 916 efficere

44 918 87 952 ad
112 921 136 951 1.
159 918 222 958 31,
247 919 302 953 77.

111 975 195 996 mors
217 969 251 996 ut
271 966 391 996 malum
413 975 475 997 non
498 964 551 1008 sil]
586 964 710 997 Eadem
733 975 813 997 ver-

41 1009 163 1042 ‘borum
198 1009 373 1042 collocatio
405 1008 445 1049 9,
473 1009 534 1043 17:
574 1017 664 1042 certa
688 1014 723 1042 ut
746 1009 812 1041 sint

45 1061 80 1086 et
104 1053 176 1085 fixa.
212 1055 263 1094 15,
287 1054 342 1087 32.
376 1054 414 1087 31
431 1079 438 1093 ,
464 1054 517 1087 76.
552 1052 606 1094 42,
632 1055 694 1087 99ῑ
730 1054 811 1086 nihil

46 1104 80 1130 ut
103 1099 257 1130 affirmet.
304 1100 362 1130 111.
388 1099 439 1137 17,
459 1098 513 1131 ὃδ-
544 1100 595 1139 174,
619 1098 680 1131 42:
707 1098 812 1142 quivis

47 1148 80 1175 ut
104 1143 279 1185 intelligat.
325 1143 389 1180 21,
415 1143 476 1175 51:
502 1143 625 1175 nullum
649 1148 683 1175 ut
704 1150 814 1175 certa—

48 1199 123 1220 men
148 1188 327 1220 instituam.
372 1189 429 1219 IV.
451 1187 483 1226 2,
509 1189 547 1220 5:
575 1188 672 1220 facile
695 1192 729 1220 ut
750 1200 813 1231 ap-

49 1239 176 1276 pareat.
225 1234 265 1265 V.
289 1234 350 1271 20,
375 1231 429 1265 60.
477 1232 547 1265 Fin.
570 1234 619 1272 ΙΙ,
649 1233 707 1265 1οε
733 1233 816 1264 nihil

47 1282 80 1310 ut
103 1277 296 1320 cogitarent.
335 1276 442 1308 Divin.
465 1277 490 1316 1,
512 1275 573 1309 40:
598 1278 678 1309 deus
698 1282 731 1309 ut
752 1277 814 1309 ha-

49 1323 190 1354 beretur.
238 1322 293 1354 Sic
314 1324 462 1362 quoniam
487 1322 544 1353 111.
569 1323 601 1361 5,
628 1323 678 1355 11.
719 1333 816 1363 quum

48 1369 106 1399 111.
133 1367 164 1406 7,
193 1366 244 1399 15.
293 1366 427 1398 Scilicet
453 1366 720 1406 coniunctiones,
758 1379 816 1399 re-

47 1412 167 1450 lativa,
202 1411 440 1454 interrogativa
475 1418 744 1454 postponuntur,
779 1419 816 1444 ut

49 1468 275 1500 praegressum
302 1456 498 1489 vocabulum
525 1457 649 1489 maiore
672 1457 704 1489 vi
728 1456 814 1489 effe-

49 1509 150 1534 ratur.
201 1503 248 1533 De
277 1505 331 1542 qui
356 1502 399 1533 cf.
425 1502 449 1533 Ι.
477 1502 538 1540 13,
560 1502 614 1535 29.
653 1504 693 1534 11.
714 1502 756 1541 3,
780 1501 812 1535 9.

52 1546 104 1586 13,
129 1547 185 1579 30.
218 1548 272 1578 ιιι.
302 1548 351 1584 15.
377 1546 430 1579 32.
456 1548 495 1578 v.
522 1546 572 1585 19,
598 1544 653 1579 54.
689 1548 730 1580 v.
753 1558 813 1579 nos

50 1591 83 1623 in
109 1592 167 1623 Gr.
189 1592 228 1624 L.
253 1594 280 1631 ὁ.
302 1591 373 1630 167,
401 1593 429 1623 1.
465 1591 519 1623 Sic
540 1591 572 1623 iu
599 1592 725 1625 Graeca
745 1592 814 1624 lin-

50 1647 132 1678 gua,
168 1642 203 1666 ut
236 1636 316 1667 l'lat.
343 1635 481 1667 Phaedr.
517 1648 549 1679 p.
567 1636 644 1670 ¹238.
670 1640 715 1668 A:
755 1637 814 1671 καὶ

49 1678 176 1714 τούτων
204 1681 270 1714 τῶν
302 1680 399 1714 ἰδεῶν
424 1679 592 1723 ἐκπρεπὴς
612 1677 638 1725 ἣ
662 1677 700 1716 ἂν
723 1679 811 1726 τύχῃ

49 1724 221 1768 γενομένη.
270 1727 309 1758 V.
331 1728 516 1758 Stallboum.
543 1726 586 1757 ad
610 1727 691 1759 Plat.
717 1727 813 1770 Reip.

50 1772 90 1802 11.
117 1782 149 1813 p.
165 1770 241 1803 363.
263 1774 303 1802 A.
333 1777 366 1802 et
396 1782 456 1802 nos
488 1771 520 1803 in
548 1772 605 1803 Gr.
630 1772 686 1804 Gr.
712 1774 810 1805 T.11.

50 1817 79 1859 ᾗ.
99 1812 184 1853 864,
210 1815 241 1848 3.
281 1816 353 1858 (Gr.
382 1815 485 1848 schol.
513 1817 539 1859 §.
558 1814 644 1855 348,
669 1818 714 1858 ὅ.)
764 1818 814 1848 De

48 1859 330 1903 breviloquentia:
362 1861 506 1900 efficies,
531 1867 566 1891 ut
589 1871 674 1893 mors
694 1864 814 1893 malum

48 1915 110 1937 non
131 1907 170 1936 sit
189 1916 268 1948 pro:
295 1912 331 1937 ut
351 1912 493 1937 mortem
515 1904 634 1937 malum
653 1918 720 1937 non
743 1917 814 1937 esse

51 1956 164 1993 putem
193 1950 249 1989 tcf.
276 1952 304 1993 ᾗ.
323 1952 363 1983 15
387 1951 484 1991 extr.)
519 1951 562 1982 cf.
587 1952 749 1982 Halmium
772 1950 814 1983 ad

51 2006 98 2026 or.
119 2006 168 2036 pr.
189 1994 278 2025 Sulla
303 1992 354 2031 14,
373 1993 428 2027 40.
453 2006 484 2037 p.
502 1994 562 2027 92¹5:
589 2006 688 2038 saepe
710 1995 814 2027 omis-

47 2039 90 2070 sis
115 2039 221 2070 verbis
244 2039 377 2070 dicendi
401 2039 453 2071 vel
475 2039 682 2072 existimandi
702 2040 813 2072 infini-

50 2083 136 2115 tivus
168 2083 206 2115 iis
241 2083 414 2116 adiunctus
447 2084 480 2116 in
515 2084 650 2116 verbum
685 2085 814 2117 finitum

48 2134 203 2160 mutatur.
249 2129 339 2160 Infra
362 2130 415 2161 lV.
439 2132 466 2172 ᾗ.
485 2127 548 2163 47:
572 2130 619 2162 ita
641 2130 728 2162 enim
751 2131 812 2162 de-

50 2174 130 2211 finit,
157 2179 192 2204 ut
214 2174 418 2216 perturbatio
440 2174 484 2206 sit
506 2186 620 2207 aversa
643 2187 661 2207 a
684 2176 814 2207 ratione

49 2218 148 2249 animi
170 2219 349 2250 commotio
376 2221 470 2263 (pror
496 2226 531 2250 ut
552 2220 641 2253 dicat
656 2240 700 2245 ——-
714 2222 811 2262 esse).

52 2264 224 2305 Eleganter
246 2265 288 2296 de
316 2264 378 2296 hac
408 2276 443 2296 re
471 2264 651 2307 disputavit
672 2268 812 2307 Madvig.

50 2308 93 2339 ad
116 2309 185 2339 Fin.
215 2310 236 2339 l.
259 2309 301 2348 5,
329 2310 386 2341 15:
422 2309 503 2340 illud
533 2311 665 2353 quidem
694 2311 813 2343 adduci

53 2352 103 2382 vix
127 2364 281 2394 possum,
317 2360 353 2384 nt
382 2364 440 2392 ea,
476 2365 558 2396 quae
583 2356 722 2388 senserit
745 2356 812 2394 ille,

53 2396 110 2427 tibi
145 2407 210 2427 non
236 2408 313 2428 vera
338 2396 510 2429 videantur
547 2400 677 2440 (adduci
702 2412 747 2432 sc.
771 2400 814 2432 ad

52 2440 279 2479 credendum).
325 2441 482 2473 Similiter
503 2442 589 2475 infra
614 2445 638 2477 Ι.
662 2445 725 2483 32,
750 2446 812 2479 77:

51 2497 104 2517 me
126 2497 224 2517 nemo
245 2486 287 2517 de
306 2489 538 2518 immortalilale
574 2488 608 2531 (i.
627 2500 654 2521 e.
674 2489 812 2521 immor-

53 2530 189 2562 talitatis
221 2531 391 2574 opiuione)
426 2531 584 2575 depellet.
632 2534 672 2565 V.
697 2545 756 2566 nos
780 2535 812 2566 in

52 2576 109 2608 Gr.
132 2577 170 2608 L.
196 2578 224 2617 §—
247 2575 319 2615 167,
348 2577 376 2608 l.

117 2623 317 2653 coutinentem
332 2621 515 2665 orationem]
543 2621 623 2653 Inde
645 2633 663 2654 a
686 2634 756 2665 cap.
772 2624 814 2654 V.

52 2675 153 2708 usque
176 2665 218 2697 ad
240 2666 272 2698 h.
286 2665 308 2697 l.
333 2666 448 2698 Cicero
475 2667 678 2698 Socraticam
700 2673 814 2699 contra

52 2709 185 2742 alterius
209 2711 398 2753 opinionem
430 2711 612 2744 disserendi
636 2719 816 2744 consuetu-

54 2753 162 2786 dinem
182 2762 310 2787 secutus
325 2762 375 2788 est
399 2757 456 2800 (cf.
479 2768 576 2800 supra
597 2769 625 2789 c.
641 2755 675 2789 4.
697 2757 815 2800 extr.);

55 2803 160 2831 totam
195 2800 280 2833 hanc
317 2801 520 2844 (ab-8)
557 2801 815 2845 disputationem

59 2844 376 2882 Wyttenbachiusvad
408 2847 574 2880 Plutarch.
608 2847 740 2879 Consol.
772 2846 815 2879 ad

56 2887 207 2930 Apollon.
228 2902 262 2933 p.
283 2891 337 2924 55.
362 2891 455 2936 Lips.
478 2903 517 2923 ex
542 2893 702 2925 Crantore
725 2892 814 2935 peti-

56 2939 122 2964 tam
147 2944 216 2966 esse
239 2935 412 2970 existimat.
462 2939 538 2978 lam,
564 2937 628 2970 hac
649 2937 815 2971 subtiliter

247 604 327 647 Sed
369 605 462 646 nihil
505 612 540 645 te
584 603 866 658 interpellabo3
914 602 1178 643 continentem
1221 605 1436 646 orationem
1479 606 1614 647 audire

230 685 297 721 17.
340 678 404 719 M.
437 677 569 732 Quid?
606 677 639 718 si
683 684 720 718 te
749 690 948 731 rogavero
985 676 1153 730 aliquid,
1187 679 1296 717 non⁷
1333 680 1616 733 respondebis?

845 872 1074 917 interrogandi
1097 881 1130 906 et
1152 873 1377 917 respondendi
1404 874 1535 907 ratione
1559 887 1615 908 re-

845 918 935 960 licta,
959 919 1145 963 copiosiore
1164 919 1307 963 quodam
1329 926 1363 951 et
1385 920 1538 952 uberiore
1559 927 1615 952 at-

845 974 909 1006 que
945 964 1020 997 fuso
1052 976 1173 1008 genere
1207 964 1325 996 utitur:
1363 965 1416 1008 qui
1444 972 1515 997 erat
1542 977 1614 998 mos

847 1007 1107 1051 ἅριστοτέλειοςι
1136 1010 1169 1041 in
1193 1021 1258 1052 quo
1281 1021 1389 1042 sermo
1413 1010 1460 1042 ita
1482 1010 1616 1043 induci-

848 1060 922 1093 tur,
946 1062 982 1086 ut
1005 1066 1105 1096 penes
1130 1066 1228 1086 unum
1247 1055 1290 1085 sit
1314 1055 1527 1097 priucipatuS.
1574 1056 1614 1088 V.

847 1110 908 1130 nos
932 1099 965 1130 iu
990 1098 1074 1130 libro
1095 1098 1126 1131 d.
1152 1101 1189 1131 de
1213 1101 1310 1132 Cicer.
1333 1102 1364 1131 in
1386 1102 1496 1139 philos.
1517 1103 1617 1132 merit.

850 1154 882 1185 p.
904 1140 1107 1176 149-151.
1143 1150 1177 1174 et
1203 1155 1287 1186 quae
1311 1144 1345 1175 in
1369 1145 1616 1187 l’rolegomenis

853 1188 953 1231 (VII.)
980 1187 1023 1220 ad
1046 1188 1107 1220 hos
1130 1188 1233 1220 libros
1258 1188 1479 1230 exposuimus.

919 1235 947 1276 §.
962 1232 1012 1266 17.
1036 1243 1098 1264 non
1117 1235 1316 1273 respondebis
1326 1235 1357 1275 2]
1373 1234 1428 1265 Sic
1438 1241 1528 1266 recte
1540 1241 1617 1278 post

850 1276 935 1308 Lall.
961 1283 995 1308 et
1016 1278 1073 1309 W.
1098 1278 1243 1309 restituit
1267 1280 1320 1310 Or.
1357 1280 1425 1311 Non
1442 1279 1563 1321 legitur
1582 1280 1617 1312 in

852 1321 939 1353 Gud.
964 1323 1003 1353 Π.
1020 1322 1052 1354 2.
1076 1322 1190 1354 Duisb.
1212 1322 1312 1354 Vind.
1331 1323 1358 1354 1.
1382 1330 1414 1354 et
1436 1324 1500 1355 edd
1536 1332 1619 1357 vett.

850 1367 888 1398 P.
902 1367 942 1398 L.
957 1367 1029 1398 Car.
1045 1367 1160 1410 steph.
1175 1367 1228 1399 Fr.
1242 1367 1358 1405 Fabr.;
1384 1369 1500 1411 reliqui
1521 1370 1619 1403 codd.

851 1418 886 1443 et
907 1411 1078 1444 edd.vett.
1100 1411 1224 1443 habent
1236 1423 1346 1444 nonne.
1372 1413 1468 1445 Licet
1487 1414 1618 1457 plurimi

849 1463 883 1488 et
914 1456 1031 1499 optimi
1057 1457 1132 1489 libri
1156 1467 1255 1490 nonne
1289 1464 1461 1497 tueantur5
1495 1466 1616 1500 tamen,

850 1507 887 1532 ut
918 1501 953 1532 id
986 1501 1186 1545 reciperem,
1221 1502 1400 1545 impetrare
1423 1516 1442 1536 a
1463 1516 1516 1537 me
1550 1517 1617 1538 non

849 1546 955 1589 potui.
986 1546 1049 1578 Vix
1066 1547 1203 1589 cogitari
1222 1554 1345 1591 potest,
1371 1549 1506 1591 vulgare
1519 1561 1619 1584 nonne

848 1602 866 1622 a
886 1591 1025 1623 librariis
1048 1600 1210 1624 mutatum
1232 1604 1302 1624 esse
1323 1592 1355 1624 in
1379 1594 1482 1625 rarius
1502 1602 1536 1627 et
1558 1607 1619 1627 ex—

849 1636 999 1679 quisitius
1030 1648 1111 1679 non3
1149 1644 1265 1670 contra
1290 1637 1371 1669 nihil
1396 1639 1524 1672 facilius
1548 1640 1618 1673 fieri

848 1682 977 1724 potuit,
1004 1694 1100 1725 quam
1125 1689 1178 1722 ut,
1214 1694 1311 1726 quum
1334 1684 1539 1717 reconditior
1562 1685 1619 1718 in·-

848 1727 1042 1769 terrogativi
1074 1738 1136 1759 non
1172 1739 1245 1759 usus
1281 1728 1489 1762 librariorum
1514 1731 1618 1763 aciem

849 1772 991 1813 fugeret,
1016 1773 1177 1815 particula
1198 1782 1260 1806 non
1282 1772 1315 1804 in
1338 1773 1453 1806 tritum
1475 1776 1557 1807 illud
1579 1788 1618 1808 ao

848 1824 1062 1858 pervagatum
1096 1828 1196 1850 norme
1227 1824 1429 1858 mutaretur,
1467 1822 1618 1860 Nonius,

849 1861 903 1902 qui
928 1872 1026 1893 norme
1051 1861 1207 1901 retinuit,
1246 1870 1417 1904 comparat
1441 1865 1534 1896 Verr.
1558 1866 1616 1899 IV.

849 1906 888 1943 9,
918 1906 969 1937 19.
1008 1906 1080 1937 Fin.
1101 1908 1142 1938 11.
1165 1906 1207 1945 3,
1234 1907 1285 1939 10.
1312 1907 1380 1950 (ubi
1405 1920 1436 1940 v.
1458 1911 1614 1952 Madviy.)

849 1951 890 1982 V.
911 1951 975 1988 223,
1001 1950 1076 1989 864
1115 1958 1149 1983 at
1177 1951 1211 1983 hi
1234 1950 1299 1983 loci
1325 1952 1374 1991 ei,
1410 1965 1505 1996 quem
1531 1967 1617 1987 nuno

849 2001 1038 2034 tractamus,
1064 2007 1129 2027 nou
1153 2007 1286 2039 prorsus
1309 1998 1523 2040 respondent.
1549 2002 1618 2033 Non

850 2051 930 2072 cave
954 2040 986 2071 h.
1012 2040 1034 2071 l.
1069 2052 1141 2072 cum
1164 2043 1362 2074 Billerbechio
1388 2044 1532 2086 explices
1556 2056 1618 2088 per

847 2095 956 2117 norme.
991 2085 1055 2116 Res
1078 2085 1126 2118 sic
1146 2097 1218 2118 sese
1239 2086 1351 2118 habet.
1389 2089 1534 2131 Negatio
1555 2101 1617 2124 ποπ

848 2130 972 2173 duplici
1002 2130 1103 2162 modo
1135 2131 1166 2162 in
1193 2131 1454 2174 interrogatione
1477 2146 1618 2178 usurpa-

850 2181 923 2215 tur;
957 2187 1032 2206 nam
1063 2182 1120 2207 aut
1149 2176 1237 2208 idem
1262 2178 1369 2214 valet,
1406 2179 1493 2221 quod
1517 2191 1617 2213 norme

851 2220 925 2263 (nisi
947 2220 1037 2263 quod
1056 2221 1186 2263 gravius
1209 2228 1258 2253 est
1276 2234 1371 2265 quam
1390 2225 1514 2265 noune),
1538 2225 1571 2256 h.
1586 2236 1614 2256 e.

848 2265 1003 2308 ponitur,
1030 2278 1127 2308 quum
1151 2267 1446 2307 interrogationem
1468 2275 1615 2301 nostram

849 2310 889 2341 ab
904 2310 1008 2341 altero
1024 2311 1225 2342 affirmatum
1240 2311 1276 2342 iri
1293 2312 1487 2342 confidimus
1511 2314 1615 2356 (nicht

849 2355 965 2386 wahr‘?
1001 2355 1059 2386 das
1095 2356 1244 2387 versteht
1273 2355 1342 2386 sich
1376 2356 1501 2398 doch?)
1561 2359 1614 2395 Cf.

848 2412 945 2442 supra
969 2400 1043 2435 c.7,
1073 2400 1129 2432 13:
1167 2400 1348 2441 pugnantia
1379 2407 1412 2433 te
1441 2402 1530 2445 loqui
1554 2415 1615 2436 non

848 2443 967 2476 vides?
1016 2445 1056 2474 V.
1078 2443 1134 2481 27,
1160 2444 1221 2477 79;
1259 2445 1346 2484 Quid
1369 2445 1522 2479 bestiae?
1551 2460 1614 2482 non

848 2489 972 2530 frigus,
996 2498 1058 2520 non
1080 2487 1221 2529 famem,
1246 2500 1307 2522 non
1328 2491 1536 2535 montivagos
1559 2501 1616 2526 at-

848 2545 911 2577 que
930 2532 1097 2564 silvestres
1120 2544 1229 2566 cursus
1250 2534 1527 2581 lustrationesque
1550 2550 1614 2582 pa—

847 2576 1000 2610 tiuntur?
1036 2588 1097 2610 non
1127 2590 1189 2622 pro
1213 2590 1272 2611 suo
1298 2587 1393 2623 partu
1417 2601 1459 2606 —
1484 2594 1613 2627 propu-

849 2628 952 2665 gnant
973 2621 1044 2653 ——?
1092 2623 1145 2655 Sic
1166 2624 1199 2656 in
1224 2626 1441 2668 complurium
1465 2628 1613 2661 interro-

850 2667 1018 2710 gationum
1043 2668 1291 2702 continuatione
1313 2678 1390 2714 post
1411 2684 1511 2706 norme
1533 2674 1613 2706 reli-

851 2723 913 2755 qua
936 2713 1081 2744 membra
1111 2725 1172 2757 per
1199 2726 1260 2748 ηοη
1291 2716 1522 2760 adiunguntur.
1571 2720 1612 2752 V.

849 2759 1034 2792 Ramshorn.
1059 2759 1132 2791 Lat.
1160 2760 1304 2792 Gramm.
1332 2762 1360 2804 §5-
1381 2761 1454 2796 174.
1479 2764 1559 2795 Not.
1578 2766 1611 2795 2.

849 2814 883 2845 p.
900 2800 976 2837 704.
1012 2805 1149 2836 KiIhner.
1173 2806 1212 2837 L.
1236 2806 1295 2838 Gr.
1319 2808 1443 2851 §.1522
1465 2808 1498 2840 3.
1523 2808 1554 2848 c)
1579 2814 1613 2839 et

849 2848 929 2880 Not.
954 2848 986 2882 7.
1011 2867 1056 2872 -
1104 2852 1169 2881 Aut
1204 2862 1276 2882 cum
1311 2851 1431 2883 affectu
1468 2852 1611 2894 quodam

848 2892 901 2925 vel
936 2892 1163 2937 impatientiae
1203 2895 1256 2927 vel
1290 2896 1516 2928 admirationis
1559 2898 1611 2930 vel

847 2937 1084 2982 indignationis
1118 2939 1270 2983 ponitur,
1307 2940 1352 2972 ita
1387 2940 1539 2983 quidem,
1575 2949 1610 2975 ut
