1832 3137
654 85 1029 126 1.1ssnu1.35‚s6.

1543 77 1617 118 1413

58 178 142 205 oum
161 176 300 204 socero
318 163 458 203 bellum
477 163 689 217 gessisset3
725 179 801 204 non
820 165 1032 219 imparatus
1052 179 1159 204 arma
1177 165 1423 219 sumpsisset,
1457 179 1534 205 nou
1552 166 1619 205 ‹lo-

57 251 158 277 mum
184 236 430 290 reliquisset3
470 250 547 276 non
577 251 630 277 ex
655 236 766 277 ltalia
791 237 978 290 fugisset3
1013 252 1115 288 uon,
1149 237 1326 277 exercitu
1347 237 1515 288 amisso,
1549 252 1619 278 nu-

56 310 126 350 dus
145 309 182 349 in
204 323 409 350 servorum
437 310 580 350 ferrum
605 317 643 350 et
668 323 802 350 manus
829 310 1053 361 incidisset,
1088 325 1165 350 non
1189 310 1299 351 liberi
1321 309 1449 351 defleti
1465 313 1509 362 ὃς
1542 325 1620 351 non

57 382 234 422 fortunae
273 396 409 422 omnes
445 397 466 423 a
506 383 719 423 victoribus
754 382 1063 437 possiderentur.

1128 382 1230 437 Qui,
1274 384 1307 423 si
1346 390 1510 424 mortem
1542 392 1618 424 tum

57 455 227 506 obisset,
261 455 299 495 in
320 455 567 510 amplissimis
586 455 750 496 fortunis
772 455 1002 505 occidisset,
1038 456 1068 495 is
1090 458 1367 512 propagatione
1388 459 1489 498 vitae
1510 465 1618 512 quot,

29 535 241 583 „quantas‚
277 543 390 582 quam
421 529 669 570 incredibiles
700 528 829 569 hausit
859 527 1122 569 calamitates!

172 600 379 643 XXXVI.

149 705 171 739 6
195 709 235 740 V.
259 707 344 739 Adn.
392 709 554 742 XXXVI.

443 602 552 643 Haec
580 608 704 642 morte
732 601 992 655 effugiuntur,
1036 602 1152 641 etiam
1176 602 1207 642 si
1245 617 1322 643 non
1349 611 1567 644 evenerunt
1585 607 1619 655 ¹,

606 708 620 739 1
657 707 711 739 Sic
735 708 772 740 R.
799 707 886 741 Gud.
912 706 942 739 1.
968 709 1008 740 ΙΙ.
1032 707 1152 751 aliique
1183 706 1276 739 multi
1305 707 1403 741 codd.
1431 715 1464 740 et
1485 709 1536 740 ed.
1557 716 1621 741 vet.

60 753 125 790 Η.;
152 755 206 784 Or.
234 764 261 784 c.
282 752 367 794 vulg.
395 755 566 785 evenerint:
592 752 681 796 quod
704 753 810 784 minus
834 759 958 796 aptum.

58 822 311 860 9ratutabantur,
337 819 428 862 quasi
454 819 578 852 dictum
601 820 661 851 sit:
689 823 827 852 coronati

60 867 95 896 N.
118 866 260 904 suerunt,
295 866 371 896 dum
392 866 484 905 vul90
509 875 547 897 ex
570 876 640 906 opp.
662 876 695 905 1²·
718 869 826 906 gyratu-

60 911 215 941 labantur.
264 909 314 941 Cf.
339 908 381 940 ad
407 910 430 940 I.
457 912 496 948 2,
522 907 554 942 4.

126 956 218 993 vulgyo
242 973 285 977 —
308 955 563 997 gratulabantur]
598 956 639 986 H.
661 967 688 986 e.
717 954 827 985 omnia

62 998 114 1030 vel
136 999 252 1029 saltem
282 999 438 1041 pleraque
464 999 586 1041 oppida
612 999 826 1041 gratulaban-

62 1050 124 1074 tur.
175 1044 265 1073 Caes.
294 1045 326 1075 Β.
351 1044 385 1074 C.
408 1045 431 1074 Ι.
453 1046 515 1075 ζὶῦῑ
552 1047 643 1084 vulgo
666 1056 704 1075 ex
730 1044 826 1075 tectis

62 1087 310 1130 significabant:
346 1087 401 1119 ubi
424 1100 454 1119 v.
478 1090 566 1119 Held.
594 1100 622 1130 p.
644 1089 698 1120 59.
728 1090 826 1119 Corn.

64 1133 149 1174 Nep.
175 1132 278 1164 Alcib.
315 1134 369 1164 VI.
393 1132 433 1164 ὃς
471 1133 602 1164 coronis
632 1132 737 1164 aureis
769 1144 829 1164 ae-

63 1177 197 1220 neisque
225 1179 318 1216 vulqo
354 1176 398 1219 th.
425 1189 451 1208 e.
486 1177 625 1219 passim,
663 1190 680 1209 a
711 1189 829 1219 magna

66 1222 173 1264 parte)
192 1221 395 1253 donabatur:
423 1221 477 1252 ubi
491 1234 519 1254 v.
532 1225 690 1254 Bremium
707 1234 739 1264 p.
757 1223 828 1253 llc').

64 1269 164 1299 Moser
180 1273 348 1308 comparat
371 1266 412 1296 N.
430 1267 468 1300 D,
492 1267 549 1297 ΙΙΙ.
575 1267 625 1303 17,
643 1266 705 1298 44:
733 1277 828 1308 quem

66 1312 266 1352 (Saturnum)
293 1313 386 1350 vulyo
402 1310 542 1341 maxime
565 1311 679 1342 colunt
702 1310 743 1341 ad
767 1322 828 1342 oc—

64 1355 240 1386 cidentem.
276 1355 318 1386 ad
342 1361 410 1386 Att.
434 1356 537 1393 XVI,
564 1355 622 1387 10:
656 1358 749 1395 vulgo
774 1355 828 1386 lo—

64 1400 256 1443 quebantur.
295 1399 375 1431 lbid.
394 1400 418 1437 Ι,
444 1401 480 1431 l:
506 1406 627 1441 negant
644 1402 747 1439 vulgo.
776 1400 827 1431 Cf.

65 1456 124 1477 nos
160 1444 192 1475 in
219 1446 275 1477 Gr.
298 1445 337 1475 L.
364 1442 489 1488 §.1245
517 1444 667 1476 Not.13.
684 1445 729 1486 b).
780 1446 829 1476 De

65 1501 100 1522 re
121 1489 192 1532 ipsa
217 1489 332 1520 Vellei.
359 1490 488 1520 Patere.
512 1491 558 1527 ΙΙ,
585 1487 639 1521 475.

133 1537 273 1574 Ineptum
297 1544 370 1566 sone
393 1537 549 1573 neqotium
574 1538 601 1566 et
627 1534 828 1577 Graeculum]

67 1579 264 1611 Graeculum
284 1579 452 1620 negotium
476 1579 694 1620 contemptim
711 1579 830 1610 dicitur

66 1624 108 1656 de.
128 1635 255 1655 summo
276 1626 478 1654 Graecorum
495 1624 655 1666 Pompeio
678 1624 830 1667 placendi

68 1677 101 1701 et
122 1668 275 1700 adulandi
299 1668 417 1699 studio.
452 1671 656 1701 Fortunatam
675 1672 831 1709 neyotium

69 1721 119 1745 est
149 1725 198 1745 res
227 1714 348 1745 bonam
375 1713 509 1744 alicuius
535 1715 703 1745 fortunam
726 1714 829 1756 signi—

68 1759 168 1790 ficans
191 1758 243 1790 vel
267 1758 461 1800 simpliciter
479 1770 530 1790 res
555 1759 654 1798 felix,
681 1771 732 1790 res
755 1761 831 1790 fau—

67 1811 130 1835 sta.
185 1805 318 1835 Kernius
346 1803 461 1835 vertit:
498 1806 640 1836 indessen
672 1806 749 1835 doch
772 1814 832 1836 von

67 1853 155 1889 9uler
173 1850 362 1888 Bedeuluny.
412 1851 545 1880 Orellius
573 1849 661 1891 prius
683 1849 830 1891 explica-

68 1893 144 1925 bat:
179 1893 245 1924 Sed
268 1900 377 1924 tamen
411 1900 442 1924 et
474 1894 601 1925 sanatio
626 1893 774 1935 Pompeii
799 1900 832 1924 et

68 1937 245 1981 gratulatio
268 1938 329 1968 ista
353 1938 508 1969 fortunae
524 1938 748 1973 tribuebatur3
774 1938 832 1969 sed

67 1983 101 2014 in
125 1982 176 2014 ed.
203 1982 298 2015 1639.
319 1982 538 2024 adstipulatur
558 1983 740 2013 sententiae
758 1985 832 2014 Hot-

68 2029 188 2067 tinyerz‘,
213 2026 267 2069 qui
290 2027 484 2058 vocabulum
504 2029 697 2066 fortunatum
713 2027 832 2058 delen-

69 2072 147 2103 dum
181 2077 309 2107 censet,
348 2078 382 2102 ut
410 2072 532 2103 ironica
563 2072 720 2114 quaedam
747 2069 832 2106 (27:0—

70 2114 238 2158 σιώπησις
269 2116 407 2147 existat:
454 2119 662 2156 Graeculum,
698 2119 751 2149 sed
785 2121 832 2149 ta-

70 2163 163 2193 men!
204 2161 484 2203 tFrancogallice:
519 2165 600 2193 mais
624 2164 760 2203 entim),
797 2168 833 2193 ut

70 2207 112 2238 N.
137 2206 174 2237 D.
204 2207 227 2244 I,
247 2206 308 2238 33:
347 2206 578 2245 „meretricula
599 2207 698 2238 etiam
719 2208 831 2238 Leon-

71 2250 152 2282 tium
178 2258 293 2282 contra
310 2251 576 2294 Theophrastum
595 2252 739 2283 scribere
756 2263 833 2283 ausa

70 2295 139 2326 sit?
189 2295 279 2327 Scito
300 2295 355 2326 illa
378 2296 509 2339 quidem
539 2309 689 2328 sermone
715 2304 749 2328 et
770 2301 833 2328 At—

72 2339 159 2376 tico,
184 2342 237 2371 sed
262 2344 410 2372 tamen!“
443 2343 534 2380 Quae
557 2342 642 2373 ratio
664 2342 742 2373 mihi
769 2354 833 2374 non

72 2384 242 2426 probatur.

141 2439 210 2459 cum
234 2428 349 2470 socero]
386 2428 419 2461 C.
447 2429 528 2460 Iulio
555 2431 713 2469 Caesare,
747 2431 836 2462 cuius

74 2473 140 2505 filia
167 2473 243 2504 lulia
266 2473 424 2515 Pompeio
456 2481 558 2516 nupta
592 2476 657 2516 (ot).
679 2487 706 2508 a.
732 2476 835 2518 Chia),

75 2517 134 2550 sed
154 2517 218 2549 iam
241 2524 316 2560 post
338 2519 357 2550 ὁ
379 2530 482 2549 annos
505 2526 633 2550 mortua
653 2518 734 2559 ³5³4)
756 2528 836 2553 erat.

142 2573 201 2594 non
226 2565 311 2594 liberi
335 2563 451 2606 defleti]
478 2565 531 2595 Or.
553 2576 577 2596 c.
594 2565 630 2594 l).
656 2564 688 2594 in
707 2564 757 2595 ed.
776 2567 799 2596 l.
819 2577 836 2596 e

77 2607 150 2640 cod.
176 2608 247 2639 Urs.
272 2607 370 2638 duob.
397 2610 477 2640 Oxx.
501 2615 534 2639 et
558 2608 670 2639 Duisb.
692 2609 838 2650 reposuit

77 2654 166 2684 deleti
189 2664 249 2695 pro
274 2652 405 2693 vulgata
430 2655 550 2694 defleti,
588 2665 683 2695 quam
708 2653 837 2694 egregie

77 2701 201 2728 tutatus
227 2704 277 2729 est
300 2699 454 2729 Bentletus
480 2705 513 2729 et
538 2698 750 2729 restituerunt
774 2700 836 2729 Da-

77 2743 174 2773 visius
206 2741 239 2773 in
274 2741 349 2773 edd.
373 2754 488 2785 seqq.,
523 2746 700 2782 Ernestius,
735 2754 838 2784 nuper

81 2787 223 2826 Treqder,
246 2786 399 2829 probavit
420 2787 517 2819 etiam
541 2790 680 2819 Klotzius
704 2787 735 2818 iu
755 2787 838 2818 Add.

81 2841 113 2871 p.
128 2832 170 2862 42
182 2842 230 2873 sq.
263 2831 468 2864 Rectissime.
518 2833 695 2864 Enimvero
723 2831 839 2863 Cicero

80 2874 114 2905 h.
137 2873 158 2904 l.
179 2873 321 2917 loquitur
342 2876 382 2908 de
406 2877 451 2908 eis
476 2877 735 2914 calamitatibus,
761 2888 839 2919 quas

81 2919 152 2961 ipse
174 2918 281 2951 hausit
302 2922 486 2965 Pompeius.
535 2925 578 2954 At
599 2922 656 2954 lilii
679 2921 837 2965 Pompeii,

864 820 995 851 Gnaeus
1028 825 1061 850 et
1083 821 1219 858 Sextus,
1255 826 1333 862 post
1367 820 1494 852 obitum
1523 820 1624 863 patris

862 864 994 896 demum
1018 864 1118 895 deleti
1139 870 1234 895 sunt:
1261 876 1399 907 quorum
1422 866 1515 904 alter,
1541 868 1624 896 Sex-

862 916 914 940 tus
947 909 1143 951 Pompeius⁷
1182 909 1334 941 Ciceroni
1365 909 1426 952 ipsi
1460 917 1624 953 superstes

863 954 926 985 suit
947 960 979 985 et
1013 965 1073 996 per
1102 954 1223 985 multos
1257 966 1361 986 annos
1383 967 1490 986 rerum
1512 962 1623 997 gesta-

862 1011 933 1030 rum
973 998 1076 1040 gloria
1111 999 1231 1031 lloruit.
1291 1000 1378 1031 Hinc
1418 999 1624 1042 intelligitur,

862 1044 1057 1085 scripturam
1081 1045 1169 1074 deleti
1191 1056 1209 1074 a
1232 1043 1398 1075 Ciceronis
1424 1056 1521 1075 manu
1544 1056 1626 1087 pro-

864 1088 964 1119 ficisci
988 1099 1053 1118 non
1074 1088 1230 1129 potuisse.
1279 1089 1403 1120 Contra
1422 1091 1524 1130 defleti
1547 1101 1625 1120 sen-

862 1132 999 1164 tentiam
1014 1132 1090 1162 hnic
1107 1132 1182 1163 1000
1198 1133 1335 1174 praebet
1348 1134 1626 1166 accommodatis-

863 1177 987 1208 simam.
1037 1179 1143 1217 Defleti
1165 1177 1250 1208 enim
1270 1184 1346 1208 sunt
1369 1190 1387 1209 a
1408 1179 1567 1220 Pompeio
1584 1179 1627 1210 li-

863 1222 951 1260 beri,
978 1228 1094 1263 utpote
1114 1221 1177 1252 iam
1199 1222 1349 1254 omnibus
1371 1223 1541 1265 praesidiis
1563 1235 1628 1254 nu-

863 1266 932 1297 dati
950 1272 983 1297 et
1003 1265 1103 1296 ruinis
1123 1266 1226 1307 patris
1249 1266 1319 1297 sine
1333 1266 1434 1298 dubio
1457 1268 1628 1300 obruendi.

863 1310 1067 1342 Sententiam
1101 1318 1210 1341 autem
1244 1322 1311 1342 non
1345 1312 1424 1343 satis
1448 1320 1528 1355 apto
1551 1313 1628 1345 loco

863 1355 1029 1398 prolatam
1053 1366 1142 1392 esse,
1170 1355 1269 1386 caede
1293 1355 1420 1387 scilicet
1445 1357 1509 1388 iam
1534 1369 1629 1389 com—-

864 1406 1047 1431 memorata
1073 1400 1240 1441 Pompeii,
1278 1399 1313 1431 id
1339 1401 1471 1443 quidem
1495 1402 1628 1444 largior,

864 1445 923 1476 sed
946 1445 978 1475 in
1004 1444 1054 1475 his
1089 1444 1286 1476 festinanter
1319 1446 1513 1489 conscriptis
1538 1447 1628 1478 libris

865 1501 932 1521 non
951 1489 1130 1521 admodum
1151 1490 1330 1521 curandum
1349 1491 1510 1523 existimo.
1544 1494 1629 1525 Orel-

864 1538 923 1567 lius
948 1534 989 1565 de
1012 1534 1173 1577 scriptura
1195 1537 1284 1566 deleti
1301 1535 1383 1567 haec
1403 1536 1514 1570 addit:
1541 1536 1631 1575 „dici

865 1580 930 1611 hoc
950 1586 1084 1622 poterat
1104 1579 1145 1611 de
1164 1581 1222 1610 Cn.
1238 1581 1406 1623 Pompeio,
1432 1581 1499 1613 filio
1522 1582 1631 1613 inter—-

866 1625 979 1663 fecto,
1019 1624 1060 1655 de
1084 1626 1185 1656 Sexto
1220 1631 1299 1657 tunc
1333 1627 1482 1658 omnibus
1511 1627 1628 1669 opibus

865 1670 1046 1713 spoliat0.“
1104 1672 1246 1701 Rez'shius
1286 1670 1463 1713 legendnm
1497 1673 1631 1704 coniicit

866 1726 927 1747 non
956 1717 1043 1746 libert
1078 1719 1220 1746 essent
1244 1717 1354 1747 deleti:
1389 1716 1478 1758 quod
1509 1718 1631 1760 probat

869 1762 1004 1791 Wesenb.
1033 1760 1103 1790 Em.
1126 1761 1167 1790 ΙΙ.
1196 1771 1228 1801 p.
1250 1758 1304 1792 24.
1353 1762 1445 1792 Infra
1477 1761 1539 1800 37,
1564 1762 1628 1794 90:

867 1804 1043 1843 „odiosum
1069 1807 1126 1845 (sc.
1149 1804 1256 1843 essetl,
1281 1804 1309 1835 si
1329 1805 1364 1836 id
1387 1812 1473 1836 esset
1496 1811 1629 1838 carere“

866 1850 949 1880 haec
971 1848 1093 1890 ellipsis
1109 1860 1175 1880 non
1199 1849 1349 1887 oll'endit,
1375 1857 1408 1881 at
1428 1850 1461 1881 in
1482 1851 1544 1882 hac
1567 1863 1630 1893 pe—

866 1893 983 1930 riodo,
1017 1893 1049 1923 iu
1082 1904 1145 1935 qua
1176 1899 1224 1923 est
1254 1905 1379 1926 summa
1409 1896 1631 1927 membrorum

868 1937 1082 1975 concinnitas,
1107 1937 1194 1979 apud
1210 1940 1384 1970 Ciceronem
1405 1940 1534 1982 quidem
1556 1953 1631 1973 ma-

867 1983 953 2014 xime
978 1982 1130 2014 ofl'endit.
1178 1983 1217 2014 V.
1239 1994 1298 2014 nos
1320 1984 1352 2014 in
1376 1984 1432 2015 Gr.
1451 1986 1488 2017 L.
1513 1986 1540 2027 ξ.
1558 1986 1630 2018 101.

867 2029 945 2059 Not.
968 2027 1000 2059 3.
1046 2027 1131 2058 Nam
1164 2027 1252 2068 apud
1277 2028 1430 2059 Tacitum
1465 2041 1530 2060 non
1556 2041 1631 2061 raro

866 2073 899 2103 in
923 2072 1027 2104 altera
1050 2072 1312 2104 enuntiationum
1337 2074 1563 2116 copulatarum
1586 2086 1632 2107 es-

866 2121 908 2149 set
933 2117 1106 2149 omittitur.
1158 2119 1292 2149 Wesenb.
1316 2130 1424 2161 comp.
1448 2123 1485 2151 A.
1510 2121 1543 2158 l,
1569 2120 1629 2152 32:

867 2162 957 2205 quod
987 2174 1094 2205 neque
1117 2164 1235 2194 disiecti
1262 2165 1319 2206 (sc.
1339 2165 1461 2203 essent)
1489 2176 1549 2196 nec
1579 2175 1632 2196 ar-

867 2210 1031 2239 descerent.
1055 2206 1108 2239 (55.
1135 2208 1211 2245 X11,
1231 2206 1285 2239 40.
1308 2209 1349 2239 H.
1376 2210 1399 2247 l,
1423 2210 1476 2240 40.
1498 2209 1551 2242 79.
1575 2209 1629 2240 all.

869 2252 985 2283 Omitti
1010 2259 1119 2283 autem
1145 2252 1254 2294 potuit
1275 2253 1307 2284 h.
1323 2252 1344 2284 l.
1360 2257 1456 2284 essent
1477 2253 1517 2284 ob
1532 2253 1630 2295 quin-

869 2298 959 2340 quies
981 2297 1156 2339 repetitam
1180 2297 1447 2328 terminationem
1467 2316 1507 2320 —
1525 2302 1608 2329 esset.

936 2344 1039 2374 hausit
1060 2342 1268 2381 calamitates]
1290 2341 1439 2382 Eleganti
1454 2342 1630 2384 metapho-

870 2398 905 2418 ra
929 2387 1064 2418 verbum
1097 2385 1267 2416 hauriendi
1296 2385 1416 2417 dicitur
1439 2386 1480 2417 de
1503 2386 1633 2418 dolori—

870 2432 928 2463 bus
952 2438 985 2461 et
1007 2429 1266 2467 calamitatibus,
1292 2441 1374 2472 quae
1394 2431 1575 2463 subeuntur
1599 2438 1633 2463 et

871 2476 1094 2518 perferuntur.
1145 2473 1250 2505 Cicer.
1284 2477 1369 2506 Sest.
1394 2476 1456 2514 2¹9,
1479 2476 1541 2509 63:
1577 2476 1630 2508 ln-

873 2528 960 2552 ctum
995 2530 1054 2549 nos
1076 2518 1239 2549 hausimus
1269 2519 1448 2559 maiorem,
1481 2520 1631 2553 dolorem

872 2565 926 2596 ille
952 2563 1050 2594 animi
1080 2574 1145 2594 non
1169 2563 1338 2595 minorem.
1388 2567 1488 2598 Moser
1519 2566 1629 2597 addit:

873 2621 932 2650 pro
968 2608 1056 2639 Coel.
1091 2607 1154 2646 24,
1175 2609 1228 2640 50.
1261 2620 1322 2651 pro
1354 2611 1450 2643 Dom.
1482 2611 1539 2647 11.
1566 2611 1629 2643 30:

871 2653 1000 2684 haurire
1023 2664 1075 2683 me
1097 2664 1194 2683 unum
1214 2652 1470 2696 indignissimam
1497 2655 1631 2687 calami-

872 2704 985 2728 tatem.
1032 2699 1070 2728 V.
1094 2700 1225 2729 Erneslii
1250 2699 1339 2730 Clav.
1368 2699 1514 2731 Ciceron.
1543 2701 1574 2732 h.
1600 2712 1630 2730 v.

874 2745 982 2774 Davis.
1002 2741 1043 2773 ad
1064 2742 1096 2773 h.
1123 2742 1144 2773 l.
1193 2742 1272 2774 Aliis
1295 2744 1374 2775 locis
1396 2744 1459 2776 hac
1479 2745 1510 2775 vi
1532 2744 1633 2786 poni—

876 2794 928 2818 tur
951 2787 1084 2818 verbum
1108 2788 1324 2830 compositum
1348 2791 1570 2827 eoeltauriendi,
1597 2794 1632 2819 ut

877 2831 986 2863 Livius
1013 2833 1077 2872 21,
1097 2833 1136 2864 21
1155 2843 1161 2862 τ
1204 2833 1293 2875 quies
1316 2833 1402 2864 inter
1424 2834 1551 2864 labores
1577 2839 1632 2863 aut

874 2876 938 2907 iam
968 2876 1163 2916 exhaustos,
1200 2884 1256 2908 aut
1288 2889 1363 2909 mox
1395 2876 1632 2908 exhauriendos

874 2921 1045 2954 renovavit
1074 2932 1224 2964 corpora.
1283 2922 1337 2954 Sic
1370 2921 1489 2953 Graeci
1520 2921 1633 2953 dicunt
