1863 3221
213 104 292 148 194

212 193 386 233 dolorem
413 201 604 229 summum
636 185 776 226 malum
803 183 954 223 diceres
982 181 1236 236 oppositoque
1264 180 1454 221 dedecore
1479 181 1673 220 sententia
1704 181 1769 221 de-

802 103 965 136 L-·1BER
991 104 1030 136 ll.
1056 100 1098 142 6,
1126 101 1176 135 17.

213 263 403 319 pellerere
420 265 456 310 ³,
485 260 522 299 in
543 273 588 299 eo
606 257 794 311 magistra
810 255 915 296 vitae
932 253 1171 309 philosophia
1190 259 1246 292 tot
1262 253 1391 293 secula
1410 260 1624 308 permanet.
1657 251 1769 305 Quod

215 336 305 377 huic
333 333 519 382 officium,
553 343 650 385 quae
681 330 788 379 laus,
823 328 921 382 quod
954 328 1072 367 decus
1106 326 1179 366 erit
1211 326 1329 376 tanti,
1364 327 1464 379 quod
1495 325 1655 380 adipisci
1685 340 1771 365 cum

217 409 351 449 dolore
374 404 551 460 eorporis
575 404 692 453 velit,
726 402 787 456 qui
814 402 987 441 dolorem
1012 414 1200 440 summum
1227 399 1365 438 malum
1392 399 1463 438 sibi
1495 412 1583 439 esse
1614 412 1774 452 persuu-

218 481 340 522 serit?
390 478 516 532 Quam
541 490 657 532 porro
684 475 768 529 quis
795 474 1069 528 ignominiam,
1103 486 1216 526 quani
1241 472 1516 525 turpitudinem
1540 485 1616 511 non
1645 477 1775 525 pertu-

218 553 330 603 lerit,
373 559 415 591 ut
444 549 606 604 effugiat
635 549 830 598 dolorem,
875 546 916 591 si,
945 547 980 586 id
1019 560 1208 586 summum
1241 545 1381 584 :nalum
1413 558 1501 584 esse
1532 544 1777 584 decreverit?

220 626 320 679 Quis
342 631 471 665 autem
497 637 574 663 non
597 622 740 671 miser,
775 635 851 660 non
874 620 987 659 modo
1012 626 1124 669 tuuc,
1158 633 1272 671 quum
1305 624 1501 672 premetur
1525 617 1685 657 suminis
1709 617 1776 656 do-

221 699 389 748 loribus,
426 696 459 737 si
481 696 520 736 in
544 694 625 735 jj54
653 702 713 735 est
733 708 922 734 summum
946 692 1108 742 malum,
1143 692 1209 731 sed
1235 691 1349 731 etiam
1377 705 1490 744 quum
1519 691 1616 731 sciet
1641 690 1676 729 id
1706 689 1778 729 sibi

222 785 338 827 posse
361 770 548 811 evenire?
581 775 618 808 et
643 768 729 822 quis
754 774 829 816 est,
865 766 924 806 eui
948 780 1024 805 non
1049 765 1198 819 possit?
1245 763 1301 803 lta
1328 764 1383 814 fit,
1418 771 1459 803 ut
1484 763 1640 803 omnino
1666 776 1780 802 nemo

223 858 311 885 esse
340 842 464 898 possit
493 842 645 882 beatus.
711 847 776 880 17.
810 838 1062 879 Metrodorus
1093 838 1243 891 quidem
1277 838 1449 891 perfecte
1472 839 1592 876 eu1n5
1626 836 1780 875 beatum

224 920 392 972 putatss,
426 915 485 955 eui
511 927 652 968 corpus
683 913 782 953 bene
810 911 1059 951 constitutum
1086 911 1137 950 sit
1168 917 1205 950 et
1237 910 1504 963 exploratum,
1544 909 1596 949 ita
1628 922 1783 962 semper

225 993 323 1030 sore.
387 986 485 1040 Quis
517 993 645 1026 autem
676 985 863 1034 estiste,
898 984 956 1022 eui
991 984 1025 1022 id
1059 983 1301 1036 exploratum
1335 982 1457 1035 possit
1487 984 1600 1021 esse?

337 1059 433 1103 Vll.

494 1059 690 1114 Epicurus
718 1071 813 1099 vero
844 1070 889 1096 ea
917 1056 1031 1107 dicit,
1066 1062 1105 1095 ut
1126 1055 1217 1095 mihi
1241 1055 1393 1108 quidem
1416 1052 1519 1094 risus
1543 1062 1699 1108 captare
1727 1053 1784 1094 vi-

314 1177 337 1211 3
361 1179 399 1211 R.
421 1176 506 1209 Gud.
531 1175 560 1208 1.
585 1175 673 1207 Pith.
695 1174 915 1217 permultique
944 1172 998 1205 alii
1024 1171 1121 1204 codd.
1157 1174 1256 1204 dicere
1278 1191 1322 1195 ——
1343 1174 1513 1211 depellere:
1549 1182 1644 1214 quem
1668 1170 1784 1201 mirum

226 1235 372 1256 errorem
401 1222 457 1253 Kl.
479 1222 512 1252 in
536 1220 621 1252 Add.
644 1232 677 1262 p.
699 1219 753 1252 72.
780 1219 859 1250 inde
883 1225 995 1249 natum
1017 1229 1087 1248 esse
1110 1216 1190 1248 dicit
1205 1242 1212 1254 ‚
1251 1216 1340 1258 quod
1361 1219 1542 1256 depellerere
1574 1216 1615 1246 ob
1640 1215 1784 1246 eiusdem

226 1268 372 1312 syllabae
393 1266 605 1298 iterationem
626 1264 750 1296 librarii
769 1264 863 1306 lapsu
888 1263 921 1294 in
941 1265 1091 1302 depellere
1109 1261 1276 1292 transierit
1308 1272 1412 1303 eoque
1437 1261 1527 1292 facto
1549 1260 1647 1291 etiam
1671 1262 1786 1292 diceres

226 1313 260 1344 in
294 1315 393 1344 dicere
421 1317 582 1342 mutatum
613 1309 665 1340 sit.
722 1309 744 1340 4
778 1309 832 1339 Sic
865 1308 978 1349 scripsi
1005 1318 1031 1337 c.
1056 1307 1116 1337 SE.
1144 1317 1204 1348 pro
1232 1307 1319 1347 vulg.
1346 1309 1378 1338 in
1406 1308 1463 1337 his.
1510 1306 1551 1337 V.
1576 1305 1617 1337 ad
1640 1307 1664 1336 I.
1686 1304 1728 1344 ὃ,
1752 1304 1785 1336 5.

227 1358 248 1389 5
273 1357 327 1388 Sic
350 1359 404 1388 Or.
429 1367 455 1388 c.
479 1356 517 1386 R.
543 1354 628 1385 Gud.
645 1353 673 1385 1.
695 1352 727 1385 2.
753 1353 888 1395 aliisque
912 1351 1022 1383 multis
1045 1362 1106 1393 pro
1127 1361 1196 1383 eum
1212 1353 1353 1391 perfecte.
1401 1348 1423 1381 6
1449 1350 1502 1382 Sic
1525 1351 1562 1381 R.
1590 1349 1676 1381 Gud.
1692 1348 1720 1381 1.
1743 1350 1783 1381 11.

226 1402 346 1445 aliique
364 1400 459 1431 multi
483 1399 604 1437 codd.;
631 1400 685 1429 Or.
707 1409 734 1429 e.
758 1397 845 1439 vulg.
867 1409 900 1436 p.
921 1400 948 1428 b.

226 1478 264 1501 ne
275 1478 318 1500 sc.
341 1467 414 1510 (Le.
433 1465 572 1506 scilicet)
594 1467 677 1496 dol-s
702 1475 785 1507 quae
803 1463 991 1495 coniectura
1024 1463 1130 1494 tentia
1153 1463 1196 1494 cf.
1220 1463 1291 1494 Fin.
1314 1464 1353 1494 ll.
1377 1462 1432 1503 28,
1452 1462 1507 1496 9¹2.
1532 1461 1629 1493 offic.
1650 1463 1707 1492 Ill.
1730 1460 1785 1501 33,

229 1513 441 1545 confirmatur
460 1509 659 1542 auctoritate
671 1509 770 1541 trium
784 1508 881 1540 codd.
896 1508 991 1546 Lan„
1028 1508 1103 1541 117.
1132 1507 1219 1539 infra
1241 1509 1280 1539 V.
1306 1507 1339 1546 9,
1360 1507 1414 1541 27.
1466 1508 1592 1538 Graeca
1613 1512 1787 1538 servantur

229 1557 284 1601 qui
305 1557 371 1588 hoc
392 1555 572 1598 scripturae
592 1553 824 1596 compendium
842 1564 880 1584 ‘ne
896 1564 938 1585 sc.
960 1555 992 1584 d.

229 1613 343 1634 revera
362 1600 528 1632 exhibent.
567 1601 620 1631 Or.
643 1598 810 1640 vulgatam
834 1598 989 1635 retinuit3

230 1649 370 1679 Klotzius
390 1645 423 1677 in
449 1644 532 1675 Add.
556 1655 589 1686 p.
608 1643 663 1676 72.
686 1642 861 1685 legendum
882 1642 991 1685 suspi-

231 1698 322 1723 catur
345 1701 381 1722 πε
403 1691 554 1721 sedulo
579 1690 640 1720 dol.
681 1687 877 1720 Coniectura
901 1687 993 1718 infe-

230 1734 394 1768 licissima.

296 1781 492 1819 oppositoque
515 1779 661 1809 dedecore
691 1780 839 1809 sententia
863 1779 994 1816 depelle-

231 1825 311 1864 rere]
344 1824 383 1855 V.
409 1823 574 1854 Adnotata
594 1822 636 1853 ad
661 1833 687 1853 c.
703 1822 745 1862 5,
772 1820 831 1854 14:
866 1824 903 1853 de
927 1832 995 1853 sen-

231 1871 326 1902 tentia
348 1878 411 1899 esse
433 1869 593 1899 deiectum.

298 1915 333 1944 id
354 1914 436 1952 quod
455 1930 518 1950 —-‚
543 1914 573 1942 in
595 1921 629 1942 eo
649 1929 693 1934 —
711 1912 884 1952 permanet]
908 1913 996 1942 Han—

232 1961 304 1990 dius
326 1956 368 1988 ad
386 1958 546 1995 Wopkens.
569 1956 678 1986 Lectt.
703 1966 736 1996 p.
750 1958 803 1987 el.
828 1955 937 1993 docet,
962 1956 996 1986 id

233 2004 315 2043 quod
343 2001 377 2032 in
408 1999 586 2042 praemissa
609 1998 835 2030 enuntiatione
858 1999 995 2030 relativa

234 2057 296 2089 pro
315 2044 456 2085 simplici
475 2045 558 2082 quod
578 2043 674 2085 poni;
699 2043 757 2073 sed
776 2043 895 2074 rectius
918 2055 996 2074 ora—

235 2090 284 2121 tio
306 2086 530 2124 οἷνακόλουῖος
552 2098 622 2118 esse
649 2086 830 2124 iudicatur3
865 2099 940 2118 uum
963 2089 997 2118 id

236 2135 318 2174 quod
339 2144 399 2174 pro
420 2133 501 2172 quod
525 2142 591 2162 non
616 2137 832 2173 usurpantur,
858 2131 919 2162 nisi
943 2131 997 2162 ubi

237 2176 418 2209 enuntiatio
444 2175 580 2207 relativa
602 2173 843 2216 παρενῗᾶετικήν
863 2175 996 2206 alterius

237 2221 470 2254 enuntiationis
494 2219 745 2262 explicationem
766 2219 924 2251 continet.
956 2220 996 2251 V.

236 2269 336 2299 Klotz.
368 2266 401 2297 in
426 2264 511 2296 Add.
538 2276 571 2306 p.
590 2264 645 2297 71.
693 2266 834 2304 Madvig.
860 2264 901 2295 ad
926 2264 997 2296 Fiu.

235 2313 277 2343 11.
299 2311 362 2350 33,
390 2309 463 2343 107.
511 2311 648 2340 Ki'chner.
673 2309 729 2340 Gr.
753 2309 792 2340 L.
818 2312 845 2352 ὅ.
867 2307 940 2347 145,
965 2309 997 2341 3.

236 2357 287 2387 De
310 2366 378 2397 seq.
404 2353 527 2396 duplici
548 2353 661 2384 futuro
683 2359 800 2385 exacto
828 2355 998 2394 pertulerit,

236 2402 402 2432 decreverit
425 2409 456 2430 v.
480 2397 523 2429 ad
547 2399 571 2429 Ι.
596 2397 659 2435 30,
685 2395 738 2431 74.

303 2447 350 2476 Ila
373 2445 426 2483 til,
450 2444 498 2484 ul]
535 2442 577 2472 H.
595 2453 623 2473 e.
649 2444 718 2474 hinc
741 2445 897 2483 sequitur,
932 2444 999 2483 effi-

237 2491 327 2519 citur.
375 2488 443 2518 Huc
476 2486 694 2518 concludendi
717 2487 859 2518 formula
883 2487 999 2519 Cicero

238 2531 340 2563 utitur
363 2543 429 2562 non
454 2531 559 2562 solum
583 2531 625 2562 ad
648 2543 718 2562 rem
736 2544 852 2563 veram
877 2532 998 2563 coufir-

239 2576 414 2612 mandam,
454 2574 500 2605 uti
536 2574 623 2606 infra
656 2578 715 2609 ΠΙ.
742 2577 781 2616 1,
810 2577 838 2608 l.
874 2577 917 2615 ὁ,
946 2577 998 2609 10.

238 2620 270 2659 7,
290 2618 352 2659 14„
378 2619 433 2650 sed
458 2618 557 2649 etiam
571 2619 613 2649 ad
634 2620 750 2651 falsam
771 2621 999 2660 refellendam,

240 2665 286 2695 uti
310 2664 342 2695 h.
367 2664 388 2694 l.
428 2667 473 2705 (so
495 2665 602 2694 warde
629 2666 752 2696 hieraus
784 2666 911 2706 folgeu).
957 2667 998 2698 V.

239 2720 335 2751 quem
359 2710 459 2740 Moser
489 2706 601 2738 laudat
632 2710 762 2739 Ierzlzen.
794 2709 826 2740 in
857 2711 1000 2741 Censura

240 2753 384 2795 Insignu.
408 2753 546 2783 Locorr.
578 2751 612 2782 in
645 2752 679 2783 C.
704 2752 745 2783 de
768 2754 811 2786 N.
835 2755 874 2786 D.
908 2756 947 2787 L.
973 2756 998 2786 1.

249 2809 272 2828 ν.
298 2797 351 2831 57.

239 2809 251 2840 l
308 2843 337 2884 ξ.
365 2841 414 2874 17.
462 2841 654 2872 Metrodorus
684 2841 832 2883 quidem]
870 2843 1001 2880 Quidem

239 2885 412 2929 significat,
436 2889 469 2916 ut
487 2886 541 2916 hoc
563 2888 644 2916 alar.
682 2885 721 2915 V.
742 2884 784 2915 ad
805 2886 828 2916 1.
850 2884 902 2924 40¹,
926 2887 997 2918 llo.

306 2939 418 2971 corpus
439 2947 484 2954 —
507 2930 585 2970 sore]
625 2929 675 2959 De
704 2929 887 2960 Metrodori
919 2942 997 2962 sen—-

1026 1564 1078 1595 ap.
1102 1553 1261 1583 Clement.
1276 1552 1451 1584 Alexandr.
1466 1553 1639 1583 Stron1.ll‚
1659 1563 1692 1593 p.
1702 1549 1783 1583 4983

1023 1595 1191 1639 Ἀγαξόν,
1224 1597 1312 1639 φησί
1338 1603 1395 1639 (se.
1419 1595 1687 1638 Μητρόδωρος),
1724 1596 1788 1636 ψυ-

1026 1642 1091 1685 χῆς
1114 1642 1146 1674 τί
1175 1638 1254 1675 ἄλλο
1277 1637 1301 1683 ἦ
1323 1641 1360 1675 τὸ
1385 1640 1511 1683 σαρκὸς
1541 1637 1705 1678 exio-tabee
1727 1651 1788 1673 κα-

1026 1686 1186 1728 τάστημα
1209 1686 1266 1718 καὶ
1291 1685 1326 1720 τὸ
1351 1686 1426 1728 περὶ
1449 1685 1575 1726 ταύτης
1596 1684 1711 1719 πιστὸν
1737 1683 1790 1717 ἔλ-

1028 1742 1156 1772 meum
1205 1732 1299 1762 Plura
1329 1732 1512 1762 attulerunt
1539 1733 1627 1762 Beier
1656 1730 1698 1761 ad
1722 1728 1787 1761 Off.

1028 1775 1051 1807 l.
1075 1776 1107 1806 d.
1131 1788 1163 1818 p.
1177 1773 1242 1808 407
1255 1788 1303 1818 sq.
1329 1784 1361 1807 et
1379 1778 1558 1815 Madviyins
1571 1775 1612 1806 ad
1627 1775 1697 1806 Fin.
1717 1774 1739 1806 l.
1754 1773 1787 1805 d.

1030 1832 1063 1863 p.
1080 1820 1157 1853 300.
1205 1820 1299 1851 Adde
1323 1821 1410 1851 infra
1435 1821 1473 1852 V.
1499 1820 1540 1858 9,
1564 1820 1617 1852 27.

1102 1865 1180 1896 CAP.
1203 1866 1274 1896 VH.
1313 1866 1472 1906 Affirmal]
1501 1863 1614 1895 Oratio
1637 1870 1686 1894 est
1708 1860 1789 1896 ἄνα-

1030 1908 1203 1947 κόλουὲος.
1257 1909 1498 1940 Sententiarum
1532 1908 1617 1939 enim
1654 1908 1736 1939 ordo
1772 1919 1790 1938 e

1029 1954 1241 1996 grammatica
1266 1954 1392 1985 latione
1415 1953 1462 1985 sic
1483 1952 1664 1995 procedere
1687 1952 1791 1983 debe-

1030 1999 1103 2030 bat:
1135 2001 1279 2038 Affirmal
1302 2001 1383 2030 enim
1403 2000 1538 2038 quodam.
1562 2000 1647 2037 loco,
1670 1999 1696 2029 si
1716 2007 1792 2028 ura-

1030 2047 1080 2074 tur
1097 2045 1241 2082 sapiens,
1265 2046 1292 2074 si
1313 2045 1464 2074 crucietur
1487 2046 1657 2084 (exspectas
1677 2060 1720 2065 —
1739 2051 1792 2073 sa-

1029 2090 1067 2118 tis
1078 2087 1101 2127 :)
1127 2086 1227 2126 quid?
1253 2090 1278 2118 si
1301 2090 1332 2119 in
1350 2089 1531 2119 Phalaridis
1550 2091 1638 2118 tauro
1660 2089 1718 2125 sit,
1742 2087 1792 2117 di-

1030 2135 1151 2162 cturum
1174 2141 1236 2162 esse
1261 2138 1323 2163 etc.
1372 2132 1411 2162 V.
1438 2131 1560 2162 Adnot.
1587 2131 1620 2161 in
1645 2142 1672 2162 c.
1696 2131 1734 2169 1,
1757 2129 1791 2163 3.

1099 2180 1276 2214 exspectas,
1309 2178 1383 2206 dum
1404 2177 1502 2216 dicat]
1542 2177 1588 2206 De
1610 2175 1673 2206 hac
1701 2182 1795 2206 stru-

1033 2225 1124 2251 ctura
1147 2231 1176 2250 v.
1203 2231 1262 2250 nos
1284 2220 1315 2250 in
1343 2221 1399 2251 Gr.
1424 2220 1462 2249 L.
1486 2220 1514 2260 ς.
1536 2220 1605 2251 128.
1630 2220 1710 2250 Not.
1725 2219 1756 2251 3.

1098 2266 1215 2295 homini
1229 2274 1338 2304 aspero
1355 2268 1381 2295 el
1399 2263 1492 2306 duro]
1518 2263 1608 2294 Salsa
1629 2270 1662 2294 et
1682 2274 1792 2295 amara

1032 2308 1136 2340 ironia
1151 2308 1157 2338 !

1099 2356 1132 2384 in
1146 2355 1328 2385 Phalaridis
1348 2354 1452 2393 lauro]
1476 2352 1568 2384 Idem
1586 2352 1719 2394 Epicuri
1738 2351 1793 2383 di-

1035 2404 1123 2429 etum
1158 2398 1263 2429 refert
1288 2400 1413 2428 Seneca
1437 2399 1498 2440 Ep.
1517 2396 1571 2430 66.
1619 2397 1671 2428 Cf.
1705 2396 1794 2428 iufra

1033 2443 1074 2474 V.
1101 2442 1158 2479 10,
1182 2442 1235 2475 31.
1286 2442 1336 2474 Cf.
1369 2442 1411 2473 de
1434 2442 1506 2475 Fiu.
1528 2443 1570 2473 ΙΙ.
1592 2441 1647 2482 27,
1670 2442 1724 2475 85.
1758 2440 1793 2472 iu

1034 2486 1186 2518 Pisonem
1213 2486 1273 2525 15,
1298 2487 1350 2519 -ΓΔ,

1104 2533 1207 2570 Quam
1228 2542 1322 2563 suave
1343 2531 1420 2573 esu]
1446 2530 1500 2562 Sic
1520 2537 1611 2562 recte
1630 2530 1716 2561 Mos.
1734 2530 1794 2560 Tr.

1035 2576 1091 2607 Kl.
1115 2576 1148 2606 iu
1170 2576 1255 2607 Add.
1279 2588 1311 2618 p.
1325 2575 1378 2608 73.
1406 2586 1433 2606 c.
1454 2574 1588 2607 Gud.1.
1613 2575 1650 2605 ll.
1690 2573 1794 2605 Bentl.

1036 2620 1133 2652 codd.
1156 2632 1220 2652 uno
1245 2622 1324 2652 Dav.
1346 2625 1450 2662 quatt.
1468 2621 1548 2650 Oxx.
1572 2622 1654 2659 Aug.
1679 2617 1793 2651 Duisb.

1035 2677 1096 2707 pro
1119 2665 1205 2707 vulg.
1235 2675 1330 2705 quam
1351 2674 1447 2695 suave
1471 2667 1514 2695 est
1543 2664 1639 2694 hoc!
1685 2662 1795 2694 Etiam

1035 2712 1159 2741 Seneca
1184 2722 1235 2752 ep.
1249 2708 1302 2741 66.
1327 2707 1450 2740 omittit
1470 2709 1545 2746 hoc,
1579 2714 1612 2738 et
1635 2706 1733 2738 facile
1753 2718 1796 2738 ex

1034 2766 1126 2796 seqq.
1156 2753 1301 2796 suppleri
1333 2758 1456 2795 potest.
1503 2754 1578 2794 Seq.
1613 2761 1708 2791 quam
1734 2761 1797 2784 ‘non

1035 2805 1127 2830 verte
1151 2801 1207 2829 wie
1228 2800 1337 2837 weniy.
1386 2798 1427 2827 V.
1451 2796 1493 2828 ad
1517 2797 1573 2827 IV.
1594 2796 1656 2834 35,
1683 2795 1738 2829 74.

1045 2883 1053 2895 e
1103 2853 1144 2873 an
1166 2852 1281 2882 param
1301 2846 1355 2880 est,
1378 2844 1405 2872 si
1425 2852 1484 2872 nou
1507 2850 1652 2871 amaram
1663 2839 1694 2883 ?]
1720 2839 1797 2879 „Ad

1036 2886 1260 2928 ομοιόῖῑτωτον
1294 2896 1431 2924 param,
1474 2895 1620 2916 amarum
1651 2896 1682 2916 v.
1714 2895 1798 2926 quae

1037 2931 1104 2962 eius
1130 2942 1204 2962 usus
1223 2929 1310 2972 apud
1333 2937 1460 2962 veteres
1483 2929 1633 2972 exempla
1655 2939 1796 2972 conges-
