1832 3137
653 93 1035 137 LissER1.41‚97.
1542 89 1621 131 155

681 173 798 216 Vadit
817 176 918 216 enim
934 179 952 203 ⁹
981 176 1019 216 in
1037 175 1202 217 eundem
1221 189 1420 217 carcerem
1443 183 1560 231 atque
1581 178 1622 218 in

58 246 222 286 eundem
246 245 380 300 paucis
407 253 493 301 post
525 248 637 288 annis
668 248 857 304 scyphum
881 247 1070 290 Socrates
1095 250 1231 290 eodem
1256 250 1408 292 scelere
1433 249 1620 303 iudicum,

57 338 133 378 quo
152 330 411 379 tyrannorum
431 321 720 363 Theramenes.
782 320 897 375 Quae
920 329 981 362 est
999 323 1117 377 igitur
1143 324 1226 364 eius
1248 324 1396 376 oratio,
1432 339 1506 379 qua
1530 324 1624 365 facit

58 410 145 437 eum
177 395 290 438 Plato
320 410 432 437 usum
465 396 564 450 apud
595 395 765 444 iudices,
797 394 874 434 iam
907 402 1031 436 morte
1063 398 1296 438 multatum?

167 468 287 511 XLI.
322 468 507 522 „Magna
531 483 608 519 me,
641 468 787 522 inquit,
822 480 911 522 spes
935 474 1057 519 tenet,
1090 469 1260 521 iudices,
1294 470 1394 511 bene
1420 470 1623 512 mihieve-

57 544 166 595 nirc,
200 543 300 598 quod
325 543 456 583 mittar
480 543 526 583 ad
549 548 729 582 mortem.
789 540 970 581 Necesse
992 548 1051 581 est
1070 542 1171 582 enini
1195 543 1245 583 sit
1269 543 1433 584 alterum
1460 545 1506 585 de
1528 544 1623 585 duo-

58 617 145 668 bus,
170 624 212 657 ut
238 623 304 657 aut
327 630 467 657 sensus
488 616 646 656 omnino
670 627 806 655 omnes
826 628 933 654 mors
950 615 1116 665 auferat,
1150 615 1272 655 autin
1293 616 1409 656 alium
1432 618 1624 671 quendam

59 178 220 213 mortem
242 171 382 213 malum
402 171 621 215 iudicaret?

60 691 187 731 locum
207 704 258 731 ex
283 690 343 730 his
367 689 464 730 locis
488 695 614 729 morte
638 688 843 742 migretur.
907 686 1172 742 Quamobrem
1195 688 1280 729 sive
1305 702 1447 730 sensus
1471 691 1624 729 exstin-

59 764 212 818 guitur,
257 775 440 816 morsque
467 762 502 802 ei
526 775 664 802 somno
696 760 834 802 similis
865 769 948 812 est,
995 761 1058 816 qui
1090 775 1367 816 nonnunquam
1391 762 1507 802 etiam
1539 762 1625 802 sine

59 835 156 877 visis
177 836 415 876 somniorum
438 834 738 889 placatissimam
762 834 930 889 quietem
953 835 1089 876 affert:
1124 835 1175 875 dii
1192 834 1305 875 boni!
1340 835 1429 889 quid
1449 835 1547 876 lucri
1566 842 1627 876 est

60 909 207 950 emori!
226 911 242 935 1
278 915 346 949 aut
370 921 483 962 quam
509 908 616 948 multi
648 908 730 948 dies
753 907 918 963 reperiri
944 915 1129 963 possunt,
1163 909 1225 962 qui
1252 909 1318 949 tali
1341 908 1445 949 nocti
1467 915 1628 963 antepo-

59 983 231 1024 nantur?
290 979 367 1022 Cui
395 981 430 1022 si
463 980 634 1022 similis2
662 982 790 1021 futura
818 988 879 1021 est
915 982 1155 1036 perpetuitas
1194 982 1319 1023 omnis
1349 982 1626 1037 consequentis

149 1075 172 1111 9
195 1077 250 1108 Sic
273 1077 313 1109 R.
339 1076 424 1108 Gud.
455 1076 483 1108 1.
508 1078 547 1107 II.
572 1075 604 1107 2.
628 1076 748 1119 aliique
772 1076 925 1119 permulti
949 1076 1069 1115 codd.;
1106 1079 1160 1109 Or.
1191 1089 1217 1109 c.
1239 1077 1329 1120 vulg.
1355 1090 1419 1110 om.
1444 1081 1536 1110 enim.
1584 1079 1624 1110 V.

61 1122 146 1154 Adn.
192 1122 286 1153 XLI.
339 1121 349 1152 1
380 1133 410 1153 v.
436 1121 520 1152 Adn.
569 1119 589 1152 2
615 1122 669 1152 Sic
693 1123 748 1153 Or.
776 1133 814 1152 ex
849 1121 980 1164 egregia
1003 1122 1108 1153 Bentl.
1134 1122 1299 1154 emendat.
1323 1134 1385 1165 pro
1408 1123 1496 1166 vulg.
1515 1125 1565 1155 cui
1584 1125 1626 1155 si-

59 1169 144 1199 milis
162 1186 205 1191 —
226 1168 380 1206 temporis.
429 1168 504 1205 Quis
524 1176 571 1198 me
594 1167 736 1198 beatior?

61 1233 166 1265 multo
190 1233 342 1276 gravius,
367 1244 465 1276 quam
488 1237 593 1265 secuta
615 1238 667 1265 est.
714 1232 827 1275 Signi·
929 1236 992 1266 sive
1016 1236 1137 1276 sensus]
1165 1235 1334 1267 Vocabulo
1357 1237 1421 1268 sive
1445 1234 1628 1277 respondet

62 1279 178 1310 fleatur
199 1279 296 1316 enim,
322 1284 464 1309 mortem
481 1277 600 1308 Critiae
612 1277 826 1309 Theramenis
863 1278 889 1320 §.
914 1277 975 1311 93:
1014 1279 1070 1311 Sin
1101 1291 1177 1311 vera
1207 1287 1292 1312 sunt.
1341 1280 1396 1312 Sic
1422 1280 1576 1313 Academ.
1603 1281 1626 1311 Ι.

61 1322 322 1366 praedictionem
346 1334 423 1353 vere
442 1328 588 1353 secutam
610 1334 691 1353 esse.
738 1325 826 1364 Apte
861 1325 902 1361 2,
924 1323 963 1356 7:
1002 1326 1074 1356 Sive
1097 1324 1185 1355 enim
1207 1328 1376 1357 Zenonem
1401 1335 1556 1367 sequare:
1583 1343 1627 1348 —

59 1370 202 1400 Klotzius
225 1367 325 1398 vertit
354 1377 438 1399 'mors
459 1371 621 1400 consecuta
642 1371 685 1399 est
708 1366 830 1399 darauf
861 1370 888 1399 si
918 1377 990 1400 vero
1023 1368 1234 1400 Academiam
1264 1376 1410 1401 veterem
1444 1381 1626 1412 persequa-

59 1415 184 1454 ersolyte
206 1411 276 1444 sein
306 1411 383 1444 Tod
415 1415 522 1455 (wenn
546 1424 582 1444 er
605 1412 726 1444 vorher
748 1423 826 1453 ver-
860 1424 949 1444 mur:
978 1413 1032 1444 ubi
1052 1425 1082 1445 v.
1101 1416 1246 1446 Goerenz.
1268 1425 1299 1456 p.
1317 1414 1367 1447 13.
1411 1414 1463 1446 Cf.
1486 1416 1627 1453 Madvig).

58 1458 209 1497 muthet‚
231 1456 457 1499 angekiindigt
480 1456 556 1497 ist);
591 1467 634 1489 m.
657 1462 762 1489 secuta
785 1460 827 1489 est

62 1502 184 1535 darauf
203 1504 296 1544 folyle
319 1501 388 1533 sein
415 1502 489 1534 Tod
524 1504 630 1545 (wenn
655 1501 742 1533 diess
766 1502 827 1533 mit

61 1547 138 1580 dem
150 1546 455 1590 Vorhergehenden
470 1559 533 1583 nur,
544 1546 757 1579 hinsichtlich
769 1547 828 1578 der

63 1593 137 1626 Zeit
162 1592 481 1634 zusammenha'ngt).
529 1593 570 1623 V.
593 1592 636 1624 ad
661 1592 756 1632 c.16,
772 1591 827 1625 36.

128 1638 158 1681 6.
180 1637 236 1671 97.
271 1639 299 1669 si
329 1641 457 1669 mortem
489 1640 609 1669 malum
632 1636 826 1680 iudicarem]

63 1684 127 1723 „In
150 1682 200 1714 his
222 1681 327 1714 minus
350 1682 442 1713 firme
465 1682 596 1715 videtur
627 1683 827 1714 conclusum.

63 1730 169 1760 Immo
192 1739 272 1759 vero
296 1727 367 1770 quis
390 1727 541 1759 laudaret
562 1739 763 1770 magnopere
784 1726 828 1758 il-

63 1774 128 1805 lam
150 1772 250 1804 animi
271 1772 484 1815 aequitatem,
505 1772 532 1804 si
546 1780 688 1804 mortem
705 1773 828 1804 bonum

62 1816 251 1850 iudicaret?
299 1818 386 1849 Nam
406 1818 509 1849 virtus
531 1817 686 1849 elucescit
707 1817 740 1848 in
765 1817 829 1848 ad-

63 1862 186 1902 versis,
220 1862 374 1905 gravibus
404 1862 667 1905 calamitosisque
692 1862 829 1898 casibus,

63 1918 129 1940 non
146 1913 314 1951 spectatur
333 1908 429 1939 rebus
450 1907 618 1950 prosperis
636 1914 669 1939 et
688 1906 720 1938 in
737 1906 830 1938 molli

64 1953 167 1986 vita.“
218 1954 428 1985 Camerarius.

134 1999 228 2029 Vadit
261 1999 342 2028 enim
374 1999 406 2029 in
430 2015 473 2021 —
497 2006 652 2029 carcerem
684 2000 775 2037 atque
798 1998 831 2028 in

62 2044 196 2075 eundem
217 2059 262 2065 -
282 2041 448 2085 scyphum]
483 2041 568 2074 Mire
591 2053 670 2073 sane
693 2041 830 2080 dictum,

65 2099 127 2120 nec
150 2094 260 2118 tamen
296 2087 484 2118 coniectura
517 2087 724 2119 tentandum.
771 2088 830 2118 El—

63 2134 186 2165 lendlus
208 2131 251 2164 ad
269 2132 305 2162 C.
332 2131 374 2163 de
395 2134 449 2164 Or.
474 2133 498 2163 Ι.
521 2132 575 2171 57,
597 2130 673 2165 243.
699 2131 773 2163 Vol.
790 2132 829 2162 II.

64 2189 98 2220 p.
115 2176 187 2210 143.
212 2177 361 2220 agnoscit
384 2188 520 2219 zeugma
542 2176 712 2215 rectionis,
738 2182 773 2207 ut
796 2176 829 2207 in

64 2223 157 2254 Verr.
183 2223 223 2254 ΙΙ.
251 2223 286 2254 11
301 2246 311 2260 ,
336 2222 397 2254 29:
432 2222 556 2254 amicos
580 2225 613 2255 in
634 2224 831 2262 provinciam

65 2267 155 2310 quasi
178 2269 210 2299 in
232 2269 387 2306 praedam
409 2267 590 2299 invitabat:
616 2267 669 2298 ubi
691 2266 780 2309 prius
799 2269 832 2298 in

65 2319 193 2343 motum
217 2311 250 2342 in
275 2312 401 2350 locum,
437 2313 576 2344 alterum
601 2315 634 2344 in
659 2312 831 2343 consilium

66 2355 240 2398 significat.
288 2357 324 2386 In
347 2356 448 2387 verbo
470 2359 559 2388 vadit
575 2357 682 2388 inesse
703 2356 829 2399 signifi-

67 2399 234 2432 cationem
253 2399 401 2431 animose
425 2401 533 2438 eundi,
560 2401 712 2432 observat
733 2404 832 2434 Moser

68 2445 143 2477 coll.
169 2445 212 2476 ad
236 2448 304 2476 Att.
326 2445 382 2475 lV.
406 2446 456 2477 10.
480 2446 574 2476 XIV.
598 2446 646 2478 11.
683 2446 831 2477 Coniun—

69 2490 136 2522 ctio
166 2492 268 2530 enim,
306 2500 403 2532 quam
440 2502 457 2521 e
489 2490 600 2521 multis
634 2490 831 2533 optimisque

67 2534 158 2567 libris
183 2533 387 2578 recepimus,
426 2535 589 2567 rationem
620 2534 730 2566 reddit
753 2547 832 2567 sen-

66 2579 191 2612 tentiae
215 2579 418 2622 cogitatione
441 2579 664 2623 supplendae:
689 2581 743 2611 sed
756 2582 831 2611 The-

66 2635 225 2658 ramenem
240 2627 369 2657 missum
389 2626 555 2665 faciamus.
594 2625 645 2655 Cf.
670 2626 831 2664 Wopkens.

67 2670 177 2702 Lectt.
196 2669 284 2703 Tull.
306 2681 338 2712 p.
351 2670 394 2703 δὲ)
407 2682 455 2714 sq.
480 2671 522 2702 H.
563 2671 612 2702 De
635 2681 670 2702 re
690 2669 762 2712 ipsu
786 2668 830 2700 cf.

68 2713 111 2746 de
135 2716 190 2746 Or.
217 2717 229 2746 Ι
243 2740 251 2752 ,
276 2715 331 2748 5-1».

135 2759 240 2802 Plato]
269 2759 363 2803 Apol.
390 2762 482 2792 Soer.
511 2758 611 2803 p.-'}().
638 2760 671 2791 C.
694 2771 763 2802 sqq.

141 2803 219 2835 CAP.
236 2805 328 2837 XLI.
352 2816 422 2846 spes
442 2825 484 2830 —
510 2808 581 2837 bene
599 2807 675 2836 mihi
696 2806 828 2845 evenire]

69 2848 113 2879 H.
136 2859 165 2879 e.
189 2859 262 2880 cum
285 2862 402 2893 magna
425 2860 478 2890 spe
502 2852 614 2889 credo,
646 2849 729 2881 bene
754 2849 833 2880 mihi

68 2895 196 2925 evenire.
244 2894 330 2927 Hinc
353 2895 531 2927 infinitivus
556 2894 737 2938 praesentis
765 2904 832 2927 eve-

69 2940 144 2970 nire.
194 2937 245 2969 Cf.
271 2940 330 2972 Gr.
357 2939 507 2980 ἐλπίζειν.

860 1457 903 1489 ad
924 1458 997 1489 Fin.
1021 1460 1046 1490 I.
1070 1458 1110 1497 6,
1133 1459 1187 1491 20.
1218 1471 1249 1502 p.
1265 1457 1368 1501 44sq.
1394 1466 1427 1490 et
1449 1458 1482 1490 in
1511 1470 1580 1490 exc.
1603 1460 1627 1490 I.

861 1514 892 1545 p.
914 1502 990 1536 807.
1038 1503 1111 1535 Pari
1131 1504 1233 1536 modo
1252 1504 1339 1547 apud
1363 1503 1535 1535 Platonem
1558 1503 1579 1534 l.
1593 1502 1627 1534 d.

861 1547 1001 1590 legitur:
1027 1548 1086 1582 καὶ
1108 1549 1198 1582 εἴτε
1223 1548 1266 1592 δὴ
1291 1548 1445 1592 μηδεμία
1465 1548 1628 1590 αἴσθησίς

862 1592 950 1626 ἐστιν
981 1613 1026 1618 —
1060 1594 1109 1625 cui
1142 1601 1219 1637 post
1250 1595 1436 1637 longiorem
1469 1593 1628 1626 orationis

862 1638 1144 1682 intercapedinem
1172 1639 1260 1671 infra
1295 1641 1331 1672 E.
1358 1639 1559 1682 respondet:
1599 1637 1629 1671 εἰ

863 1681 893 1718 δ’
916 1682 980 1718 αὐ.
1028 1685 1068 1715 V.
1092 1686 1280 1717 Stallbaum.
1304 1684 1347 1716 ad
1371 1684 1392 1715 l.
1419 1684 1452 1716 d.

932 1730 1041 1771 emori]
1080 1731 1240 1761 Ernestius
1272 1741 1289 1761 e
1324 1729 1436 1761 Guelf.
1462 1735 1495 1761 ct
1528 1727 1628 1759 duob.

865 1776 945 1805 Oxx.
972 1773 1077 1805 edidit
1100 1776 1200 1814 mori,·
1235 1774 1294 1805 sed
1327 1780 1418 1805 recte
1446 1776 1573 1814 Wolfius
1597 1779 1630 1803 et

866 1821 918 1851 Or.
943 1819 1107 1860 vulgatam
1141 1821 1236 1850 emori
1265 1825 1502 1861 reposuerunt:
1539 1816 1629 1860 quod

864 1863 1000 1894 verbum
1033 1875 1132 1905 quum
1167 1869 1201 1893 et
1224 1863 1381 1895 maiorem
1406 1863 1472 1894 vim
1493 1862 1629 1904 habeat,

866 1919 962 1950 quam
988 1907 1149 1950 simpleX,
1186 1914 1219 1938 et
1245 1907 1428 1950 pleniorem
1452 1907 1628 1939 sonantio-

864 1964 999 1996 remque
1024 1952 1146 1984 exitum
1171 1952 1314 1993 efficiat,
1349 1964 1446 1995 quam
1469 1952 1629 1984 iainbicae

865 2009 1037 2029 mensurae
1068 2000 1171 2037 mori,
1216 1997 1311 2029 huius
1347 1997 1412 2029 loci
1445 1997 1630 2029 sententiae

867 2042 998 2085 egregie
1032 2041 1224 2085 respondet.
1280 2042 1426 2074 Verbum
1461 2044 1631 2074 emoriendi

865 2089 908 2120 ob
931 2087 1117 2131 graviorem
1138 2087 1413 2129 significationem
1438 2087 1536 2119 etiam
1560 2094 1630 2118 tum

864 2146 883 2165 a
909 2134 1069 2165 Cicerone
1094 2140 1285 2175 usurpatur,
1315 2144 1414 2176 quum
1438 2132 1547 2164 verbis
1572 2142 1631 2164 na-

863 2180 968 2211 scendi
1001 2185 1035 2209 et
1068 2180 1194 2210 vivendi
1219 2179 1418 2221 opponitur,
1460 2177 1505 2208 uti
1531 2177 1631 2209 docet

866 2225 1068 2256 Gernhardus
1089 2223 1131 2254 ad
1155 2223 1283 2255 Cat.M.
1300 2224 1398 2254 XIX.
1422 2234 1454 2264 p.
1469 2222 1553 2259 135„
1575 2221 1630 2263 qui

866 2275 1010 2300 ceterum
1034 2274 1068 2299 et
1090 2267 1122 2299 in
1146 2279 1186 2299 eo
1211 2268 1321 2310 lapsus
1339 2273 1399 2305 est,
1425 2266 1514 2308 quod
1536 2265 1630 2297 huius

866 2313 958 2345 verbi
980 2312 1154 2355 compositi
1177 2312 1265 2355 apud
1281 2312 1473 2342 Ciceronem
1494 2310 1555 2341 nisi
1576 2310 1631 2341 in-

865 2358 1027 2389 finitivum
1053 2357 1132 2388 nihil
1154 2356 1289 2399 reperiri
1312 2356 1505 2393 contendit,
1531 2366 1631 2397 quum

866 2403 966 2434 modo
993 2414 1019 2433 c.
1044 2400 1097 2439 40,
1123 2400 1178 2433 96.
1205 2400 1254 2432 vir
1279 2400 1384 2432 clarus
1409 2403 1556 2432 emoritur
1577 2399 1631 2431 le-

865 2447 1018 2490 gerimus,
1045 2452 1077 2476 et
1102 2445 1133 2476 in
1160 2457 1210 2483 eo,
1237 2445 1326 2488 quod
1348 2445 1514 2488 utriusque
1539 2444 1631 2476 verbi

866 2492 1037 2524 notionem
1071 2489 1209 2522 eandem
1246 2502 1316 2522 esse
1350 2490 1476 2522 statuit.
1524 2490 1631 2521 Etiam

868 2538 1026 2568 Ellendlus
1047 2534 1089 2566 ad
1114 2534 1155 2566 de
1177 2537 1231 2567 Or.
1252 2536 1293 2566 11.
1317 2534 1371 2574 67,
1393 2533 1470 2568 274.
1497 2535 1573 2567 Vol.
1590 2536 1630 2567 II.

866 2593 899 2623 p.
923 2581 988 2613 505
1006 2592 1054 2622 sq.
1081 2580 1215 2612 verbum
1240 2582 1407 2612 emoriendi
1433 2592 1498 2611 non
1524 2579 1629 2612 solum

866 2624 955 2668 apud
980 2624 1143 2664 comicos,
1173 2625 1232 2657 sed
1257 2625 1355 2657 etium
1379 2625 1467 2668 apud
1496 2625 1630 2656 Cicero-—

867 2681 941 2701 nem
966 2669 1141 2712 aliquando
1167 2670 1245 2702 nihil
1271 2682 1288 2702 a
1312 2672 1471 2703 moriendo
1496 2670 1631 2701 dill'erre

869 2721 990 2746 censet.
1024 2714 1155 2746 Rectius
1178 2715 1220 2747 de
1243 2715 1428 2758 composito
1454 2715 1553 2746 verbo
1577 2715 1630 2744 iu·-

866 2760 1057 2791 dicnverunt
1079 2762 1292 2792 Doederlirzz'us
1316 2760 1346 2791 in
1373 2761 1446 2791 Lat.
1472 2762 1550 2802 Syn.
1572 2760 1629 2789 III.

867 2817 899 2848 p.
919 2805 980 2837 1ὃὸ
991 2817 1039 2848 sq.
1062 2812 1094 2836 et
1116 2808 1255 2837 Kritzz'us
1276 2805 1318 2837 ad
1341 2805 1418 2836 Sall.
1443 2806 1510 2845 lug.
1534 2804 1629 2842 XIV,

867 2847 920 2882 2-1.
943 2861 974 2892 p.
989 2848 1090 2892 Oosq.
1133 2850 1195 2881 Ubi
1218 2850 1306 2882 idem
1328 2850 1426 2893 plane
1447 2848 1631 2890 siguificare

867 2893 1008 2934 videtur,
1034 2894 1123 2937 quod
1146 2896 1295 2938 simplex,
1318 2906 1348 2926 v.
1363 2907 1402 2931 c.,
1422 2904 1519 2935 quum
1541 2895 1630 2925 nasci

868 2946 900 2972 et
925 2942 1019 2972 emori
1045 2939 1100 2983 (de
1125 2943 1178 2973 Or.
1202 2943 1224 2973 1.
1250 2940 1303 2979 57,
1324 2938 1434 2980 ela),
1470 2941 1572 2971 vivere
1596 2944 1628 2969 et
