1832 3137
1512 71 1527 110 1
1536 70 1591 110 09

29 171 100 199 nos
123 157 290 211 speciem
306 159 341 209 3)
374 171 448 196 non
476 156 596 211 potuit
618 156 770 197 animus
796 157 890 197 llaec
917 157 954 197 in
977 171 1141 212 corpore
1164 158 1336 198 inclusus
1356 171 1588 212 agnoscere,

623 78 782 110 LIBER
810 80 834 110 1.
856 77 918 118 24,
943 77 997 111 59.

28 231 181 284 cognita
203 229 354 270 attulit:
389 243 438 270 ex
466 244 541 283 quo
561 237 636 270 tam
658 229 862 269 multarum
886 243 1015 284 rerum
1039 231 1272 284 cognitionis
1295 230 1498 271 admiratio
1520 232 1590 271 tol-

27 303 133 343 litur.
194 302 336 356 Neque
361 316 407 343 ea
435 303 545 357 plane
574 301 874 352 videtrauimus,
909 318 1023 356 quum
1047 292 1208 358 repente
1231 304 1268 343 in
1292 311 1368 344 tani
1393 304 1591 344 insolitum

28 382 183 430 tamque
209 376 473 430 perturbatum
501 375 734 416 domicilium
762 375 1020 428 iiniuigravit3
1055 377 1121 416 sed
1146 391 1260 431 quum
1287 391 1330 418 se
1357 377 1513 432 collegit
1535 383 1592 418 at·

27 462 102 503 que
129 449 348 499 recreavit,
383 456 460 489 tum
488 448 665 503 agnoscit
685 447 749 487 illa
769 450 787 474 ⁶
810 448 1113 489 reminiscendo.

29 522 207 571 discere,
243 521 315 561 nisi
342 521 557 562 recordari.

28 594 256 635 memorium
301 595 487 635 admiror.

1177 448 1234 490 lta
1255 450 1348 490 nihil
1369 457 1430 490 est
1452 450 1554 490 aliud
1570 451 1589 474 ⁷

621 526 688 560 59.
722 519 809 574 Ego
834 527 962 560 autem
986 522 1132 561 maiore
1157 523 1271 562 etiam
1292 524 1455 577 quodam
1479 523 1591 563 modo

550 592 652 647 Quid
694 599 754 633 est
794 592 897 632 enim
936 593 1051 644 illud,
1095 609 1170 648 quo
1212 596 1485 637 meminimus?
1527 603 1594 636 aut

29 682 141 721 quam
165 667 278 707 habet
304 667 410 708 vim?
441 673 509 707 aut
532 667 631 706 unde
656 673 832 707 naturam
850 667 898 706 ⁸?
926 664 1021 707 Non
1047 681 1209 720 quaero,
1243 675 1386 722 quanta
1407 670 1592 709 memoria

117 784 139 817 6
163 786 219 817 Tr.
245 796 283 815 ex
310 784 394 817 Gud.
420 783 587 816 collatoris
611 784 649 815 R.
672 783 815 822 silentio,
844 790 878 815 et
899 795 938 815 cx
961 783 1059 815 Vind.
1079 784 1107 816 1.
1134 791 1166 815 et
1184 784 1317 828 plerisq.
1338 785 1413 817 edd.
1434 792 1514 818 vett.
1538 796 1592 818 ea:

28 829 116 873 quod
137 830 304 872 improbat
330 832 405 861 ll'es.
431 830 501 860 Em.
528 830 566 861 ll.
588 839 620 870 p.
645 827 716 867 17„
743 829 864 860 docens
891 841 929 859 ex
955 836 1135 860 ceterorum
1160 830 1355 861 collatorum
1378 831 1509 862 silentio
1530 843 1592 873 pa-

27 882 118 916 tere,
143 875 181 906 R.
202 875 322 905 luthere
343 877 410 914 illa,
433 874 532 916 idque
556 874 654 905 etiam
677 875 727 905 Ps.
753 873 879 905 Boethii
902 874 1088 916 fragmento
1112 875 1152 906 nb
1174 875 1276 907 Hasio
1296 875 1328 906 in
1354 875 1405 907 cd.
1428 887 1492 907 sec.
1516 877 1593 908 ΧΗ.

27 920 162 951 invento
183 931 214 962 p.
240 917 317 951 391.
342 918 392 950 ed.
417 919 515 950 Orell.
543 918 608 950 Cic.
631 918 820 950 Scholiastt.
843 919 1040 950 confirmari.

29 967 83 997 Or.
108 976 135 996 c.
161 964 246 1006 vulg.
270 966 346 996 nihzl
369 966 456 995 aliud
479 968 530 995 est.
577 964 599 995 ὅ
624 975 652 994 v.
675 963 760 995 Adn.

31 1053 162 1085 semper
180 1042 246 1073 tale
263 1049 320 1077 est,
347 1041 443 1084 quale
465 1048 524 1079 est,
550 1053 680 1083 semper
693 1041 793 1080 idem,

29 1087 109 1118 nulli
139 1087 311 1118 mutationi
344 1087 541 1123 obnoxium5
577 1086 659 1117 tales
685 1093 794 1117 autem

31 1138 106 1163 sunt
128 1143 192 1163 non
217 1143 267 1162 res
290 1131 390 1173 ipsae,
417 1143 498 1174 quae
523 1131 581 1161 sub
604 1142 715 1162 sensus
738 1142 794 1161 ca-

31 1177 131 1214 dunt,
168 1175 224 1206 sed
251 1175 363 1214 ideae,
396 1175 416 1206 i.
443 1187 469 1206 e.
491 1175 643 1207 notiones
668 1187 793 1214 rerum3

31 1233 115 1264 qnae
130 1228 239 1252 autem
254 1232 303 1251 res
321 1232 386 1251 non
406 1232 535 1262 semper
552 1220 687 1251 eaedem
707 1227 793 1259 sunt,

33 1266 91 1298 sed
120 1266 269 1297 oriuntur
299 1272 332 1296 et
361 1265 527 1296 intereunt
550 1272 794 1308 perpetuaeque

31 1309 206 1342 mutationi
232 1309 394 1341 obnoxiae
424 1315 518 1347 sunt,
552 1321 610 1341 eae
638 1319 707 1341 vere
732 1320 794 1342 esse

31 1355 94 1386 dici
115 1366 178 1386 non
198 1361 354 1396 possunt;
376 1365 454 1396 ergo
476 1365 573 1396 quum
591 1354 685 1385 ideae
704 1366 795 1386 sem—

29 1399 178 1443 piternae
202 1399 286 1437 sint,
320 1410 386 1430 non
414 1399 525 1441 potuit
547 1399 673 1430 animus
698 1399 792 1437 haec,

31 1455 112 1488 qnae
133 1455 210 1475 vere
232 1450 318 1481 sunt,
343 1450 412 1474 tum
430 1443 561 1475 demum
583 1455 793 1486 cognoscere,

33 1500 131 1533 quum
152 1489 183 1520 in
212 1499 351 1531 corpore
378 1488 519 1520 inclusus
545 1496 614 1527 est,
650 1489 707 1520 sed
734 1501 794 1521 co-

32 1534 123 1577 gnita
155 1545 192 1565 ea
225 1545 262 1565 ex
293 1533 403 1576 priore
427 1533 494 1565 vita
523 1533 554 1565 in
585 1534 671 1566 hanc
695 1534 795 1566 vitam

34 1578 183 1610 attulerit
206 1589 338 1609 necesse
363 1584 422 1611 est.

100 1625 182 1664 quod
202 1633 321 1662 semper
343 1625 402 1655 tale
424 1625 483 1662 sit,
515 1626 605 1663 quale
627 1623 716 1658 ἰδέαν
738 1635 796 1664 ap-

32 1671 128 1709 pellat
161 1668 225 1711 ille]
265 1667 396 1699 Erevius
429 1668 554 1699 dictum
589 1680 669 1711 pro:
709 1669 796 1712 quod

30 1724 160 1756 semper
183 1713 249 1743 tale
273 1712 335 1751 sit,
373 1712 468 1755 quale
493 1720 560 1744 est:
600 1713 689 1755 quod
726 1718 794 1756 (seu

30 1758 140 1801 quam)
175 1757 264 1791 ἰδέαν
299 1757 445 1799 appellat
471 1757 538 1789 ille.
588 1759 639 1789 Cf.
665 1758 794 1790 Acade-

29 1803 103 1834 mic.
127 1803 150 1834 I.
171 1800 212 1840 8,
234 1801 293 1834 30:
319 1802 418 1844 „quia
444 1803 561 1845 (mens)
586 1803 656 1833 sola
679 1815 796 1834 cerne-

30 1855 82 1880 ret
106 1847 159 1885 id,
197 1846 285 1889 quod
317 1858 446 1889 semper
480 1854 565 1878 esset
599 1847 737 1889 simplex
762 1855 795 1878 et

32 1891 216 1923 uniusmodi
251 1897 284 1921 et
317 1894 377 1922 lale
401 1894 491 1930 quale
512 1896 605 1923 esset:
639 1891 724 1923 hanc
748 1891 794 1922 illi

30 1936 138 1968 ideam
163 1935 375 1978 appellabant
399 1954 442 1958 -—
466 1947 526 1967 nos
550 1946 628 1966 vero
650 1935 795 1978 speciem

32 1991 204 2023 possumus
237 1979 382 2010 dicere.“
432 1979 529 2010 Unde
563 1982 682 2012 Keilius
713 1980 734 2013 l.
762 1981 793 2014 d.

33 2031 129 2057 acute
154 2023 327 2066 legendum
349 2023 548 2066 suspicatur:
574 2027 657 2064 quod
677 2035 795 2065 semper

32 2073 71 2101 sit
95 2071 155 2100 lale
182 2070 296 2110 [immo
320 2070 380 2100 lale
403 2070 477 2110 ειη,
505 2072 595 2109 quale
619 2072 674 2110 sit,
700 2081 794 2110 quom

35 2113 124 2148 ἰδέαν
149 2115 285 2153 appellat
309 2115 367 2144 ille.

100 2168 283 2198 aynescere,
319 2160 440 2197 coynila
472 2160 587 2199 attulit]
627 2161 795 2200 Aynoscere

34 2203 66 2233 1ι.
81 2202 100 2233 l.
120 2202 206 2233 idem
228 2202 324 2237 valet,
351 2202 439 2244 quod
459 2213 646 2243 cognoscere.
693 2208 795 2244 Α9ηο-

33 2256 114 2278 scere
137 2246 269 2288 proprie
285 2246 422 2278 dicimur
435 2258 498 2286 reS,
523 2259 659 2290 quarum
680 2249 796 2290 cogni-

35 2290 159 2321 tionem
196 2291 245 2320 vel
281 2291 448 2322 notionem
486 2299 563 2323 ante
604 2300 796 2336 perceptam

36 2333 210 2366 }1abemus;
236 2345 412 2373 cognoscere
429 2336 562 2367 omnino
578 2349 638 2375 res,
663 2337 694 2368 in
713 2350 797 2380 qua-

38 2388 108 2409 rum
130 2377 280 2407 notitiam
304 2377 440 2419 primum
465 2379 621 2411 venimus.
648 2382 688 2412 V.
703 2384 797 2414 Ochs-

37 2431 101 2453 ner.
128 2421 194 2452 Ecl.
222 2422 288 2452 Cic.
324 2433 355 2463 p.
374 2421 427 2453 45.
462 2429 492 2452 et
517 2425 614 2455 Kritz.
647 2425 687 2456 ad
718 2427 794 2458 Sall.

39 2466 109 2496 Cat.
136 2464 186 2503 17,
211 2465 244 2497 3.
293 2466 412 2496 Verum
446 2466 526 2497 haec
550 2467 615 2498 (luo
638 2470 797 2501 vocabula

36 2521 102 2542 non
133 2510 237 2541 solum
271 2522 289 2541 a
314 2509 452 2541 librariis
488 2515 531 2552 (v.
559 2514 730 2546 Gernhard.
755 2514 797 2545 ad

36 2554 129 2586 Lael.
155 2566 181 2586 c.
202 2555 234 2592 Ι,
260 2554 290 2585 5.
318 2566 349 2596 p.
374 2556 457 2595 1·.*.),
492 2555 548 2585 sed
571 2555 611 2586 ab
636 2556 712 2598 ipsis
736 2570 796 2589 ve-

36 2598 160 2630 teribus
183 2598 397 2640 scriptoribus
431 2610 529 2641 saepe
559 2601 696 2631 confusa
721 2609 796 2633 sunt

37 2649 136 2685 atque
149 2644 320 2685 permixta,
341 2649 373 2674 et
388 2643 520 2685 quidem
537 2644 665 2685 saepius
686 2655 796 2685 009ηο-

37 2697 136 2727 scere,
168 2688 257 2730 qnod
287 2688 523 2730 generaliorem
549 2688 647 2720 habet
671 2689 798 2731 signifi-

39 2731 220 2770 cationem,
247 2744 306 2774 pro
328 2742 511 2773 agnoscere,
537 2745 632 2776 quam
653 2733 717 2765 hoc
737 2745 797 2776 pro

36 2774 94 2806 illo
118 2776 259 2817 positum
283 2776 455 2819 reperitur.
503 2778 554 2809 Cf.
575 2780 732 2810 Breminm
766 2785 799 2810 et

37 2820 174 2860 Madvig.
195 2820 235 2851 ad
257 2821 326 2853 Fin.
350 2822 392 2852 11.
417 2819 470 2861 26,
492 2820 546 2854 82.
587 2822 700 2853 Paullo
723 2829 799 2865 post

37 2868 127 2894 recte
161 2864 285 2897 dictum
318 2872 368 2897 est
401 2869 540 2906 agnoscit
584 2869 640 2898 illa
672 2870 798 2899 remini-

35 2909 156 2940 scendo.
203 2910 307 2952 Supra
342 2921 369 2942 c.
393 2909 435 2951 8,
464 2910 527 2943 15:
566 2913 634 2943 lam
664 2921 798 2953 aynosco

1097 917 1119 951 7
1144 919 1198 951 Sic
1222 921 1259 952 R.
1287 920 1374 952 Gud.
1399 921 1428 952 1.
1453 920 1592 964 aliique,

831 1042 1011 1073 Graecum:
1038 1042 1091 1074 ubi
1116 1055 1146 1075 v.
1170 1042 1254 1075 Adu.
1290 1044 1380 1075 Inl'ra
1402 1056 1429 1077 c.
1444 1042 1497 1083 48,
1520 1042 1593 1076 116.

831 1088 870 1118 ll.
896 1087 955 1125 11,
980 1084 1034 1119 26.

897 1132 1006 1174 neque]
1032 1132 1073 1164 H.
1091 1144 1118 1163 e.
1142 1144 1247 1175 neque
1270 1145 1360 1171 vero,
1386 1145 1448 1165 nec
1469 1141 1592 1166 tamen.

830 1176 920 1207 Luel.
947 1176 985 1215 ὁ,
1014 1176 1073 1207 Ιὸῑ
1108 1177 1173 1207 Sed
1207 1178 1269 1209 hoc
1302 1178 1442 1220 primum
1473 1179 1592 1217 sentio,

831 1221 889 1252 nisi
914 1221 947 1251 in
972 1221 1067 1252 bonis
1092 1222 1269 1253 amicitiam
1298 1235 1369 1254 esse
1394 1235 1459 1255 non
1485 1235 1592 1266 posse.

829 1268 929 1305 Neque
947 1265 982 1296 id
1000 1265 1041 1296 ad
1063 1266 1170 1297 vivum
1191 1278 1315 1299 reseco.
1366 1268 1417 1299 Cf.
1436 1271 1595 1300 Bremium

829 1309 872 1341 ad
897 1310 1017 1352 Nepot.
1045 1316 1142 1352 Ages.
1168 1313 1202 1350 l,
1226 1311 1258 1343 4.
1284 1324 1315 1354 p.
1335 1311 1412 1345 243.
1460 1314 1500 1345 V.
1521 1313 1594 1345 Ad-

829 1361 943 1386 notata
966 1355 999 1386 in
1027 1367 1055 1386 c.
1070 1357 1110 1393 2,
1135 1356 1174 1387 4:
1200 1359 1359 1396 iacentque
1383 1367 1419 1389 ea
1442 1368 1572 1398 semper.

898 1402 926 1443 ᾗ.
945 1397 999 1432 59.
1037 1403 1234 1442 memoriam]
1262 1401 1436 1444 Duplicem
1457 1409 1594 1434 senten—

829 1444 909 1475 tiam
944 1444 1070 1476 nomini
1101 1449 1268 1478 memoriae
1305 1446 1421 1478 Cicero
1464 1447 1592 1479 tribuit.

829 1489 974 1521 Primum
1009 1489 1096 1521 enim
1131 1490 1295 1522 intellexit
1333 1503 1404 1523 eam
1445 1492 1594 1524 discendi

831 1534 1043 1573 facultatem,
1088 1546 1170 1577 quae
1205 1536 1386 1568 secundum
1420 1537 1595 1569 Platonem

831 1586 963 1611 constat
995 1579 1029 1610 in
1063 1580 1294 1612 recordatione
1329 1593 1439 1613 earum
1474 1593 1594 1622 rerum,

831 1636 910 1667 quas
940 1624 1085 1663 animus,
1120 1632 1297 1668 antequam
1328 1626 1360 1658 in
1397 1638 1515 1670 corpus
1540 1627 1593 1659 in-

830 1669 950 1708 travit,
987 1670 1134 1711 cognitas
1158 1670 1273 1702 habuit
1297 1677 1330 1702 et
1353 1683 1371 1703 e
1394 1672 1504 1714 priore
1528 1672 1596 1704 vita

831 1714 862 1745 in
887 1714 973 1745 hanc
997 1714 1126 1752 attulit3
1165 1721 1236 1746 tum
1264 1727 1335 1747 eam
1360 1717 1461 1748 animi
1487 1717 1596 1749 sacul-

831 1765 947 1797 tatem‚
973 1770 1055 1801 quae
1078 1759 1176 1802 vulgo
1198 1760 1263 1791 hoc
1284 1761 1417 1792 nomine
1439 1773 1594 1804 compre-

831 1803 930 1834 hendi
953 1803 1056 1841 solet,
1093 1815 1173 1846 qua,
1207 1816 1289 1847 quae
1312 1805 1344 1836 in
1368 1805 1431 1836 hac
1452 1806 1519 1838 vita
1541 1806 1595 1837 di-

831 1848 970 1886 scimus,
1008 1848 1210 1879 custodimus
1235 1855 1287 1889 et,
1325 1849 1379 1880 ubi
1413 1861 1495 1893 opus
1533 1858 1594 1890 est,

830 1903 986 1923 revocare
1010 1904 1192 1934 possumus.

895 1937 1057 1980 nururam]
1080 1937 1133 1969 Sic
1147 1937 1278 1981 plurimi
1297 1945 1331 1970 et
1347 1940 1464 1982 optimi
1484 1940 1595 1982 codd,

829 1988 865 2012 ut
888 1981 924 2012 R.
942 1981 1027 2013 Gud.
1045 1981 1073 2013 l.
1099 1984 1137 2013 ΙΙ.
1157 1982 1203 2022 b.‚
1226 1994 1405 2027 omnesque
1429 1986 1499 2016 fere
1519 1985 1594 2017 edd.

830 2032 932 2062 vett.;
959 2028 1013 2058 Or.
1038 2038 1064 2057 c.
1090 2026 1191 2059 duob.
1218 2028 1316 2059 codd.
1334 2040 1386 2072 ap.
1405 2030 1445 2060 D.
1465 2030 1596 2073 scripsit

829 2075 960 2111 nalam;
993 2082 1099 2113 neque
1134 2072 1230 2104 aliter
1253 2074 1332 2110 Tr.;
1369 2075 1456 2106 Mos.
1484 2087 1511 2107 c.
1537 2076 1594 2107 W.

832 2115 989 2158 [nalom];
1017 2116 1126 2149 Guelf.
1146 2118 1254 2158 ittam5
1279 2117 1345 2150 duo
1364 2118 1462 2151 codd.
1481 2131 1534 2163 ap.
1553 2121 1594 2151 D.

831 2167 864 2191 et
884 2167 990 2202 quatt.
1014 2163 1094 2192 Oxx.
1116 2167 1247 2194 nalum:
1273 2163 1361 2205 quod
1382 2164 1503 2206 probat
1521 2167 1595 2196 Hoc-

832 2207 948 2245 linger,
983 2205 1115 2244 dicens,
1152 2206 1186 2237 id
1220 2208 1332 2249 quaeri
1361 2208 1393 2238 in
1427 2214 1500 2241 tota
1533 2208 1596 2239 hac

831 2249 1068 2291 disputatione,
1093 2262 1169 2281 num
1192 2251 1292 2282 animi
1316 2258 1348 2282 et
1372 2251 1497 2283 idcirco
1521 2263 1594 2283 me-

831 2293 966 2332 moriae,
990 2306 1073 2336 quae
1094 2303 1143 2326 est
1165 2295 1264 2326 animi
1288 2295 1427 2327 facultas
1444 2296 1593 2338 insignis,

833 2338 926 2379 origo
950 2338 992 2369 ad
1018 2350 1136 2380 corpus
1170 2346 1227 2369 aut
1252 2350 1321 2370 rem
1347 2339 1446 2371 ullam
1471 2352 1595 2384 corpo-

832 2394 920 2413 ream
942 2383 1046 2424 possit
1066 2382 1194 2413 referri.
1244 2384 1319 2415 Non
1342 2384 1426 2416 male
1451 2385 1594 2428 quidem,

831 2426 889 2457 sed
920 2437 1017 2468 quum
1048 2427 1080 2456 in
1114 2427 1298 2468 scriptura,
1335 2440 1431 2471 quum
1465 2429 1595 2472 plurimi

833 2470 1014 2512 optimique
1036 2470 1110 2501 libri
1133 2471 1308 2511 exhibent,
1332 2475 1496 2506 sententia
1515 2487 1595 2507 sana

831 2514 927 2551 insit,
954 2525 1015 2555 ego
1039 2526 1110 2545 cum
1133 2517 1253 2548 Klotzio
1277 2528 1348 2549 eam
1375 2520 1594 2551 revocandam

832 2557 919 2588 duxi.
968 2558 1109 2590 Primum
1134 2560 1283 2592 universe
1306 2563 1493 2605 quaeritur:
1520 2567 1596 2605 quid

831 2606 873 2633 est
895 2605 1072 2635 memoria?
1096 2603 1171 2636 dein
1195 2607 1396 2638 accuratius:
1423 2613 1478 2640 aut
1499 2620 1595 2649 quam

833 2647 921 2677 habel
932 2649 1022 2678 vim?
1046 2652 1100 2679 aut
1112 2651 1193 2682 unde
1211 2652 1300 2683 duxit
1315 2657 1463 2684 naturam
1478 2656 1593 2685 suam?

835 2690 933 2729 Quod
963 2698 1072 2723 autem
1106 2693 1192 2726 infra
1227 2696 1332 2734 025,
1357 2694 1411 2729 60.
1446 2697 1593 2740 legatur:

835 2736 921 2774 Quae
943 2738 981 2767 sit
1004 2739 1060 2768 illa
1082 2740 1131 2770 vis
1151 2743 1177 2770 ei
1200 2742 1282 2772 unde
1300 2744 1350 2781 sit,
1374 2741 1409 2772 id
1430 2742 1510 2773 nihil
1532 2741 1596 2772 ob·-

832 2785 920 2811 stare
943 2781 1124 2824 scripturae
1144 2788 1304 2825 naturam,
1327 2793 1418 2816 recte
1441 2786 1595 2817 observat

831 2826 982 2865 Klotzius,
1007 2837 1105 2869 quum
1129 2827 1187 2860 illo
1212 2829 1298 2868 loco,
1324 2829 1379 2860 ubi
1403 2829 1518 2860 eadem
1538 2829 1595 2860 in-

832 2870 1014 2912 terrogatio
1038 2871 1183 2904 breviter
1205 2873 1387 2915 repetitur,
1424 2885 1475 2905 res
1509 2884 1594 2915 pau-

832 2912 973 2947 cioribus
995 2915 1102 2948 verbis
1125 2917 1271 2960 expediri
1291 2917 1448 2960 potuerit.
1489 2919 1539 2950 De
1560 2929 1593 2952 v.
