1832 3137
652 56 1000 89 PROLEGOMENA.
1583 52 1608 89 ς’)

39 139 110 192 (44
128 154 162 177 a.
183 136 294 190 Chr.)
322 138 521 176 absolutas
548 151 626 175 esse
646 136 692 190 ¹).
751 139 899 176 Nomen
927 139 1131 177 duxerunt
1153 154 1172 178 a
1205 143 1459 184 Tusculano,
1492 141 1603 178 Cice-

38 208 148 247 ronis
170 206 332 258 praedio
356 204 412 258 (v.
439 206 558 243 [ndic.
578 206 756 243 historic,
779 220 842 243 νν.
868 209 1087 244 Tzcsculmn
1107 214 1143 245 et
1171 210 1427 246 Tusculanae
1445 207 1599 259 Disp.).

154 274 351 326 Aperiunt
380 279 510 310 autem
531 273 574 310 hi
598 273 693 311 libri
717 286 775 310 res
797 274 847 310 ad
866 275 974 312 beate
998 275 1213 313 vivendum
1235 276 1400 314 maxime
1421 289 1598 313 necessa—

38 344 130 381 rias.
188 342 342 379 Primus
364 342 464 379 enim
486 347 543 379 est
562 341 608 378 de
627 341 909 378 contemnenda
929 350 1075 391 morte3
1106 345 1300 382 sccundus
1326 345 1374 381 de
1395 344 1599 381 tolerando

38 411 195 458 dolore3
237 410 284 447 de
314 409 560 460 aegritudine
595 408 773 445 lenienda
811 409 971 458 tertius3
1012 418 1178 459 quartus
1209 413 1256 449 de
1285 412 1450 462 reliquis
1478 411 1597 448 animi

35 477 428 529 perturbationibus3
456 477 618 526 quintus
641 489 727 513 eum
750 475 879 513 locum
903 477 1131 528 complexus
1154 486 1222 527 est,
1255 481 1323 530 qui
1351 487 1474 517 totam
1500 479 1595 531 phi—

35 545 256 596 losophiam
277 545 442 582 maxime
461 544 653 592 illustrat3
684 545 800 580 docet
823 544 936 592 enim,
967 545 1015 581 ad
1041 545 1148 582 beate
1171 547 1386 585 vivendum
1405 549 1595 585 virtutem

37 627 76 650 se
104 615 187 664 ipsa
217 626 294 650 esse
322 619 543 650 contentam
561 610 613 663 2).
671 611 778 648 Licet
805 612 1076 662 unusquisque
1107 612 1250 650 horum
1278 615 1472 652 librorum
1494 629 1593 665 pro—-

36 682 166 731 prium
186 680 382 730 quoddam
401 687 437 716 et
452 679 650 730 peculiare
669 685 943 729 argumentum
962 686 1209 730 pertractare
1232 682 1430 731 videatur3
1463 695 1594 719 omnes

35 755 159 785 tamen
182 747 378 785 communi
403 747 573 797 quodam
599 746 796 784 societatis
815 747 979 784 vinculo
1003 748 1056 785 ita
1084 748 1188 785 inter
1214 763 1252 787 se
1280 749 1515 797 cohaerent,
1551 757 1593 786 ut

32 828 155 852 unum
186 815 365 864 idemque
392 815 462 862 sit,
501 815 548 851 ad
580 815 687 864 quod
717 821 905 865 spectent.
966 816 1117 853 Etenim
1148 830 1279 854 omnes
1307 818 1481 867 quinque
1502 816 1592 853 libri

31 883 224 920 referendi
249 888 342 919 sunt
366 882 414 919 ad
439 881 769 932 methodologiam
794 882 960 920 ethicam
983 883 1043 921 vel
1070 884 1291 934 asceticam,
1331 899 1447 936 quam
1470 884 1591 934 vulgo

31 950 191 997 dicunt,
222 963 339 999 quae,
371 950 590 999 quomodo,
628 950 788 987 remotis
812 950 973 988 virtutis
1000 951 1306 1002 impedimentis,
1346 952 1591 990 efficiendum

31 1018 102 1065 sit,
145 1025 187 1055 ut
220 1018 419 1068 appetitus
450 1018 595 1054 rationi
628 1018 832 1065 obediant,
871 1020 1084 1069 praecipit:
1125 1033 1239 1069 quem
1276 1022 1433 1070 quidem
1463 1021 1591 1057 locum

30 1084 183 1122 Tullius
205 1085 381 1122 breviter
406 1085 646 1135 perstrinxit
671 1085 712 1121 in
740 1085 851 1121 libris
879 1085 925 1122 de
946 1086 1095 1122 Ossiciis
1112 1086 1162 1137 3).
1221 1088 1380 1125 Scilicet
1403 1094 1590 1137 tanquam

29 1165 241 1199 summum,
273 1151 381 1201 quod
404 1164 629 1201 sequamur,
661 1152 914 1201 propositum
935 1152 1046 1189 nobis
1065 1166 1143 1190 esse
1164 1153 1298 1202 debet,
1333 1161 1375 1192 ut
1395 1156 1505 1192 beate
1523 1154 1587 1191 vi-

29 1232 177 1257 vamus.
234 1220 350 1255 Beata
375 1225 505 1254 autem
528 1218 610 1255 vita
633 1225 788 1254 constat
810 1219 850 1254 in
871 1219 989 1255 animi
1010 1222 1250 1268 constantia,
1283 1222 1588 1271 tranquillitate,

27 1286 316 1335 aequabilitate.
376 1284 415 1320 Si
449 1285 534 1333 quis
567 1285 692 1334 igitur
723 1285 845 1322 vitam
881 1286 1031 1323 beatam
1062 1289 1248 1337 consequi
1289 1289 1394 1337 vult,
1435 1288 1588 1325 efficere

27 1354 158 1401 debet,
190 1359 236 1389 ut
254 1352 402 1389 rationi
424 1352 610 1388 obediant
633 1352 834 1402 appetitus
856 1354 1063 1403 omniaque
1084 1362 1384 1405 removeantur,
1414 1369 1512 1406 quae
1534 1356 1585 1392 il-

25 1422 101 1460 lam
133 1420 251 1457 animi
281 1419 540 1457 constantiam
572 1420 810 1470 perturbare
844 1421 1070 1458 videantur.
1133 1423 1190 1459 Ad
1224 1437 1265 1460 ea
1301 1431 1449 1472 autem,
1489 1437 1588 1474 quac

25 1488 231 1527 hominum
261 1487 409 1525 animos
442 1488 580 1525 misere
608 1488 790 1525 cruciant
819 1495 936 1539 atque
970 1497 1131 1538 vexant,
1170 1492 1399 1530 referendus
1423 1499 1480 1529 est
1504 1492 1586 1529 sine

25 1556 148 1595 dubio
176 1564 304 1593 mems
333 1560 486 1593 morlc's:
545 1556 678 1605 ltaque
703 1555 745 1592 in
769 1555 829 1593 liis
852 1556 988 1606 libris,
1028 1558 1068 1594 in
1094 1559 1237 1608 quibus
1260 1560 1413 1597 Tullius
1442 1560 1585 1608 omnia,

26 1637 127 1675 quae
147 1623 253 1661 vitae
273 1624 406 1661 beatae
426 1623 755 1672 adversarentur,
787 1637 1007 1674 removere,
1041 1639 1140 1675 quae
1164 1634 1290 1664 autem
1312 1642 1390 1665 eam
1414 1628 1582 1665 adiuva-

22 1697 132 1738 rent,
175 1691 316 1728 ass'erre
343 1691 516 1740 studuit,
558 1692 755 1742 aptissime
774 1692 903 1743 primo
933 1693 1020 1730 loco
1049 1694 1294 1732 efficiendum
1319 1697 1501 1747 putavit,
1542 1702 1585 1733 nt

25 1773 131 1797 mors
160 1766 494 1797 contemneretur.
553 1760 672 1807 Nam,
714 1766 758 1797 ut
780 1760 904 1810 ipsius
929 1761 1181 1812 Ciceronis4)
1208 1764 1340 1800 verbis
1366 1771 1478 1813 utar,
1515 1765 1583 1814 qui

21 1827 75 1876 id,
105 1827 213 1877 quod
232 1827 352 1864 vitari
372 1841 450 1864 non
474 1833 615 1878 potest,
645 1827 796 1874 metuit,
829 1828 860 1864 is
884 1829 1015 1865 vivere
1034 1829 1165 1865 animo
1182 1831 1316 1878 quieto
1335 1832 1444 1867 nullo
1466 1831 1582 1868 modo

0 1902 169 1946 :potest3
199 1895 266 1931 sed
289 1895 355 1944 qui
381 1908 460 1931 non
483 1894 620 1941 modo,
651 1894 741 1943 quia
766 1907 917 1930 necesse
936 1901 991 1931 est
1015 1896 1134 1943 mori,
1168 1910 1305 1934 verum
1328 1898 1462 1946 etiam,
1494 1898 1582 1948 quia

0 1957 1 1982 1
24 1962 123 1999 nihil
149 1961 269 1998 habet
293 1975 418 2008 mors,
451 1961 557 2010 quod
581 1961 632 1998 sit
650 1960 914 2008 horrendum,
945 1969 1109 1999 mortem
1137 1978 1216 2001 non
1240 1965 1370 2012 timet,
1402 1979 1582 2016 magnum

24 2029 56 2066 is
86 2029 159 2066 sibi
187 2028 427 2079 praesidium
456 2028 505 2065 ad
536 2029 686 2066 beatam
716 2029 836 2066 vitani
867 2037 1083 2079 comparat.

134 2096 203 2132 Uti
226 2109 352 2143 mors,
383 2096 436 2132 ita
462 2096 643 2146 corporis
668 2096 825 2133 dolores
846 2096 888 2133 in
910 2097 1019 2134 malis
1043 2098 1179 2136 haberi
1198 2106 1237 2137 et
1260 2100 1363 2138 vitae
1385 2102 1583 2151 tranquilu

21 2163 168 2201 litatem
195 2162 442 2200 vehementer
467 2164 703 2214 perturbare
725 2164 864 2201 solent.
923 2165 1057 2215 ltaque
1081 2167 1254 2205 secundo
1280 2168 1384 2205 libro
1412 2169 1584 2219 primum

22 2230 235 2281 quaesivit,
274 2237 412 2268 utrum
439 2231 555 2268 dolor
581 2231 621 2268 in
646 2231 755 2268 malis
781 2232 984 2269 ducendus
1006 2240 1124 2281 esset,
1165 2248 1303 2282 necne,
1335 2243 1391 2283 et,
1424 2243 1582 2286 postea-

22 2311 139 2347 quam
162 2298 388 2349 principum
416 2298 750 2350 philosophorum
780 2300 826 2336 de
859 2313 900 2336 ea
929 2313 967 2337 re
1001 2302 1212 2338 sententias
1247 2303 1433 2352 exposuit
1467 2309 1584 2353 atque

22 2365 282 2413 examinavit,
312 2365 437 2412 docet,
469 2366 644 2404 dolorem
664 2367 723 2404 vel
744 2367 872 2415 vinci,
903 2368 966 2405 vel
991 2369 1155 2405 tolerari
1175 2383 1299 2418 posse,
1330 2370 1363 2406 si
1385 2371 1582 2421 appetitus

23 2431 290 2470 subiiciantur
315 2431 480 2469 rationi:
510 2432 553 2469 in
580 2447 657 2483 qua
681 2448 723 2471 re
747 2448 878 2472 veram
905 2435 1138 2485 sapientiam
1169 2437 1291 2474 cerni.

118 2519 148 2561 l)
173 2519 212 2551 V.
235 2521 359 2551 Schmz.
384 2519 510 2561 Proleg.
532 2519 565 2550 in
587 2521 873 2564 TnscuLDisputt.
900 2533 930 2563 p.
954 2520 975 2550 ’4
998 2533 1045 2564 sq.
1094 2522 1192 2554 Adde
1213 2525 1235 2556 Ι.
1260 2523 1324 2562 30,
1349 2523 1415 2562 74„
1443 2527 1494 2557 ubi
1517 2528 1581 2558 Ca—

25 2563 114 2596 tonis
138 2575 242 2603 mors,
268 2575 350 2607 quae
372 2565 404 2595 in
428 2576 548 2595 annum
576 2565 730 2597 Dccvu.
759 2567 796 2597 U.
821 2578 847 2597 c.
874 2565 982 2603 cadit,
1008 2576 1295 2600 commemoratur.
1317 2588 1360 2593 —-
1413 2572 1459 2602 Ue
1482 2571 1578 2603 libro-

26 2620 97 2640 rum
121 2608 336 2652 inscriptione
358 2609 547 2652 discrepant
571 2609 676 2641 Codd.
704 2612 796 2641 Mss.
848 2611 928 2648 Alii,
955 2617 991 2642 ut
1015 2612 1094 2654 Reg.
1110 2637 1119 2652 ‚
1143 2614 1440 2655 praestantissimus
1465 2617 1580 2653 codex,

26 2653 202 2685 exhibent:
236 2653 310 2686 libri
333 2655 474 2697 quinque
498 2654 755 2686 Tusculanarum
781 2656 1020 2698 Quaestionum,
1054 2657 1128 2688 alii:
1162 2658 1236 2690 libri
1260 2671 1290 2702 q.
1313 2661 1410 2692 Tusc.
1435 2664 1581 2701 Disputa-

23 2701 161 2730 tionum:
186 2710 267 2742 quae
289 2700 450 2742 scriptura
475 2711 629 2742 germana
650 2699 812 2731 censenda
834 2700 974 2743 videtur,
999 2713 1097 2744 quum
1117 2703 1182 2735 hoc
1201 2703 1275 2746 ipso
1298 2705 1432 2736 nomine
1455 2706 1487 2737 hi
1510 2707 1582 2737 libri

25 2742 66 2774 ab
97 2743 169 2786 ipso
195 2744 351 2776 Cicerone
385 2751 432 2785 ¹2¹st
455 2745 586 2776 Tuscul.
612 2746 649 2776 V.
680 2747 716 2784 1,
746 2745 773 2776 l.
808 2744 848 2776 de
875 2745 982 2778 Divin.
1005 2749 1048 2779 11.
1077 2759 1226 2790 prooem.
1254 2749 1296 2779 de
1320 2750 1404 2782 Fato
1428 2763 1454 2782 c.
1478 2753 1508 2781 2.
1540 2750 1583 2781 ad

26 2788 124 2820 Attio.
148 2790 223 2820 XV.
249 2788 280 2820 2.
305 2788 350 2821 sini
387 2789 522 2832 aliisque
546 2789 782 2832 sernum-ibim,
809 2796 842 2820 ut
866 2791 1041 2823 Lactantio
1064 2792 1137 2824 Div.
1165 2794 1269 2825 lnstit.
1293 2795 1358 2834 ΠΙ,
1388 2794 1460 2834 14.,
1497 2794 1581 2825 affe-

26 2839 149 2864 rantur.
197 2834 235 2864 V.
262 2836 407 2866 Davisius
429 2834 471 2866 ad
493 2835 626 2867 Tuscul.
654 2835 788 2877 princip.
835 2836 1049 2869 Grammatici
1074 2844 1222 2872 veteres,
1249 2845 1284 2869 nt
1308 2839 1453 2874 Nonius,
1494 2840 1580 2871 Cha-

27 2875 136 2918 risius,
160 2878 359 2917 Priscianus,
382 2891 482 2922 saepe
501 2879 561 2911 hos
581 2880 683 2912 libros
702 2879 841 2922 simplici
861 2883 1108 2915 Tusculanarum
1130 2883 1263 2915 nomine
1282 2883 1437 2915 afferunt.
1484 2885 1517 2926 2)
1543 2885 1585 2917 de

26 2920 137 2953 Divin.
162 2923 202 2955 11.
221 2925 247 2956 1.
283 2923 318 2966 3)
343 2926 369 2956 Ι.
384 2922 438 2963 29,
457 2923 528 2957 102.
566 2926 605 2957 V.
622 2927 720 2958 Beier.
741 2925 783 2957 ad
796 2925 892 2958 offic.
917 2928 939 2959 l.
953 2927 983 2961 3.
1007 2939 1038 2971 p.
1056 2927 1105 2959 18.
1148 2925 1182 2969 4)
1207 2928 1338 2962 Tuscul.
1354 2928 1444 2972 Disp.
1457 2930 1495 2961 ΙΙ.
1514 2932 1539 2962 1,
1554 2929 1586 2963 ⁸2.
