1832 3137
1519 110 1601 152 315

45 214 157 256 quam
178 200 281 240 inter
303 198 569 250 Alcibiadem,
603 213 753 240 summo
774 199 860 240 loco
883 208 1012 240 natum
1027 231 1037 250 ,
1079 207 1117 240 ct
1140 200 1315 254 quemvis
1339 199 1509 241 baiulum
1541 200 1601 240 in·

44 281 216 324 teresse,
251 286 365 326 quum
386 286 430 312 se
455 271 679 313 Alcibiades
711 273 911 313 afflictaret
940 274 1224 327 lacrimansque
1254 271 1408 314 Socrati
1435 274 1601 329 supplex

41 353 169 397 esset,
203 353 245 386 ut
269 345 342 386 sibi
364 346 548 386 virtutem
578 346 753 386 traderet
780 346 1134 400 turpitudinemque
1160 346 1396 401 depelleret3
1430 347 1519 401 quid
1545 348 1601 387 di-

41 432 195 470 cemus,
230 416 446 460 Cleanthe?
479 421 603 459 num2
631 419 668 459 in
694 419 756 459 illa
777 432 843 468 rc,
885 432 983 472 quae
1006 419 1248 473 aegritudine
1276 420 1518 461 Alcibiadem
1544 422 1602 461 al-

42 492 215 542 liciebat,
249 492 335 532 mali
361 492 452 532 nibil
482 493 630 532 fuisse?
690 497 758 533 78.
794 490 925 544 Quid?
957 492 1018 531 illa
1044 490 1219 547 Lyconis
1243 493 1367 547 qualia
1392 495 1507 534 sunt?
1538 495 1600 548 qui

41 566 323 619 aegritudinem
344 573 566 606 extenuans
585 565 714 620 parvis
735 565 789 604 ait
811 578 896 604 eam
916 564 1034 605 rebus
1055 565 1220 616 moveri,
1254 568 1432 608 fortunae
1458 575 1496 608 et
1515 582 1602 608 cor-

915 635 1045 690 Quid?
1077 641 1202 691 ergo³
1227 639 1334 691 illud,
1369 641 1468 694 quod
1494 641 1603 681 Alci-

40 712 174 752 biades
196 711 373 762 dolebat,
408 725 485 752 non
509 725 562 751 ex
583 710 699 751 animi
724 710 835 751 malis
861 710 1044 764 vitiisque
1069 711 1298 752 constabat?
1357 712 1420 753 Ad
1442 712 1602 768 Epicuri

43 785 350 826 consolationem
381 784 477 824 satis
508 790 567 824 est
597 790 687 823 ante
719 783 877 823 dictum.

153 855 362 898 XXXIII.
425 862 493 898 79.
527 855 592 897 Ne
611 856 675 896 illa
696 857 849 911 quidem
869 856 1088 898 firmissima
1107 857 1323 898 consolatio
1338 861 1351 885 ¹
1374 865 1449 909 est,
1484 873 1605 913 quan-

42 945 154 986 quam
176 938 215 972 et
238 931 382 971 usitata
405 937 489 981 est,
523 937 562 970 et
591 943 706 984 saepe
728 931 908 984 prodest:
951 943 1037 971 non
1059 931 1134 972 tibi
1167 931 1248 972 hoc
1275 932 1373 973 soli.
1434 930 1606 973 Prodest

40 1005 138 1045 haec
170 1004 348 1059 quidem,
392 1011 434 1044 ut
455 1003 559 1054 dixi,
602 1004 670 1044 sed
704 1017 776 1044 nec
808 1017 963 1057 semper
991 1018 1063 1044 nec
1097 1004 1292 1045 omnibus.
1356 1003 1459 1046 Sunt
1483 1005 1601 1057 enim,

43 1079 107 1132 qui
131 1084 339 1132 respuant,
374 1078 442 1118 sed
462 1077 599 1128 refert,
634 1091 708 1130 quo
728 1077 840 1117 modo
862 1077 1105 1118 adhibeatur.
1152 1076 1205 1119 Ut
1224 1078 1325 1118 enim
1347 1078 1479 1119 tulerit
1501 1078 1606 1132 qnis-

534 119 692 152 Liussu
720 116 1099 159 1u.32‚70..33,70

42 639 149 694 poris
172 638 442 689 incommodis,
476 652 554 678 non
579 637 696 678 animi
724 637 850 677 malis.

44 1165 117 1206 que
137 1165 286 1201 eorum,
321 1151 384 1205 qui
404 1150 602 1206 sapienter
621 1150 806 1200 tulerunt,
843 1164 935 1200 non,
970 1165 1044 1204 quo
1067 1151 1229 1205 quisque
1248 1151 1493 1192 incommodo
1512 1151 1605 1192 affe-

43 1232 128 1266 ctus
155 1226 226 1275 sit,
260 1225 557 1279 praedicandum
590 1230 664 1264 est.
728 1221 969 1278 Clirysippi2
988 1224 1033 1263 ad
1058 1224 1264 1264 veritatem
1293 1225 1509 1265 firmissima
1527 1232 1603 1276 est,

136 1334 158 1368 2
183 1336 221 1367 R.
247 1337 281 1368 Ρ.
292 1337 367 1367 Vat.
392 1335 478 1367 Gud.
495 1335 524 1367 1.
547 1342 613 1367 tres
637 1335 718 1366 Pall.
739 1341 806 1366 tres
829 1337 910 1366 Oxx.
935 1336 1040 1367 Μαι-1).
1068 1336 1181 1368 Duisb.
1204 1340 1284 1380 Aug.
1306 1341 1391 1369 tum:
1414 1337 1503 1380 quod
1525 1337 1606 1369 nihil

43 1381 176 1413 videtur
197 1392 289 1419 esse,
313 1380 374 1412 nisi
394 1381 549 1412 mendum
579 1380 795 1411 librariorum.
841 1380 863 1412 3
891 1382 937 1411 De
961 1381 1229 1423 interpunctione
1251 1394 1281 1413 v.
1306 1383 1345 1415 V.
1369 1384 1438 1413 Ser
1460 1381 1525 1420 20,
1549 1379 1605 1414 46.

41 1427 207 1458 XXXIII.
260 1429 275 1457 1
302 1425 355 1457 Sic
369 1425 487 1457 codd*
513 1436 594 1458 cons.
618 1427 698 1465 firm.
721 1424 796 1456 edd.
812 1431 892 1458 vett.
916 1436 1028 1457 omnes
1050 1428 1235 1468 praeter-D.
1251 1428 1330 1458 etP.
1374 1426 1396 1458 2
1422 1427 1454 1458 b.
1471 1434 1504 1458 et
1518 1438 1607 1458 non-

45 1471 125 1502 nulli
147 1470 202 1502 alii
229 1470 410 1502 deteriores
433 1471 531 1502 codd.
554 1477 587 1501 et
611 1471 732 1501 multae
755 1470 828 1501 edd.
859 1477 939 1501 vett.
964 1473 1131 1511 Chrysippi
1154 1474 1343 1511 auctoritas,·
1377 1471 1430 1503 alii
1457 1471 1607 1503 deterio-

49 1527 101 1548 res
123 1516 219 1549 codd.
239 1522 273 1547 et
292 1527 415 1559 paucae
437 1516 512 1548 edd.
536 1522 615 1547 vett.
641 1517 807 1555 Chrysippi
824 1518 916 1547 ratio.
964 1517 1149 1559 Utrumque
1172 1527 1210 1547 ex
1234 1516 1389 1559 interpol.

109 1585 191 1624 quod
215 1602 258 1607 —
276 1583 425 1626 fateatur]
452 1584 631 1625 Exspectcs
654 1588 709 1613 aut
729 1584 807 1621 fate-

44 1630 148 1668 batur,
172 1634 207 1659 ut
229 1635 278 1659 est
299 1627 333 1658 in
350 1628 417 1659 Pal.
431 1629 462 1659 ὁ.
483 1627 580 1659 Vind.
597 1630 628 1659 2.
651 1638 714 1658 uno
734 1629 806 1665 Ox„

43 1680 100 1705 aut
123 1675 258 1714 fatetur,
294 1679 329 1703 ut
354 1679 402 1704 est
426 1672 459 1703 in
482 1675 564 1714 Aug.
587 1678 618 1703 et
640 1671 807 1702 nonnullis

43 1717 120 1750 edd.
146 1724 229 1749 vett.
276 1720 320 1749 At
351 1717 451 1749 verba
481 1716 638 1760 putandi,
676 1716 809 1748 dicendi

44 1770 78 1795 et
99 1763 217 1801 simil,
251 1774 269 1794 a
293 1763 407 1805 quibus
430 1762 556 1805 pendet
585 1773 654 1793 acc.
681 1773 708 1793 c.
734 1761 806 1800 inf,

43 1808 77 1840 in
109 1807 388 1840 enuntiationibus
418 1807 620 1839 secundariis
650 1818 750 1849 saepe
774 1806 807 1837 in

45 1853 256 1886 coniunctim
278 1859 455 1896 ponuntur.
491 1853 530 1883 V.
555 1863 616 1883 nos
639 1852 670 1883 in
695 1853 752 1883 Gr.
769 1852 808 1882 L.

46 1896 202 1943 §.140b‚
229 1898 276 1940 d).
323 1898 357 1929 Si
382 1910 412 1929 v.
439 1899 598 1930 Cleanthes
628 1908 694 1928 non
723 1902 810 1927 esset

44 1943 240 1994 repetitum,
275 1943 345 1974 sine
368 1942 468 1974 dubio
494 1943 529 1974 C.
553 1944 701 1982 fateretur
724 1941 810 1972 scii-

45 1989 176 2032 psisset.
228 1990 363 2019 llesenb.
387 1989 458 2020 Em.
478 1988 518 2019 ΙΙ.
545 1999 577 2030 p.
594 1988 647 2019 40.
674 1988 811 2027 fateatur

47 2039 240 2076 corruptum
263 2032 374 2064 habet.

111 2088 206 2118 quum
227 2080 370 2110 Socrates
391 2076 559 2119 Alcibiadi]
584 2076 754 2119 Augustin.
776 2076 810 2108 C.

48 2123 89 2154 D.
103 2123 195 2154 XIV.
220 2126 297 2154 οδε
321 2121 549 2161 „Alcibiadem
570 2122 691 2160 serunt,
714 2121 741 2152 si
759 2132 810 2152 me

45 2167 87 2199 de
110 2166 244 2199 nomine
267 2167 409 2198 hominis
438 2166 596 2198 memoria
620 2178 686 2198 non
712 2166 810 2206 fallit,

45 2223 144 2256 quum
163 2211 226 2243 sibi
248 2211 362 2243 beatus
383 2211 567 2251 videretur,
595 2213 732 2243 Socrate
755 2211 808 2243 di-

47 2263 203 2300 sputante
227 2263 260 2288 et
283 2257 331 2296 ei,
361 2268 458 2300 quam
480 2256 578 2288 miser
600 2263 696 2294 esset,
721 2267 809 2300 quo-

47 2302 134 2334 niam
157 2302 275 2333 stultus
300 2309 406 2341 esset,
441 2301 712 2341 demonstrante,
744 2302 810 2333 sse-

47 2347 171 2379 visse.“
218 2347 359 2378 Aliunde
381 2358 432 2378 res
456 2358 524 2378 non
556 2353 695 2378 constat.
743 2350 810 2378 As-

46 2391 173 2423 sentior
195 2393 319 2431 Orellio,
343 2391 393 2422 cui
414 2392 496 2423 haec
517 2391 663 2422 narratio
684 2402 723 2422 ex
745 2391 810 2423 ali-

47 2447 112 2479 quo
134 2435 309 2478 deperdito
326 2435 471 2466 Platonis
491 2435 567 2467 loco
588 2435 693 2477 petita
715 2435 812 2467 vide-

46 2487 111 2513 tur.
161 2479 347 2522 Castigatur
370 2479 520 2523 quidem,
555 2479 680 2522 inquit,
718 2480 812 2512 Alci-

46 2525 161 2557 biades
185 2525 217 2556 in
242 2525 348 2557 Alcib.
371 2526 394 2557 1.
409 2549 417 2564 ,
451 2536 513 2556 nec
539 2531 650 2555 tamen
674 2525 741 2563 ita,
777 2531 812 2556 ut

48 2569 198 2602 lacrimas
219 2570 359 2607 fundat3
384 2581 491 2612 neque
505 2569 547 2601 ad
562 2570 673 2611 Symp.
691 2580 724 2611 p.
736 2569 812 2601 215.

48 2615 88 2647 E.
122 2615 288 2647 Ciceronis
310 2615 411 2646 verba
428 2615 545 2646 referri
564 2621 714 2655 possunt,
738 2614 812 2656 quia

47 2659 196 2692 additum
218 2662 357 2700 quemuis
380 2662 521 2691 baiulum
553 2659 623 2690 sine
649 2658 749 2690 dubio
774 2670 814 2690 ex

49 2704 124 2747 ipso
147 2705 275 2736 Graeco
297 2705 460 2747 scriptore
481 2715 668 2747 expressum
691 2709 751 2741 est,
778 2709 814 2734 ut

48 2749 153 2780 multa
172 2749 206 2781 in
228 2749 420 2782 Tusculanis
442 2761 481 2781 ex
504 2749 624 2780 scholis
649 2755 683 2779 et
703 2747 813 2780 dicta-

48 2792 92 2824 tis
115 2793 388 2837 philosophorum
412 2795 614 2826 Graecorum
635 2793 740 2836 petita
759 2792 813 2824 vi-

51 2837 190 2877 dentur,
216 2850 296 2882 quos
318 2839 464 2879 audivit,
490 2845 523 2870 et
547 2850 586 2870 ex
606 2838 745 2870 aliorum
769 2837 813 2869 li-

51 2881 140 2921 bris,
167 2883 220 2925 qui
245 2865 494 2915 interciderurit.

120 2907 198 2959 riihit
219 2929 350 2960 hominis
371 2930 448 2971 esse]
477 2928 616 2961 Gravius
636 2934 670 2960 et
694 2927 813 2960 effica-

54 2971 120 3003 cius
144 2982 225 3014 pro.
258 2972 369 3005 nihil
359 2984 392 3005 in
417 2984 456 3006 eo
481 2973 606 3014 inesse,
633 2973 722 3016 quod
746 2972 812 3006 ho-

841 1583 950 1622 mine,
975 1582 1079 1636 qualis
1105 1583 1205 1614 debet
1230 1595 1319 1623 esse,
1349 1583 1485 1626 dignum
1509 1589 1605 1617 esset.

842 1630 940 1660 Homo
963 1625 1036 1661 κατ’
1055 1626 1173 1672 ἐξογηι
1197 1628 1327 1667 dicitur,
1352 1629 1406 1671 qui
1427 1628 1609 1672 sapientiae

841 1680 1027 1716 praeceptis
1040 1673 1182 1705 imbutus
1199 1680 1258 1706 est.
1291 1674 1344 1705 Cf.
1359 1676 1482 1708 Sclzatz.
1495 1673 1609 1706 Lexic.

844 1718 992 1750 Ciceion.
1019 1730 1048 1749 v.
1075 1721 1175 1750 homo.

909 1784 995 1806 se—
1012 1776 1192 1817 afflictaret]
1218 1775 1380 1806 Usitatins
1403 1777 1610 1816 afflictaretur

843 1825 913 1857 est,
951 1819 999 1850 uti
1032 1820 1088 1861 27,
1112 1820 1167 1852 66.
1216 1822 1356 1852 Klotzius
1389 1831 1495 1862 comp.
1530 1822 1609 1852 Ter.

845 1865 926 1895 Eun.
952 1865 976 1895 Ι.
1002 1864 1038 1903 1,
1061 1865 1123 1896 51:
1151 1876 1192 1895 ne
1214 1871 1249 1895 te
1271 1865 1422 1896 afflictes.
1470 1864 1548 1897 Sall.
1573 1865 1609 1896 C.

844 1909 906 1945 31,
933 1909 971 1940 3:
1008 1908 1160 1940 mulieres
1192 1912 1345 1950 afflictare
1375 1920 1458 1950 sese,
1494 1921 1608 1941 manus

844 1953 1009 1995 supplices
1044 1953 1086 1985 ad
1122 1954 1249 1985 coelum
1283 1955 1431 1986 tendere.
1489 1956 1611 1987 Tischer

845 1997 939 2029 addit
963 1998 1005 2030 ad
1028 2002 1097 2030 Att.
1121 2000 1176 2031 Ill.
1206 2001 1266 2039 12,
1294 2001 1331 2033 1;
1367 2006 1402 2031 tu
1426 2011 1478 2030 me
1506 2011 1607 2032 accu-

844 2055 915 2081 saS,
949 2043 1036 2086 quod
1060 2054 1108 2076 me
1131 2046 1290 2085 afflictem.
1336 2047 1437 2076 Klotz.
1467 2044 1499 2075 in
1524 2044 1611 2078 Add.

845 2100 877 2131 p.
900 2087 971 2121 149.
1006 2088 1159 2121 observat
1188 2089 1335 2121 dativum
1358 2092 1416 2121 sibi
1444 2089 1543 2120 etiam
1567 2088 1610 2120 ad

842 2136 1123 2174 turpitudinemque
1135 2135 1296 2173 depelleret
1317 2134 1533 2177 repetendum
1556 2145 1611 2165 es-

844 2189 890 2217 se,
918 2190 1025 2222 eomp.
1047 2179 1090 2210 ad
1112 2179 1202 2211 Fam.
1226 2180 1265 2210 V.
1287 2179 1341 2217 ¹20,
1361 2177 1401 2211 4:
1427 2186 1464 2210 ut
1486 2178 1610 2211 mulcta

844 2230 911 2254 tam
945 2224 1054 2266 gravis
1086 2227 1260 2256 Valerianis
1289 2226 1461 2264 praedibus
1491 2226 1611 2264 ipsique

846 2271 879 2301 T.
902 2271 1003 2301 Mario
1033 2271 1241 2310 depelleretur.
1266 2276 1344 2311 post
1367 2268 1463 2300 redit.
1486 2268 1520 2299 in
1542 2279 1610 2299 sen.

843 2314 875 2351 8,
901 2313 961 2346 19:
987 2314 1041 2356 qui
1062 2314 1184 2356 primus
1208 2320 1283 2356 post
1304 2324 1412 2344 meum
1432 2312 1612 2343 discessum

843 2365 967 2389 metum
991 2362 1097 2399 bonis,
1122 2369 1215 2400 spem
1239 2360 1433 2396 audacibus,
1456 2356 1611 2389 timorem

844 2405 915 2435 huic
948 2405 1071 2443 ordini,
1106 2403 1299 2434 servitutem
1331 2404 1448 2442 depulit
1474 2404 1612 2435 civitati:

847 2448 901 2479 ubi
925 2459 954 2479 v.
980 2450 1100 2480 Savels.
1125 2458 1156 2489 p.
1179 2447 1240 2480 117
1257 2459 1305 2490 sq.

915 2505 963 2535 Ad
988 2506 1022 2535 E.
1042 2503 1294 2546 consolationem]
1317 2504 1356 2535 V.
1380 2502 1422 2534 ad
1444 2502 1485 2543 9,
1512 2502 1566 2536 18.

918 2559 995 2590 CAP.
1022 2558 1192 2590 ΧΧΧΙΙΙ.
1228 2561 1255 2601 §.
1277 2557 1331 2592 79.
1377 2569 1439 2591 non
1470 2560 1525 2590 tibi
1556 2559 1612 2591 hoc

847 2604 927 2647 soli]
972 2603 1150 2645 Comparat
1189 2604 1388 2636 Camerarius
1428 2604 1504 2635 Eur.
1538 2603 1610 2635 Alc.

848 2648 914 2681 430
930 2659 1001 2690 sqq.
1038 2647 1129 2678 Iliad.
1156 2659 1191 2689 ε,
1216 2648 1313 2686 382.;
1350 2651 1452 2681 Moser
1476 2649 1551 2681 Eur.
1576 2648 1610 2680 in

851 2693 1055 2735 Cresphonte
1078 2693 1125 2724 X.
1149 2704 1181 2735 p.
1194 2692 1248 2726 97.
1274 2693 1326 2725 ed.
1351 2693 1454 2725 Dind.
1486 2694 1609 2735 (Poett.

849 2739 988 2779 Scen.);
1035 2740 1183 2770 Davisius
1216 2738 1375 2770 Timoclis
1410 2750 1522 2770 versus
1557 2749 1611 2780 ap.

849 2783 1053 2814 Athenaeum
1077 2783 1132 2813 Vl.
1164 2793 1198 2825 p.
1221 2783 1298 2817 223.
1330 2790 1363 2815 et
1390 2783 1483 2816 Stob.
1506 2785 1610 2814 Serm-

850 2827 923 2861 123
949 2839 981 2870 p.
996 2826 1072 2860 616.

914 2885 958 2916 ad
981 2885 1155 2926 veritatem]
1191 2883 1225 2916 Si
1246 2895 1316 2916 rem
1337 2883 1442 2927 ipsam
1462 2880 1610 2913 intueris.

846 2928 1101 3015 iii.a{l‚v112⁰’
1126 2929 1197 2968 574
1237 2929 1279 2961 de
1311 2940 1422 2972 praep.
1449 2928 1492 2958 ad
1519 2937 1547 2958 v.
1568 2925 1610 2958 ad
