1863 3221
237 90 321 133 336
788 90 1252 127 LiBER1V.S,18.19.

238 181 335 221 alius
360 179 550 233 potiatur,
585 175 667 228 ipse
694 179 841 213 careat.

238 252 400 306 intelligi
429 248 691 300 ζηλοτυπίανὸ
721 245 834 294 volo,
878 244 1078 297 aegritudo
1103 257 1154 282 ex
1180 256 1252 292 e0,
1297 244 1394 295 quod
1424 243 1523 283 alter
1554 255 1705 296 quoque
1731 256 1797 295 po-

1095 315 1410 356 Misericordia
1437 323 1497 356 est
1522 315 1724 369 aegritudo
1747 328 1796 354 ex

909 177 973 211 18.
1013 169 1282 210 Obtrectatio
1310 177 1436 210 autem
1461 177 1546 219 est,
1579 183 1648 218 ca.
1683 182 1795 222 quam

237 327 356 367 tiatur
377 338 447 374 eo,
481 321 580 376 quod
605 320 686 373 ipse
702 322 720 345 ⁶
749 317 1030 372 concupiverit.

239 397 396 439 miseria
423 395 582 436 alterius
603 392 745 432 iniuria
775 389 1009 441 laboranti83
1052 403 1166 428 nemo
1198 389 1299 428 enim
1330 388 1545 442 parricidae
1583 394 1649 428 aut
1669 388 1793 442 prodi-

240 471 335 512 toris
373 467 558 522 supplicio
591 465 856 506 misericordia
897 469 1180 503 commovetur.
1255 461 1438 515 Anyor⁷
1474 461 1676 514 aegritudo
1711 474 1800 514 pre-

237 557 375 593 mens3
417 542 554 582 luctus
576 538 779 592 aegritudo
807 551 858 577 ex
882 537 990 585 eius,
1033 535 1096 589 qui
1122 549 1234 575 carus
1263 535 1401 584 fuerit.
1442 534 1604 574 interitu
1628 533 1795 582 acerb03

236 628 414 657 maeror
455 612 656 668 aegritudo
696 611 859 661 ssebilis3
905 622 1113 649 aerumna
1159 608 1363 661 aegritudo
1404 607 1621 657 laboriosa3
1668 606 1796 646 dolor

239 689 442 744 aegritudo
468 685 671 735 crucians;
714 684 964 724 lamentatio
993 682 1198 735 aegritudo
1223 695 1306 721 cum
1341 680 1509 731 eiulatu3
1552 679 1800 720 sollicitudo

238 762 441 816 aegritudo
461 774 545 800 cum
565 758 827 812 cogitatione3
846 757 1041 803 molestia
1060 755 1261 808 aegritudo
1280 767 1536 808 permanens,
1564 751 1800 807 afflictatio

239 835 442 890 aegritudo
465 847 549 873 cum
571 831 785 872 vexatione
805 829 1002 884 corporis3
1039 828 1288 881 desperatio
1305 827 1509 881 aegritudo
1532 826 1617 866 sine
1640 825 1713 866 ulla
1735 839 1798 865 re-

237 923 323 950 rum
342 905 635 961 exspectatione
654 903 871 943 meliorum.
928 900 1039 954 Quae
1057 908 1182 941 autem
1205 900 1379 940 subiecta
1400 906 1489 939 sunt
1504 899 1574 940 sub
1591 904 1742 940 mettim
1758 902 1796 948 8,

239 996 286 1022 ea
328 981 383 1020 sic
422 978 631 1019 definiunt:
670 976 896 1030 piyritiam
937 981 1079 1014 metum
1123 974 1398 1026 consequentis
1443 972 1611 1012 laboris:
1646 972 1667 995 *
1697 972 1719 996 *
1750 972 1797 1022 *ς

240 1060 308 1094 19.
343 1058 555 1093 terrorem
579 1056 722 1089 metum
752 1047 1062 1100 concutientem,
1103 1060 1153 1086 ex
1179 1060 1253 1099 quo
1284 1046 1346 1095 fu,
1392 1052 1432 1085 ut
1456 1045 1639 1099 pudorem
1663 1044 1798 1095 rubor,

240 1135 428 1167 terrorem
455 1124 577 1178 pallor
600 1129 638 1162 et
661 1128 809 1161 tremor
832 1127 871 1160 et
892 1119 1064 1159 dentium
1089 1118 1259 1173 crepitus
1283 1125 1567 1171 consequatur3
1607 1119 1800 1158 timorem

239 1206 382 1240 metum
411 1196 502 1237 mali
525 1193 894 1250 appropinquantis3
932 1205 1143 1246 pat-orem
1167 1199 1310 1231 metum
1332 1198 1498 1231 mentem
1524 1191 1610 1231 loco
1639 1205 1800 1232 moven-

330 1300 350 1332 ὃ
378 1298 483 1331 codd.
504 1304 536 1329 et
561 1308 673 1329 omnes
698 1295 773 1327 edd.
801 1307 901 1338 usque
926 1295 968 1326 ad
987 1296 1043 1326 W.
1066 1297 1238 1334 zelotypian
1260 1294 1312 1325 vel
1336 1296 1532 1333 zelotypiam.
1578 1290 1600 1324 6
1623 1292 1800 1335 Pleraeque

241 1346 316 1378 edd.
341 1351 422 1377 vett.
450 1345 532 1383 quod
563 1345 612 1374 itte
643 1344 708 1381 ipse
741 1351 766 1372 c.
814 1341 914 1371 Male.
965 1340 1016 1371 Cf.
1044 1340 1169 1371 Graeca
1201 1339 1234 1370 in
1261 1339 1344 1370 Adn.
1406 1337 1426 1370 7
1452 1338 1505 1369 Sic
1531 1339 1569 1369 R.
1595 1339 1627 1369 P.
1655 1337 1741 1368 Gud.
1769 1337 1796 1368 1.

241 1393 280 1423 lt.
303 1391 335 1422 b.
360 1389 519 1430 multique
539 1387 615 1425 alii3
652 1388 707 1417 Or.
731 1397 758 1417 c.
783 1385 853 1415 aliis
878 1384 974 1417 codd.
1002 1391 1035 1415 et
1059 1384 1207 1415 omnibus
1234 1384 1305 1414 fere
1333 1383 1408 1414 edd.
1431 1389 1511 1414 vett.
1535 1393 1634 1422 anyer
1653 1386 1695 1414 est
1715 1392 1798 1421 aeyr.

239 1436 261 1466 ὃ
285 1435 437 1476 Quinque
453 1435 532 1463 Oxx.
546 1435 627 1473 Aug.
642 1431 734 1461 Mon.
749 1429 779 1460 1.
807 1430 910 1461 Marb.
937 1436 969 1460 et
991 1428 1066 1460 edd.
1081 1435 1160 1461 vett.
1175 1429 1244 1459 fere
1266 1439 1377 1459 omnes
1398 1430 1453 1459 sub
1474 1431 1564 1458 metu.
1594 1428 1632 1459 V.
1647 1427 1688 1457 ad
1701 1427 1728 1469 §5-
1747 1423 1796 1458 16.

239 1502 340 1534 sciat:
379 1499 432 1531 ubi
463 1498 561 1530 etiam
584 1508 614 1529 se
644 1495 854 1528 referendum
886 1501 935 1527 est
959 1495 1001 1526 ad

239 1547 321 1578 illud
353 1544 554 1587 cogitatione
579 1541 796 1585 supplendum
827 1552 922 1583 pron.
946 1540 1000 1571 in—

239 1591 420 1623 definitum.
469 1600 495 1619 c.
517 1589 580 1626 ¹30,
605 1587 666 1620 46:
701 1586 806 1629 ipsum
837 1585 917 1616 illud
942 1597 1001 1616 ae-

238 1635 366 1674 mulari,
392 1634 578 1666 obtrectare
592 1644 656 1663 non
672 1643 740 1662 esse
754 1630 878 1668 inutile,
904 1641 1001 1672 quum

239 1688 295 1713 aut
314 1693 348 1711 se
370 1690 435 1710 non
454 1678 539 1709 idem
556 1677 667 1708 videat
689 1683 900 1707 consecutum
924 1681 1001 1705 cett.

239 1726 281 1758 de
297 1728 387 1756 Orat.
404 1726 429 1755 I.
444 1726 475 1760 e,
494 1723 555 1754 ὂυς
582 1732 687 1763 neque
705 1732 784 1751 vero
806 1719 884 1751 mihi
906 1719 1000 1761 quic-

239 1782 336 1814 quam
359 1766 585 1812 praestabilius
610 1765 758 1803 videtur,
784 1776 880 1807 quam
903 1775 1000 1806 posse

238 1814 379 1847 dicendo
400 1820 514 1843 tencre
536 1811 704 1842 hominum
726 1817 849 1847 coetus,
874 1816 1000 1840 mentes

238 1860 380 1897 allicere,
406 1857 593 1888 voluntates
617 1854 797 1897 impellere,
823 1865 888 1896 quo
910 1857 1002 1893 velim

238 1905 325 1936 unde
345 1910 454 1935 autem
476 1904 566 1940 velit,
600 1900 775 1931 deducere.
820 1900 860 1931 V.
886 1910 945 1929 nos
967 1898 999 1929 in

239 1951 297 1981 Gr.
321 1950 359 1980 L.
385 1950 414 1990 ᾧ.
436 1947 507 1981 101,
530 1943 561 1977 4.
584 1945 631 1987 d).
681 1948 724 1976 At
746 1944 778 1975 in
801 1943 893 1981 locis,
916 1955 1000 1986 qua-

238 1995 277 2026 lis
302 2000 351 2024 est
372 1992 456 2023 infra
479 1991 532 2021 JV.
560 1989 621 2027 ⁴26,
647 1989 708 2021 56:
734 2000 856 2031 „quum
881 1988 923 2019 sit
944 1999 1000 2019 ae-

238 2040 387 2070 mutantis
416 2034 490 2076 angi
522 2034 630 2064 alieno
663 2034 772 2071 bono,
810 2033 898 2075 quod
931 2033 1001 2074 ipse

238 2094 305 2114 non
327 2081 482 2112 hal)eat.“
530 2077 630 2108 Acad.
658 2079 680 2108 Ι.
705 2078 741 2116 1,
766 2078 806 2109 2:
831 2080 1001 2116 „intempe-

238 2129 337 2159 rantis
364 2125 451 2156 enim
475 2134 544 2153 esse
574 2121 717 2153 arbitror
745 2121 892 2153 scribere
912 2121 1000 2163 quod

240 2170 396 2203 occultari
420 2168 535 2204 velit,“
560 2167 591 2197 iu
616 2166 767 2207 genitivis
783 2165 929 2197 subiecta
949 2166 999 2196 la—

240 2222 323 2247 tcut.
349 2215 389 2246 V.
403 2214 507 2245 Hand.
526 2211 567 2242 ad
580 2210 762 2252 Wopkens.
786 2211 894 2241 Lectt.
910 2210 997 2241 Tull.

241 2262 275 2297 I,
306 2260 333 2291 l.
368 2270 400 2300 p.
426 2257 447 2290 3
472 2268 518 2298 sq.
568 2257 615 2287 De
650 2256 775 2286 Graeca
810 2254 919 2296 lingua
954 2254 996 2285 cf.

239 2306 366 2336 Platon.
391 2302 487 2344 Apol.
521 2312 553 2343 p.
572 2300 625 2333 29.
655 2301 690 2330 B.
723 2298 746 2342 ἦ
778 2299 835 2332 τοῦ
870 2300 999 2332 ottobon

240 2348 361 2383 εἰδέναι
393 2344 591 2389 (domitta),
629 2340 651 2377 ἃ
684 2341 744 2377 οὔκ
773 2342 910 2377 οἶδεν.
956 2345 996 2375 V.

239 2396 425 2425 Stallbaum.
447 2391 489 2421 ad
515 2390 644 2422 Platon.
658 2389 751 2431 Reip.
773 2391 794 2419 l.
819 2400 850 2430 p.
866 2388 940 2422 347.
964 2389 999 2419 (2.

239 2444 273 2468 et
294 2449 353 2468 nos
379 2437 410 2467 in
435 2436 491 2467 Gr.
515 2436 570 2467 Gr.
594 2436 634 2466 T.
654 2435 693 2466 11.
718 2434 747 2476 ᾗ.
766 2432 841 2471 414,
867 2434 898 2465 ὃ.
927 2434 998 2476 (Gr.

239 2481 342 2512 schol.
370 2483 398 2523 ᾗ.
418 2480 504 2517 238,
530 2478 567 2517 4,
594 2479 636 2515 e]

308 2527 335 2569 ᾗ.
354 2526 406 2556 18.
433 2524 629 2565 Obtrectatio]
660 2522 753 2565 Diog.
776 2522 837 2554 l.c.
865 2523 999 2564 ζηλοτυ-

239 2569 313 2602 πίαν
348 2566 452 2607 λύπην
490 2566 611 2609 (εἶναι)
649 2567 702 2600 ἐπὶ
734 2568 782 2611 τῷ
817 2566 875 2600 καὶ
907 2563 998 2609 ἄλλῳ

239 2617 389 2655 παρεῖναι
414 2609 435 2644 ἃ
461 2611 518 2644 καὶ
548 2609 650 2648 αὐτὸς
682 2611 761 2655 ἔχει.
810 2612 902 2643 Stob.
929 2612 997 2643 Ecl.

239 2658 305 2689 eth.
327 2669 360 2700 p.
380 2656 456 2688 176:
485 2656 676 2698 ζηλοτυπίας)
698 2655 736 2690 δὲ
754 2655 858 2698 λύπην
877 2655 931 2689 ἐπὶ
947 2657 996 2689 τῶ

240 2701 348 2743 ἕτερον
373 2699 609 2742 ἐπιτυγχάνειν,
636 2699 681 2732 ὠν
704 2697 806 2738 αὐτὸς
830 2692 996 2743 ἐπιζῐυμεὲ.

239 2747 329 2779 Infra
352 2758 379 2777 c.
395 2744 448 2781 26,
470 2747 529 2776 50:
557 2744 770 2775 obtrectantis
786 2752 894 2776 autem
914 2745 994 2788 (sit),

238 2791 314 2833 angi
336 2790 441 2822 alieno
465 2788 573 2826 bono,
612 2789 700 2829 quod
724 2789 757 2819 id
789 2790 887 2820 etiam
917 2790 997 2821 alius

237 2836 368 2867 habeat.
417 2835 465 2865 De
489 2843 547 2872 ea,
570 2842 665 2872 quam
689 2844 720 2865 v.
745 2833 786 2863 ad
816 2834 851 2872 1,
876 2835 907 2865 2,

297 2876 522 2920 Misericordia]
546 2876 762 2908 Definitiones
778 2877 919 2909 Graecas
932 2878 997 2909 mi—

237 2923 435 2956 sericordiae
457 2920 749 2965 perturbationum,
777 2932 858 2962 quae
879 2922 996 2963 legun—

1035 1503 1089 1526 tur
1119 1495 1206 1537 apud
1233 1495 1412 1536 Diogenem
1438 1495 1475 1527 L.
1499 1492 1530 1533 7,
1557 1494 1612 1525 lll
1636 1504 1728 1536 sqq..
1767 1505 1795 1523 v.

1036 1541 1273 1581 prolegomena
1297 1552 1329 1582 p.
1349 1539 1403 1572 27.

1101 1584 1295 1627 parricidae]
1333 1584 1516 1615 Verborum
1550 1585 1730 1623 parricidae
1765 1589 1798 1613 et

1035 1632 1200 1669 parricidii
1217 1636 1250 1660 et
1265 1628 1516 1671 originationem
1532 1634 1565 1658 et
1579 1627 1796 1670 significatio-

1037 1686 1092 1705 nes
1113 1674 1303 1705 doctissime
1316 1673 1466 1716 exposuit
1479 1674 1537 1704 Ed.
1553 1674 1796 1713 Osenbrueyyen.

1035 1719 1087 1749 in:
1116 1721 1180 1750 Das
1204 1719 1332 1750 altro'm.
1358 1719 1564 1756 Paricidium,
1588 1717 1675 1748 Kiel.
1700 1716 1796 1755 ΙὸῊ,

1036 1775 1221 1806 quanquam
1257 1763 1433 1805 originatio
1470 1762 1510 1793 ab
1547 1774 1587 1793 eo
1624 1761 1797 1805 proposita

1035 1809 1207 1852 probanda
1231 1820 1297 1839 non
1322 1808 1462 1839 videtur.

1106 1857 1133 1897 §.
1158 1854 1206 1886 19.
1242 1855 1400 1894 terrorem]
1428 1851 1619 1890 „Excidisse
1642 1851 1674 1882 h.
1696 1851 1717 1882 l.
1744 1850 1796 1881 vi—

1036 1899 1132 1930 detur
1153 1900 1283 1938 pudoris
1307 1897 1465 1934 definitio,
1491 1896 1551 1927 nisi
1573 1896 1673 1938 ipsius
1696 1895 1797 1927 Tullii

1037 1951 1086 1975 est
1106 1943 1315 1985 negligentia.
1342 1941 1504 1981 Quocirca
1525 1940 1566 1971 de
1584 1940 1689 1971 Bentl.
1711 1939 1796 1971 coni.

1039 1990 1076 2020 D.
1103 1989 1130 2020 1.
1165 1988 1275 2019 dedit:
1310 1989 1460 2028 pudorem
1485 1990 1511 2018 et
1534 1990 1690 2017 terrorem.
1737 1985 1794 2016 W.

1036 2033 1111 2064 Sch.
1132 2035 1163 2065 ζ).
1191 2032 1315 2064 cautius
1338 2032 1524 2074 aliquanto:
1560 2032 1710 2070 pudorem
1732 2031 1743 2043 '‘
1757 2031 1769 2042 ⁸
1784 2031 1794 2041 ¹

1033 2081 1215 2109 terrorem.“
1271 2079 1414 2109 Orellius.
1481 2075 1584 2106 Stoici
1620 2074 1797 2106 censebant

1035 2121 1193 2164 αἰσχύνην
1227 2120 1309 2154 εἶναι
1341 2120 1444 2164 φόβον
1478 2117 1622 2158 ἀδοξίας.
1672 2121 1798 2159 Wolfius

1033 2166 1183 2207 supplet:
1215 2168 1365 2205 pudorem
1384 2169 1497 2196 metum
1519 2166 1667 2203 infamiae
1687 2173 1797 2195 concu-

1032 2213 1174 2249 tientem5
1202 2212 1387 2248 Wesenbery.
1410 2211 1475 2240 Em.
1497 2210 1550 2239 [ΙΙ.
1577 2220 1608 2250 p.
1624 2208 1661 2239 3:
1694 2209 1796 2246 pudo-

1032 2265 1097 2286 rem
1120 2259 1232 2286 metum
1254 2256 1482 2293 calefacientem
1510 2259 1565 2283 aut
1588 2252 1691 2282 simile
1716 2264 1794 2294 par—

1033 2299 1181 2340 ticipium
1216 2298 1365 2341 sequenti
1399 2300 1615 2329 concutientem
1648 2296 1793 2338 aequale.

1037 2344 1269 2375 Detinitionem
1289 2345 1418 2383 pudoris
1440 2342 1615 2380 excidisse,
1646 2352 1712 2372 non
1737 2340 1795 2371 Ci—

1036 2389 1162 2420 ceronis
1186 2387 1385 2430 negligentia
1406 2386 1558 2419 omissam
1582 2398 1663 2425 esse,
1688 2398 1795 2428 appa—-

1034 2440 1085 2464 ret
1109 2445 1148 2464 ex
1172 2445 1261 2476 seqq.
1285 2435 1436 2472 pudorem
1458 2434 1561 2463 rubor.

1104 2482 1218 2510 metum
1252 2476 1490 2518 concutientem]
1529 2475 1689 2507 Stobaeus
1723 2474 1793 2505 Ecl.

1035 2524 1083 2560 ΙΙ,
1109 2523 1141 2556 7.
1176 2535 1208 2565 p.
1232 2522 1304 2555 17&
1330 2522 1379 2552 H:
1417 2519 1522 2564 φόβος
1546 2519 1584 2552 ἐκ
1609 2519 1794 2561 φαντασίας

1033 2564 1223 2610 α’συνήὶῐους
1268 2565 1474 2608 πράγματος.
1536 2565 1652 2606 Neque
1698 2564 1794 2595 aliter

1036 2613 1130 2654 Diog.
1158 2614 1194 2643 L.
1220 2610 1253 2649 7,
1282 2613 1352 2643 112.
1389 2609 1554 2640 Ciceronis
1584 2608 1683 2650 igitur
1707 2608 1792 2640 defi-

1033 2657 1113 2687 nitio
1137 2656 1266 2687 diversa
1291 2662 1350 2686 est.

1103 2704 1179 2732 Tam
1202 2699 1315 2742 pavor]
1346 2701 1404 2730 Est
1428 2704 1619 2729 tetrameter
1642 2697 1791 2729 trochai-

1035 2757 1087 2777 cus
1123 2744 1348 2782 catalecticus,
1386 2742 1507 2785 petitus
1542 2754 1580 2772 ex
1607 2742 1704 2773 Ennii
1731 2743 1790 2774 At-

1034 2802 1200 2822 cmaeone.
1247 2790 1342 2820 Hunc
1363 2799 1490 2819 versum
1521 2787 1585 2825 sic,
1622 2793 1656 2817 ut
1681 2787 1787 2818 edidi—

1032 2846 1121 2873 mus,
1159 2837 1213 2865 Or.
1243 2845 1269 2865 c.
1300 2832 1370 2864 aliis
1404 2831 1574 2863 constituit
1606 2843 1623 2863 e
1648 2832 1714 2863 Cic.
1749 2831 1790 2862 de

1033 2882 1086 2911 Or.
1110 2881 1166 2911 ΙΙΙ.
1189 2878 1241 2916 38,
1273 2875 1344 2910 154.
1371 2884 1403 2908 et
1428 2878 1481 2915 58,
1506 2877 1601 2916 ’ΖΠ-5.,
1628 2876 1681 2907 ubi
1704 2876 1788 2906 scri-

1031 2930 1127 2966 ptura
1153 2923 1286 2954 firmiter
1307 2928 1381 2952 stat.
1431 2923 1465 2951 ln
1490 2920 1565 2952 edd.
1589 2928 1671 2953 vett.
1694 2920 1788 2962 lege-
