1863 3221
217 78 301 122 314
799 87 958 119 Lissun
988 85 1208 128 111.32‚77.

220 169 420 224 respoudit
438 172 448 196 ¹
471 187 479 209 ε

421 243 612 293 Siquidem
642 244 728 292 qui,
765 242 1015 292 tempestivam
1046 241 1263 278 medicinam
1293 242 1505 289 ddnzovens,

420 317 505 354 Non
537 316 592 353 (td
615 328 841 365 gravescens
854 315 874 339 2
907 315 1039 352 volnus
1070 314 1202 351 z'lle'rlc'zt
1228 327 1372 352 manus.

330 385 515 428 XXXII.

220 475 332 511 cere,
376 468 440 501 aut
464 460 608 500 nullum
634 459 773 499 malum
799 473 912 510 esse,
955 466 1022 499 aut
1046 459 1247 498 admodum
1282 472 1465 513 parvumg
1510 459 1632 499 altera
1665 466 1704 499 et
1730 460 1778 499 de

580 393 648 427 77.
689 385 777 426 Erit
798 385 915 441 igitur
935 386 974 426 in
997 385 1330 426 consolationibus
1349 386 1470 441 prima
1492 386 1682 426 medicina
1707 387 1775 426 do-

218 533 411 574 communi
437 532 660 574 conditione
687 533 791 573 vitae
815 539 853 573 et
875 532 1053 587 proprie,
1088 532 1119 571 si
1145 531 1234 585 quid
1259 532 1310 572 sit
1332 532 1378 571 de
1403 532 1546 585 ipsius,
1587 532 1650 586 qui
1673 546 1779 572 mae-

711 606 846 656 tertia,
888 619 1076 646 summam
1111 618 1198 645 esse
1234 604 1435 645 stultitiam
1472 606 1613 645 frustra
1641 605 1777 645 confici

1323 676 1429 719 Nam
1460 675 1671 719 Cleanthes
1696 678 1779 732 qui-

219 614 326 657 rent,
372 607 663 661 disputandum,

218 694 421 731 maerore,
456 695 570 734 quum
590 679 808 733 intelligas,
850 679 945 719 nihil
970 692 1085 732 posse
1114 678 1262 733 profici.

219 754 304 794 dem
336 753 551 808 sapientem
577 753 825 803 consolatur,
871 752 934 806 qui
972 751 1240 792 consolatione
1272 766 1350 791 non
1378 758 1480 805 eget.

218 840 305 867 esse
332 827 494 878 malum,
537 826 637 880 quod
662 833 775 880 turpe
798 840 875 865 non
901 825 973 876 sit,
1017 825 1049 866 si
1075 825 1221 879 lugenti
1244 825 1512 879 persuaseris,
1552 839 1630 864 nou
1652 831 1693 865 tu
1724 824 1778 864 illi

218 899 384 948 luctum,
425 900 493 940 sed
526 899 735 939 stultitiam'
760 898 1005 949 detraxeris,
1048 898 1215 938 alienum
1249 904 1378 938 autem
1414 905 1562 951 tempus
1597 898 1775 938 docendi.

216 971 269 1011 Et
292 980 418 1012 tamen
444 972 636 1012 nonsatis
667 972 756 1011 mihi
795 971 948 1012 videtur
974 971 1119 1010 vidisse
1153 970 1224 1010 hoc
1249 968 1484 1021 Cleanthes,
1531 970 1674 1024 suscipi
1710 970 1779 1010 ali·
1810 963 1813 965 ⁵

218 1046 370 1098 quando
394 1045 675 1099 aegritudinem
707 1058 821 1098 posse
848 1057 900 1083 ex
937 1058 984 1083 eo
1011 1043 1117 1097 ipso,
1161 1043 1260 1096 quod
1293 1056 1381 1083 esse
1417 1057 1606 1083 summum
1639 1043 1778 1083 malum

219 1115 431 1158 Cleanthes
455 1118 537 1172 ipse
577 1119 794 1157 fateaturl.
858 1115 960 1169 Quid
984 1116 1086 1156 enim
1118 1115 1311 1167 dicemus,
1354 1130 1468 1170 quum
1495 1114 1683 1157 Socrates
1709 1116 1780 1157 Al-

217 1190 354 1231 cibiadi
376 1191 663 1246 persuasisset,
696 1198 738 1231 ut
756 1190 993 1245 accepimus,
1029 1203 1114 1230 eum
1138 1189 1232 1229 nihil
1250 1189 1416 1230 hominis
1440 1203 1543 1240 esse,
1578 1203 1648 1230 nec
1671 1190 1777 1244 quic-

1541 750 1651 791 Nihil
1677 751 1779 792 enim

310 1302 324 1334 1
353 1303 406 1334 Sic
428 1303 576 1346 plerique
602 1303 720 1341 codd.,

218 1347 292 1379 edd.
315 1354 397 1380 vett.
420 1351 590 1388 respondet.
638 1349 677 1380 V.
701 1348 743 1379 ad
770 1350 808 1379 ll.
833 1348 895 1387 21,
921 1346 974 1379 49.

216 1416 279 1446 Per
302 1427 402 1457 genus
433 1415 599 1458 quoddam
623 1414 830 1446 attractionis
856 1414 980 1445 dictum

216 1471 295 1502 pro:
322 1462 411 1499 qui,
436 1471 530 1499 quum
553 1463 587 1492 ei
609 1462 725 1491 dictum
747 1463 832 1499 esset,
856 1469 980 1499 respon-

217 1506 273 1536 dit.
320 1506 359 1536 V.
384 1504 425 1535 ud
452 1507 474 1535 Ι.
499 1503 561 1543 34,
587 1504 641 1536 84.

285 1551 445 1589 Siquidem
467 1552 534 1591 qui]
570 1551 747 1592 Exspectes
768 1552 857 1590 quis,
891 1549 980 1592 quod

216 1594 249 1625 in
274 1595 386 1625 Duisb.
420 1595 539 1636 legitur
573 1602 605 1625 et
639 1594 818 1636 respondet
851 1596 979 1626 Graeco

215 1638 286 1677 τὶς;
311 1646 343 1670 et
368 1640 507 1670 sortasse
525 1642 593 1678 quis
614 1639 788 1681 legencium
811 1646 878 1675 θεῖς
905 1650 978 1670 uam

216 1686 240 1715 S
261 1691 337 1715 ante
356 1687 379 1715 T
398 1684 496 1715 facile
514 1684 664 1715 excidere
686 1684 805 1726 potuit.
841 1684 875 1715 Si
892 1684 978 1715 scri-

215 1735 311 1771 ptuia
335 1731 387 1769 qui
418 1740 573 1771 {Uimina
599 1736 670 1766 est,
707 1728 899 1770 explicanda
929 1736 978 1760 est

214 1773 279 1804 sic:
304 1777 330 1805 si
353 1777 433 1813 quis,
456 1776 558 1814 qualis
580 1784 642 1805 esse
664 1775 758 1804 debet.
799 1775 838 1805 V.
864 1786 924 1805 nos
945 1773 977 1804 in

217 1818 274 1850 Gr.
296 1820 335 1849 L.
362 1821 389 1862 §-
409 1821 481 1851 1’5.
507 1820 588 1850 hot
606 1820 633 1850 1
657 1824 690 1849 et
712 1818 831 1849 ale.
856 1816 908 1857 14,
924 1818 977 1851 33.

215 1862 338 1894 Eadem
373 1863 553 1905 scripturae
592 1863 733 1894 varietas
768 1864 822 1894 lv.
851 1864 894 1905 ὅ,
926 1863 975 1896 17.

214 1908 279 1946 20,
304 1907 357 1941 46.
406 1910 565 1948 Siquidem
597 1908 629 1939 in
659 1908 874 1950 responsione
908 1907 978 1950 pari

213 1953 315 1984 modo
336 1952 455 1995 legitur
483 1965 534 1995 ap.
557 1955 692 1984 Terent.
718 1953 857 1995 Adelph.
882 1954 923 1985 V.
945 1951 977 1991 9,

212 1998 275 2029 22:
303 2000 394 2040 Syre,
423 1998 609 2039 processisti
625 1997 724 2028 hodie
741 1998 888 2040 pulchre.
917 1978 979 2037 „Si

212 2044 337 2082 quidem
360 2054 483 2084 porro,
510 2042 628 2079 Micio,
662 2049 697 2072 tu
718 2048 809 2072 tuum
833 2042 977 2073 officium

214 2086 340 2116 facies⁴‘
364 2092 442 2117 cett.
489 2088 550 2125 Ja,
574 2096 672 2117 werin.
722 2087 775 2117 Sic
799 2087 854 2118 Gr.
879 2087 911 2119 εἷ’
927 2097 975 2128 γε.

214 2130 267 2161 Cf.
292 2129 334 2161 ad
359 2131 397 2161 ΙΙ.
426 2130 476 2169 17,
500 2130 553 2162 39.
605 2130 745 2162 Omnino
767 2134 901 2170 quidem,
925 2130 976 2171 γε’,

212 2174 246 2205 in
268 2175 480 2217 responsione
503 2175 690 2217 frequentia
712 2182 797 2207 suut.
831 2177 870 2208 V.
893 2177 977 2207 Har-

213 2222 297 2260 luny.
322 2220 452 2252 Griech.
478 2220 599 2251 Pau-nik.
622 2221 662 2252 T.
679 2221 702 2251 l.
729 2232 760 2263 p.
780 2219 846 2252 393
859 2232 907 2262 sq.

280 2266 324 2296 ad
351 2266 548 2306 yravescens]
588 2267 721 2307 Septem
753 2266 833 2295 Oxx.
862 2264 974 2295 Duisb.

212 2309 319 2340 Marb.
340 2310 430 2341 Mon.
449 2311 520 2342 1.2.
543 2309 617 2340 edd.
643 2310 678 2340 C.
694 2310 734 2341 V.
757 2309 841 2340 Rob.
861 2309 975 2351 Steph.

212 2354 335 2385 habent
349 2364 593 2394 a991·avescens,·
618 2355 693 2385 dein
710 2365 770 2396 pro
783 2364 895 2385 manus
910 2354 975 2385 duo

214 2400 294 2429 ΟΧΧ.
309 2398 431 2430 habent
444 2410 561 2439 maml;
587 2406 619 2430 et
638 2399 685 2431 sic
704 2399 879 2441 legendum
895 2410 971 2430 cen-

213 2450 287 2473 sent
312 2444 421 2481 Cam.,
454 2444 575 2480 Bouh.
612 2456 715 2487 nuper
739 2446 830 2475 Wes.
857 2445 927 2475 Em.
948 2445 972 2475 Ι.

212 2498 244 2529 p.
262 2486 316 2518 29.
355 2491 402 2519 Ae
423 2500 501 2519 saue
525 2469 663 2520 miiltum
682 2489 795 2527 habet,
819 2500 884 2531 quo
903 2500 974 2520 sese

214 2532 422 2562 commendet
453 2533 533 2564 haec
561 2534 734 2576 scriptina.
781 2533 975 2574 Respondet

212 2575 298 2606 enim
321 2576 417 2618 plane
439 2577 571 2608 Gxaecis
595 2579 701 2610 veibis
722 2578 780 2611 καὶ
805 2577 851 2621 'tri
877 2589 973 2621 σφρι-

210 2620 323 2662 γῶντα
358 2619 443 2662 {inuri
430 2634 462 2654 ν
500 2621 646 2666 ἰσγναίνῃ
684 2623 751 2667 βίᾳ.
801 2625 848 2654 De
883 2630 973 2655 stru-

212 2671 303 2696 ctu1a
326 2667 443 2697 illidere
467 2668 587 2705 aliquid
610 2668 759 2709 apposite
782 2669 840 2699 W.
867 2680 973 2710 comp.

210 2709 291 2741 Har.
316 2710 412 2751 Resp.
441 2712 468 2753 §.
487 2711 550 2741 ὁὶ).
592 2713 750 2754 (serpens)
785 2724 972 2771 compressa

210 2760 309 2797 atque
329 2756 433 2793 illisa,·
458 2761 490 2785 et
511 2753 552 2784 de
573 2764 668 2786 mmm
692 2757 823 2788 Lucret.
838 2755 870 2796 4,
885 2757 970 2790 6¹21:

210 2798 341 2842 plenam
371 2798 543 2842 spongiam
565 2818 609 2823 —-
632 2810 729 2831 manu
761 2812 909 2842 premere
933 2814 971 2833 ac

209 2843 343 2876 siccare.
381 2844 463 2875 Cels.
492 2844 596 2886 praef.
622 2854 719 2876 mame
740 2845 883 2884 mederi;
909 2858 970 2877 ne—

210 2899 272 2930 que
302 2899 380 2921 velo
407 2888 598 2921 Ciceronem
630 2890 672 2920 ad
703 2899 750 2929 91⁶.
775 2893 857 2923 volu.
868 2914 878 2929 ,
913 2891 971 2922 scd

211 2939 299 2965 certe
328 2936 361 2966 in
383 2944 430 2975 yr.
452 2944 482 2966 v.
515 2933 679 2966 dicturum
711 2932 810 2965 fuisse
845 2935 970 2967 statuit.

757 1303 857 1335 etiam
881 1303 917 1334 R.
946 1302 1031 1334 Gud.
1059 1301 1087 1333 1.
1114 1302 1168 1339 b.;

1206 1304 1260 1334 Or.
1284 1314 1310 1334 e.
1332 1303 1365 1334 P.
1390 1301 1476 1332 Gud.
1501 1301 1533 1334 ¹2.
1558 1308 1591 1333 et
1613 1301 1778 1346 plerisque

1021 1346 1041 1378 2
1067 1359 1097 1380 v.
1118 1346 1202 1378 Adu.
1250 1348 1402 1378 XXXH.
1454 1347 1468 1378 l
1498 1359 1527 1379 v„
1547 1347 1632 1378 Adn.

1016 1413 1137 1445 Finalis
1168 1420 1278 1444 autem
1303 1424 1318 1445 s
1347 1425 1580 1456 nonnunquam
1613 1413 1646 1445 in
1679 1414 1776 1446 codd.

1014 1470 1115 1501 prave
1139 1458 1244 1489 additi
1266 1458 1368 1490 multa
1393 1458 1526 1500 collegit
1550 1458 1709 1501 exempla.

1094 1504 1172 1535 Cae.
1196 1505 1346 1534 XXXII.
1383 1506 1411 1547 §-
1432 1503 1487 1537 77.
1535 1504 1775 1547 disputandum]

1016 1548 1275 1591 Exspectabatur
1297 1550 1476 1587 disputare,
1510 1555 1546 1579 ut
1567 1548 1678 1590 paullo
1701 1555 1778 1580 ante

1015 1596 1130 1625 docere.
1169 1595 1254 1624 Bene
1274 1595 1392 1624 Moser:
1420 1592 1638 1625 Continuatur
1658 1593 1775 1632 oratio,

1015 1637 1104 1681 qnasi
1127 1649 1187 1680 pro
1208 1641 1306 1669 altera
1328 1637 1453 1668 dictum
1470 1638 1511 1668 sit
1527 1639 1656 1679 deinde‚·
1680 1638 1777 1670 aliter

1014 1685 1170 1722 Klotzius,
1195 1682 1247 1725 qui
1271 1682 1462 1713 Ciceronem
1486 1682 1625 1725 primum
1647 1683 1776 1715 oratio-

1014 1740 1088 1759 uem
1111 1727 1158 1758 sic
1184 1727 1393 1758 conformare
1418 1727 1558 1759 voluisse
1582 1735 1696 1770 putat:
1727 1731 1775 1760 al-

1013 1777 1078 1804 tera
1115 1774 1183 1815 (erit
1207 1774 1360 1804 medicina
1388 1775 1421 1803 in
1446 1773 1715 1815 consolationibus)
1749 1777 1777 1805 et

1013 1820 1050 1849 de
1070 1820 1224 1849 communi
1244 1819 1333 1849 cond.
1353 1819 1433 1848 vitae
1453 1822 1479 1848 et
1500 1820 1623 1857 proprie
1647 1820 1697 1859 (de
1716 1818 1777 1859 eo),

1013 1865 1039 1893 si
1073 1865 1148 1902 quid
1182 1865 1221 1893 sit
1247 1864 1284 1893 de
1316 1864 1414 1901 ipsius
1449 1863 1687 1904 (condicione),
1722 1864 1776 1902 qui

1012 1911 1169 1947 ‘'naereat,
1195 1908 1451 1958 Ηάἰεραίαηεῑωη,ι
1488 1906 1607 1938 deinde
1639 1907 1775 1939 verbum

1014 1952 1112 1995 plane
1138 1952 1303 1988 omisisse,
1335 1951 1393 1983 sed
1415 1952 1535 1993 tneor,
1561 1963 1612 1983 me
1635 1963 1701 1983 non
1721 1952 1775 1983 in-

1013 1997 1277 2040 tellige1e,quid
1296 1996 1358 2028 sibi
1381 1996 1460 2027 velit
1478 1998 1516 2028 V.
1539 1998 1593 2032 D.;
1619 2003 1687 2028 tam
1711 1997 1774 2029 ob·-

1012 2053 1105 2073 scura
1130 2048 1179 2073 est
1204 2041 1270 2073 eius
1298 2041 1412 2073 oratio.
1460 2044 1617 2074 Ernestius
1640 2042 1774 2073 veibum

1012 2088 1237 2125 disputandum
1262 2093 1297 2117 ut
1320 2087 1464 2128 spurium
1499 2086 1655 2125 exclusit,
1695 2088 1775 2118 Wol-

1012 2133 1072 2171 fius
1091 2137 1124 2161 et
1148 2133 1310 2162 Schiitzius
1332 2131 1366 2161 id
1387 2131 1597 2162 reduxerunt.
1649 2134 1694 2162 Ac
1719 2143 1776 2163 re-

1012 2181 1063 2206 cte
1101 2175 1243 2217 quidem.
1302 2175 1486 2206 Verborum
1523 2176 1606 2206 ordo
1641 2175 1675 2206 id
1713 2188 1773 2207 ne-

1012 2220 1153 2251 cessario
1178 2219 1359 2261 efflagitat,
1397 2231 1458 2251 nec
1488 2219 1569 2250 illud
1604 2220 1690 2251 male
1713 2231 1774 2251 nos

1010 2264 1132 2296 habere
1157 2271 1269 2306 potest
1284 2289 1293 2305 ,
1329 2264 1418 2306 quod
1445 2264 1551 2296 oratio
1575 2264 1686 2307 paullo
1711 2276 1774 2296 ne-

1011 2309 1185 2351 gligentius
1223 2309 1377 2340 decurrit.
1435 2310 1540 2347 Nam,
1585 2310 1673 2352 quod
1709 2309 1773 2341 ium

1011 2354 1193 2385 identidem
1227 2354 1433 2393 monuimus,
1477 2354 1509 2384 in
1546 2354 1595 2386 his
1634 2354 1773 2396 didogis

1010 2410 1108 2442 saepe
1134 2399 1248 2430 Cicero
1273 2406 1385 2441 glatae
1413 2398 1574 2430 seimonis
1599 2399 1772 2442 negligen-

1009 2444 1074 2475 tiae
1098 2444 1245 2476 indulsit.

1076 2489 1178 2531 tertia]
1200 2490 1224 2519 E
1237 2488 1458 2531 superioribus
1471 2488 1687 2531 supplendum
1702 2494 1771 2518 est·
1765 2514 1770 2519 .

1009 2535 1125 2565 docere.
1163 2533 1214 2565 Cf.
1239 2534 1281 2565 ad
1307 2545 1334 2565 c.
1352 2533 1405 2573 31,
1430 2531 1490 2566 76:
1517 2543 1614 2564 unum
1636 2534 1773 2573 officium

1007 2581 1191 2610 consolantis
1212 2582 1328 2618 putent.

1068 2626 1236 2663 sapientem
1249 2622 1435 2663 consolatur]
1458 2621 1586 2653 diceus:
1612 2623 1769 2653 nihilma-

1007 2670 1071 2699 lum
1091 2678 1165 2708 esse,
1187 2669 1269 2708 quod
1290 2671 1376 2706 turpe
1395 2677 1456 2698 non
1475 2669 1532 2698 sit:
1557 2677 1638 2708 quae
1658 2673 1770 2698 tamen

1006 2712 1169 2744 medicina
1191 2712 1252 2744 soli
1274 2711 1433 2754 sapienti,
1464 2710 1518 2753 qui
1543 2711 1768 2743 consolatione

1007 2769 1074 2789 non
1099 2764 1190 2799 eget,
1216 2754 1463 2788 accommodata
1487 2766 1557 2786 esse
1582 2756 1697 2797 possit.

1074 2813 1112 2834 ex
1127 2812 1160 2834 eo
1173 2801 1253 2843 ipso]
1278 2800 1354 2832 Scil.
1373 2811 1412 2831 ex
1434 2799 1532 2830 animi
1552 2800 1768 2843 turpitudine.

1007 2848 1094 2889 Ergo
1118 2847 1144 2877 si
1171 2846 1239 2885 cui,
1276 2845 1330 2888 qui
1359 2844 1596 2886 aegritudinem
1621 2845 1765 2888 suscepit

1006 2903 1045 2923 ex
1067 2891 1165 2923 animi
1189 2889 1410 2933 turpitudine,
1439 2889 1605 2921 Cleanthis
1626 2890 1766 2922 medici-

1006 2948 1080 2968 nam
1104 2935 1279 2969 admovere
1303 2934 1415 2974 voles,
1442 2934 1522 2966 nihil
1547 2934 1707 2978 proficies.
