1832 3137
659 81 1060 124 Linnnv.25,72.
1559 74 1642 118 443

80 169 148 206 72.
182 160 370 216 Sequitur
397 160 535 211 tertia,
569 175 669 215 quae
693 175 763 216 per
782 175 917 203 omnes
938 169 1069 216 partes
1097 162 1312 217 sapientiae
1339 169 1470 203 manat
1491 169 1528 203 et
1557 165 1642 204 l'nn-

78 237 202 286 ditur,
243 248 341 289 quae
369 248 449 274 rem
476 234 629 285 delinit,
674 248 819 287 genera
841 235 1042 289 dispertit,
1085 235 1288 290 sequentia
1313 236 1511 291 adiungit,
1557 250 1643 290 per-

79 309 180 349 fecta
203 308 421 358 concludit,
456 321 550 348 vera
576 315 615 347 et
649 308 746 348 salsa
768 308 972 358 diiudicat,
1016 308 1232 349 disserendi
1261 309 1360 350 ratio
1394 317 1433 350 et
1458 310 1638 350 scientia.

76 380 143 422 Ex
170 395 245 436 qua
273 395 388 435 quum
417 395 564 422 summa
601 380 745 420 utililas
777 379 933 421 exsistit
962 381 1007 421 ad
1038 395 1101 422 res
1127 383 1420 436 ponderandas,
1462 390 1540 423 tum
1563 397 1643 422 mu-

76 455 184 495 xime
207 455 377 508 ingenua
398 453 606 494 delectatio
626 461 662 494 et
681 454 796 507 digna
815 452 1056 508 sapientizw.
1109 454 1187 496 Sed
1209 455 1302 496 llaec
1323 457 1375 496 oti
1397 459 1429 496 ¹.

77 535 141 568 eat
161 527 262 568 idem
284 527 357 568 iste
386 527 542 582 sapiens
561 527 608 567 ad
634 540 715 567 rem
738 525 926 581 publicam
948 527 1144 567 tuendam.
1208 526 1309 581 Quid
1336 543 1381 570 eo
1404 529 1527 585 possit
1554 543 1642 570 esse

78 600 364 655 praestantius,
398 614 513 654 quum
533 599 761 640 contineri²
783 599 988 654 prudenti&
1009 599 1213 641 utilitatem
1236 601 1378 642 civium
1401 610 1551 652 cernat,
1586 603 1640 643 iu-

1493 456 1644 496 Trans-

78 674 185 715 stitia
213 673 306 714 nihil
333 674 371 713 in
397 687 506 713 snam
527 673 680 712 domum
709 672 798 712 inde
824 672 999 722 derivet,
1042 672 1200 726 reliquis
1233 681 1362 714 utatur
1390 682 1444 715 tot
1472 683 1548 715 tam
1576 690 1645 716 va·

79 747 225 801 riisque
249 746 485 786 virtutibus?
528 745 712 799 Adiunge
736 746 899 785 fructum
923 745 1198 796 amicitiarum,
1232 747 1268 786 in
1293 761 1366 800 quo
1395 748 1549 789 doctis³
1578 763 1645 802 po-

77 820 193 861 situm
221 826 282 860 est
305 820 452 873 quum4
486 818 689 858 consilium
716 818 843 858 omnis
866 819 970 859 vitae
999 819 1250 860 consentiens
1273 827 1310 860 et
1335 833 1457 874 paene
1490 821 1644 875 conspi-

168 934 190 969 9
215 948 246 968 v.
267 935 351 968 Adn.
400 935 415 968 1
443 935 498 968 Sic
520 936 558 968 R.
573 937 608 968 P.
631 942 665 967 et
686 935 757 968 sine
779 935 881 968 dubio
903 936 978 974 alii3
1003 939 1058 970 Or.
1081 949 1108 969 c.
1135 937 1220 980 vulg.
1240 940 1304 970 otii.
1349 937 1371 969 2
1398 940 1453 970 Or.
1475 937 1593 982 aliique
1617 951 1644 971 c.

80 993 146 1014 uno
170 981 243 1014 cod.
262 981 455 1013 deleverunt
478 983 646 1021 contineri5
669 981 774 1019 bene,
799 981 827 1012 si
851 981 1046 1014 addicerent
1074 982 1192 1021 codd.,
1225 982 1286 1014 hac
1306 982 1489 1014 sententia:
1514 983 1644 1026 sapiens

79 1026 254 1071 prudentia
276 1026 379 1058 fretus
399 1026 576 1058 utilitatem
599 1026 718 1057 civium
739 1033 871 1064 cernet3
898 1027 953 1058 Kl.
968 1038 1028 1070 pro
1043 1031 1121 1059 cont.
1147 1027 1228 1069 legit
1244 1038 1446 1060 communem.
1492 1027 1514 1060 3
1540 1028 1644 1060 Rehd.

80 1079 113 1104 et
135 1071 211 1104 edd.
232 1078 314 1103 vett.
341 1071 413 1103 sere
438 1082 551 1103 omnes
577 1081 597 1102 a
621 1073 737 1103 doctis:
772 1071 861 1114 quod
882 1071 940 1103 Kl.
964 1072 1111 1115 recepit,
1147 1084 1232 1104 nuuc
1260 1079 1369 1104 autem
1394 1073 1508 1104 reiicit.

78 1117 166 1150 Adn.

80 1184 192 1228 phiam
214 1183 472 1221 distribuerunt,
509 1183 660 1215 doctrina
682 1183 723 1215 de
748 1183 843 1215 bonis

83 1229 139 1272 (de
161 1240 288 1261 summo
311 1229 428 1270 bonol,
454 1229 494 1259 de
516 1229 700 1268 virtutibus,
724 1228 764 1260 de
787 1229 844 1260 of·-

81 1274 173 1308 ficiis.
220 1275 261 1305 V.
287 1285 347 1305 nos
372 1274 405 1305 in
430 1273 514 1305 libro
539 1273 630 1305 dicto
654 1285 687 1316 p.
703 1274 781 1306 225.

148 1319 321 1362 exquisitis]
351 1318 535 1360 indagatis,
561 1318 752 1360 exploratis.

150 1365 178 1407 §.
199 1364 254 1397 72.
282 1366 429 1404 Sequitur
452 1365 556 1405 tertia]
586 1363 735 1401 Gaudia,
761 1374 845 1405 quae

81 1408 269 1441 redundant
292 1409 335 1440 ad
359 1420 419 1440 nos
448 1419 466 1439 e
491 1407 674 1440 disserendi
703 1408 843 1447 ratione,

82 1454 104 1486 i.
124 1466 154 1487 e.
177 1453 362 1485 dialectica.

146 1501 283 1540 perfecta
299 1500 468 1540 concludit]
499 1498 542 1530 H.
557 1509 584 1530 e.
603 1509 642 1529 ex
656 1497 752 1529 rebus
769 1508 847 1529 con—

83 1544 181 1576 cessis
215 1543 378 1575 rationem
413 1542 593 1575 concludit.
655 1543 706 1575 Cf.
739 1542 782 1574 ad
808 1544 847 1574 11.

86 1591 145 1629 11,
171 1588 226 1621 29.

150 1635 248 1674 digna
267 1632 437 1676 sapienlid]
465 1632 600 1664 Ursinus
619 1643 659 1664 ex
682 1643 748 1663 uno
773 1631 848 1663 cod.

83 1678 260 1725 legendnm
285 1678 440 1709 censebat
465 1681 623 1718 sapienle;
658 1676 718 1708 sed
743 1676 847 1709 multo

83 1723 214 1766 gravius
229 1729 263 1755 et
286 1723 477 1766 exquisitius
496 1723 698 1754 abstractum
713 1722 848 1765 ponitur

83 1780 145 1812 pro
171 1775 340 1800 concreto.
390 1769 427 1800 V.
454 1767 495 1799 ad
522 1769 563 1799 ΙΙ.
590 1769 621 1807 7,
650 1770 700 1799 10:

151 1816 183 1846 in
203 1823 295 1845 suam
317 1812 457 1855 domum]
492 1814 533 1845 H.
554 1824 581 1843 e.
612 1812 644 1843 in
678 1824 768 1843 suam
794 1811 847 1843 fa-

82 1858 217 1896 miliam,
242 1858 274 1889 in
300 1869 391 1889 suam
416 1869 484 1889 rem
508 1857 714 1889 familiarem.
762 1856 849 1888 Hinc

83 1902 288 1948 praepositio
309 1905 340 1934 in
363 1903 476 1934 addita
500 1909 561 1934 est.

151 1958 247 1989 quum
270 1949 448 1989 consilium]
488 1947 542 1979 Sic
566 1946 712 1989 plerique
738 1945 847 1984 codd.,

85 1993 184 2026 etiam
211 1993 298 2024 ΚΡ.
327 1992 413 2023 Gud.
434 1995 458 2023 l.
482 1993 544 2030 II.;
568 1992 711 2024 &Vollius
737 1998 769 2023 et
795 1992 848 2022 Or.

85 2051 112 2072 c.
131 2038 163 2071 b.
189 2035 438 2070 Rehd.Gud.'2.
462 2049 526 2068 uno
541 2039 600 2068 Ox.
616 2038 706 2068 Mon.
720 2037 752 2069 ’2.
775 2035 850 2067 edi-

84 2083 204 2115 derunt
236 2086 320 2114 tum
347 2092 431 2114 cons.
481 2082 539 2114 llla
563 2094 626 2114 scr.
653 2082 747 2113 unice
772 2093 849 2112 vera

85 2126 249 2160 censenda
273 2133 334 2159 est.
381 2127 578 2170 Saepissime
601 2126 642 2158 ab
666 2126 849 2157 editoribus

84 2173 324 2216 permiscentur
345 2172 433 2204 inter
454 2184 489 2204 se
511 2172 691 2215 particulae
717 2175 783 2203 tum
806 2190 849 2195 --

83 2222 147 2250 tum
172 2224 205 2249 et
231 2228 326 2257 quum
342 2237 381 2241 —
405 2221 480 2249 tum.
527 2218 642 2261 Nuper
662 2218 848 2249 sowenbur-

83 2274 142 2304 9us
167 2262 208 2294 ad
237 2273 285 2294 or.
309 2273 369 2305 pro
392 2263 489 2294 Areli.
515 2274 546 2305 p.
568 2262 630 2294 lo-'l
641 2274 712 2304 sqq.
735 2262 849 2293 harum

84 2307 319 2351 particularum
343 2307 519 2338 discrimen
544 2306 787 2338 accuratissime
812 2318 850 2337 ac

84 2352 268 2384 firmissime
286 2351 469 2383 constituit.
504 2351 637 2382 Scilicet
655 2355 719 2382 lum
731 2370 773 2374 —
786 2355 850 2382 tum

86 2408 251 2439 nunqnam
283 2396 469 2438 significant
503 2398 598 2427 δοκοὶ
623 2414 664 2418 —-
688 2398 735 2427 als
759 2397 851 2435 auch,

85 2441 144 2474 sed
169 2452 309 2483 semper,
334 2447 370 2472 ut
393 2443 485 2472 modo
508 2459 552 2464 —
576 2442 679 2479 modo,
703 2450 784 2472 nunc
807 2459 851 2463 —

87 2497 180 2527 nunc,
207 2487 396 2517 reseruntur
418 2485 459 2517 ad
486 2489 605 2525 tempus
626 2484 850 2526 respondent-

86 2543 149 2575 que
172 2531 268 2574 plane
295 2530 416 2563 nostris
441 2532 515 2561 bald
541 2549 577 2553 -
605 2531 690 2568 bald,
717 2529 850 2560 Graecis

85 2575 161 2610 τοτὲ
186 2577 244 2619 μέν
270 2595 312 2600 -
335 2574 410 2608 τοτὲ
435 2574 482 2609 δέ.
535 2574 717 2605 Particulae
741 2581 851 2605 antem

87 2631 182 2661 quum
203 2640 247 2645 —-
270 2625 332 2652 lum
361 2620 517 2662 temporis
543 2619 704 2662 quandam
731 2630 851 2650 conse-

89 2665 255 2697 cntionem
267 2665 425 2703 indicant,
450 2672 484 2696 nt
505 2664 556 2696 vel
573 2671 647 2707 post
669 2675 763 2695 unam
784 2675 851 2694 rem

88 2710 211 2742 factam
236 2710 287 2741 vel
313 2722 385 2742 cnm
412 2722 473 2741 una
494 2721 529 2741 re
553 2710 641 2740 facta
664 2709 767 2740 altera
797 2709 851 2739 fa-

90 2762 142 2786 cta
176 2767 247 2787 esse
282 2756 421 2787 dicatur.
483 2756 547 2786 lum
583 2766 661 2785 vero
696 2753 850 2796 quoniam

89 2800 280 2841 temporalis
306 2799 545 2831 consecutionis
571 2799 663 2829 notio
688 2798 728 2829 ad
755 2810 851 2829 caus—

89 2843 164 2875 salis
179 2845 418 2877 consecutionis
433 2845 602 2876 notionem
618 2843 775 2875 translatu
790 2850 850 2881 est,

90 2888 241 2920 caussalis
277 2897 384 2921 autem
420 2889 609 2921 consecutio
646 2901 664 2920 a
705 2888 851 2931 generali

88 2933 226 2966 notione
250 2933 292 2966 ad
315 2935 491 2977 specialem
517 2933 716 2966 descendere
745 2933 848 2965 solet:

1568 1072 1589 1105 4
1614 1085 1642 1104 v.

880 1183 1004 1216 factum
1029 1191 1099 1224 est,
1130 1192 1164 1216 ut
1188 1185 1250 1217 hae
1274 1184 1454 1228 paniculae
1478 1185 1521 1217 ibi
1549 1197 1644 1218 usur-

880 1229 950 1273 pari
975 1229 1141 1269 solerent,
1181 1230 1233 1261 ubi
1269 1230 1378 1273 priore
1410 1231 1558 1262 membro
1596 1243 1645 1262 res

879 1274 1040 1317 generalis
1065 1274 1116 1306 vel
1150 1287 1201 1306 res
1227 1275 1330 1306 minus
1355 1276 1485 1318 gravis,
1528 1283 1645 1318 postc-

881 1320 966 1351 riore
990 1331 1040 1351 res
1062 1319 1212 1362 specialis
1234 1320 1285 1351 vel
1309 1332 1359 1351 res
1382 1320 1513 1363 gravior
1537 1320 1642 1352 conti-

880 1370 1014 1395 neretur
1051 1366 1096 1406 (v.
1121 1364 1289 1396 Adnotata
1324 1365 1356 1396 in
1391 1378 1417 1398 c.
1441 1365 1505 1401 39,
1535 1366 1643 1402 113ss

880 1420 1066 1452 quanquam
1089 1408 1176 1440 haud
1202 1409 1295 1451 pauci
1319 1409 1473 1452 leguntur
1495 1409 1580 1447 loci,
1612 1409 1645 1441 in

884 1453 1000 1497 quibus
1032 1453 1199 1496 utriusque
1232 1454 1371 1486 membri
1412 1466 1515 1497 aequa
1549 1454 1646 1496 plane

883 1505 934 1530 est
954 1499 1050 1537 ratio,
1077 1505 1113 1529 ut
1133 1510 1231 1542 supra
1253 1511 1280 1531 c.
1299 1497 1348 1537 14,
1363 1497 1426 1537 41„
1452 1511 1514 1531 nec
1526 1498 1646 1530 desunt

883 1543 969 1580 loci,
994 1543 1026 1575 in
1049 1543 1166 1586 quibus
1189 1544 1286 1576 certis
1307 1544 1502 1587 quibusdam
1525 1544 1646 1575 condi-

881 1588 1028 1620 tionibus
1053 1589 1143 1631 prius
1164 1589 1345 1621 membrum
1368 1589 1556 1632 specialem,
1582 1600 1648 1632 po-

882 1633 1000 1665 sterius
1024 1634 1212 1676 generalem
1233 1635 1403 1666 notionem
1425 1642 1530 1673 notet,
1557 1641 1592 1665 ut
1606 1633 1647 1665 (le

883 1681 972 1710 Orat.
1006 1679 1029 1710 Ι.
1061 1677 1122 1717 48,
1156 1679 1238 1711 211:
1285 1682 1527 1712 innumerabiles
1570 1682 1649 1712 ulios

882 1733 1004 1764 quum
1024 1733 1062 1755 ex
1079 1727 1185 1756 nostra
1207 1727 1341 1764 civitate,
1366 1728 1450 1756 tum
1472 1735 1510 1756 ex
1532 1727 1649 1763 ceteris,

883 1768 956 1811 quia
981 1768 1033 1799 hic
1055 1780 1168 1799 omnes
1202 1769 1302 1799 modo
1334 1769 1457 1800 laudati
1491 1768 1551 1800 viri
1576 1769 1647 1799 Ro-

884 1812 971 1844 mani
994 1819 1099 1850 erant,
1126 1820 1159 1843 ut
1183 1815 1409 1852 Brut.XL1X,
1438 1814 1514 1845 iffi:
1542 1823 1580 1845 ex
1599 1815 1647 1845 his

886 1860 973 1890 Colla
1018 1862 1044 1889 el
1077 1860 1235 1898 Sulpicius
1266 1869 1388 1898 quum
1426 1868 1492 1889 meo
1520 1860 1648 1896 iudicio,

884 1907 967 1934 tum
993 1905 1132 1934 omnium
1163 1905 1254 1942 facile
1281 1906 1402 1943 primas
1430 1905 1563 1934 tulerunt
1589 1902 1649 1944 isio

885 1947 1000 1988 optim.
1028 1947 1289 1979 cod.Guelserb.
1318 1949 1377 1989 R),
1404 1948 1478 1990 qnia
1502 1947 1556 1979 hic
1577 1949 1647 1990 ipse

887 1992 1001 2023 Cicero
1016 1992 1174 2034 loquitur,
1193 1999 1225 2023 et
1248 1993 1295 2024 sic
1315 2000 1404 2024 recte
1426 2004 1519 2023 snum
1538 1992 1646 2034 priore

884 2037 959 2069 loco
992 2037 1090 2069 all'ert
1120 2037 1286 2069 iudicium.
1335 2039 1460 2069 Horum
1492 2037 1649 2068 librorum

884 2082 970 2121 loci,
1006 2082 1038 2113 in
1064 2082 1179 2124 quibus
1210 2083 1262 2114 vel
1287 2083 1384 2114 codd.
1409 2082 1462 2113 vcl
1486 2082 1562 2113 edd.
1584 2082 1649 2113 ssu-

885 2134 1049 2165 ctuantur,
1074 2127 1107 2158 hi
1127 2134 1220 2160 sunt:
1247 2130 1351 2170 Supra
1372 2140 1399 2160 c.
1415 2128 1465 2169 10,
1487 2128 1541 2160 Ἐπ’.
1559 2133 1649 2158 recte

884 2172 1023 2215 legitur:
1050 2172 1200 2204 omnibus
1226 2172 1310 2203 enim
1325 2172 1499 2204 virtutibus
1522 2172 1649 2203 instru-

885 2224 956 2249 ctos
982 2224 1015 2248 et
1038 2223 1174 2249 ornatos
1195 2222 1260 2248 tum
1283 2218 1467 2260 sapientes,
1503 2223 1572 2247 tum
1596 2217 1648 2247 vi-

886 2274 939 2294 ros
960 2263 1064 2294 bonos
1087 2262 1244 2293 dicimus:
1272 2261 1325 2292 ubi
1349 2262 1404 2293 alii
1432 2263 1476 2304 (v.
1500 2263 1538 2291 V.
1563 2261 1645 2300 Ser.)

887 2314 1002 2339 contra
1035 2306 1233 2338 sententiam
1278 2313 1311 2337 et
1349 2313 1464 2338 contra
1504 2305 1648 2348 optimos

887 2352 984 2384 codd.
1005 2351 1205 2393 scripserunt
1234 2362 1330 2390 quum
1360 2354 1489 2391 sapient.
1537 2350 1645 2393 Signi-

888 2397 1001 2428 licatur
1023 2396 1109 2427 enim
1123 2397 1196 2427 bald
1210 2414 1253 2419 —
1267 2397 1350 2427 bald.
1391 2400 1432 2427 At
1445 2395 1534 2427 nullo
1547 2396 1647 2428 modo

885 2440 1076 2483 probandus
1099 2447 1148 2471 est
1171 2440 1335 2478 wolfius,
1371 2441 1425 2483 qui
1459 2452 1486 2472 e.
1512 2439 1571 2478 14,
1593 2439 1648 2473 41.

886 2487 933 2517 sic
954 2497 993 2516 ex
1015 2496 1079 2515 uno
1102 2487 1161 2515 Ox.
1175 2485 1297 2515 edidit:
1324 2496 1404 2526 quae
1424 2489 1466 2518 est
1485 2488 1566 2518 enim
1583 2487 1650 2517 alia

886 2532 1046 2571 fortitudo,
1069 2532 1130 2561 nisi
1151 2532 1250 2561 animi
1271 2533 1414 2571 affectio,
1440 2537 1508 2561 tum
1533 2533 1564 2563 iu
1590 2532 1649 2562 ud-

885 2577 985 2607 eundo
1003 2577 1152 2615 periculo,
1177 2578 1203 2606 er
1224 2577 1256 2606 in
1278 2577 1380 2607 labore
1404 2586 1441 2607 ac
1464 2577 1567 2607 dolore
1590 2586 1649 2615 pa-

886 2623 980 2659 tiens,
1006 2624 1071 2651 tum
1091 2622 1200 2659 procul
1224 2622 1263 2650 ob
1284 2623 1366 2652 omni
1389 2623 1497 2652 metu?
1548 2621 1649 2651 Porro

889 2666 911 2696 Ι.
941 2667 988 2703 12,
1004 2665 1056 2697 27.
1079 2675 1158 2706 pro:
1184 2675 1304 2705 „quum
1325 2665 1435 2697 multis
1453 2665 1523 2696 aliis
1540 2665 1646 2701 rebus,

886 2716 956 2740 tum
988 2721 1004 2739 e
1040 2709 1159 2751 pontif.
1192 2709 1292 2741 inre“
1331 2718 1454 2742 temere
1488 2711 1650 2741 Schmzius

887 2754 992 2785 edidit
1015 2758 1077 2785 lum
1095 2754 1204 2785 multis
1227 2761 1288 2786 ete.
1319 2755 1368 2792 16,
1391 2756 1442 2787 5³.
1459 2760 1540 2784 extr.
1564 2752 1647 2783 mule

890 2801 1016 2840 Il'olfius
1036 2810 1053 2830 e
1076 2799 1160 2831 coni.
1184 2799 1303 2831 edidit:
1340 2804 1403 2831 lum
1424 2801 1534 2829 honore
1555 2799 1648 2828 (lisci-

884 2846 1010 2884 plinae,
1043 2848 1108 2876 tum
1138 2847 1232 2876 eliam
1265 2847 1446 2876 anctoritate
1476 2853 1534 2883 pro
1561 2841 1646 2883 vulg.

885 2899 981 2929 quum
1006 2891 1035 2921 h.
1058 2891 1089 2921 d.
1125 2890 1188 2928 25,
1214 2889 1268 2921 62.
1305 2901 1330 2919 e.
1357 2890 1436 2918 Dav.
1473 2885 1648 2928 legendum

887 2940 935 2965 cst
958 2945 1063 2975 quum.
1111 2934 1164 2966 Sic
1194 2934 1281 2965 idem
1307 2934 1432 2973 ll'olfius
1465 2930 1573 2974 lapsus
1599 2936 1649 2963 est
