1832 3137
1531 108 1615 152 273

48 197 104 237 ria
129 202 212 246 est,
254 202 331 236 tum
359 194 585 236 earnificina
608 203 668 236 est
686 196 911 250 aegritudo.
975 196 1104 237 Habet
1128 197 1307 237 ardorem
1329 196 1467 247 libido,
1510 200 1606 239 levi-

49 275 165 310 tatem
205 268 351 309 laetitia
386 269 586 322 gestiens,
632 269 883 309 humilitatem
917 277 1065 321 metus3
1110 270 1177 311 sed
1212 271 1415 324 aegritudo
1459 273 1604 313 maiora

623 116 1039 158 L1ssun111.13‚2›.‹.

45 343 256 398 quaedam,
303 341 454 393 tabem,
500 342 741 392 cruciatuum,
788 342 1097 394 afflictationem,
1144 344 1392 396 foeditatem3
1439 344 1600 396 lacerat,

881 414 991 455 Hanc
1024 417 1097 457 nisi
1137 417 1319 458 exuimus
1348 418 1404 458 sie
1436 425 1477 459 ut
1507 419 1602 460 abii-

954 495 1022 529 28.
1057 489 1221 544 Atque2
1246 490 1318 531 hoc
1340 491 1490 545 quidem
1514 507 1601 547 per-

39 563 213 618 spicuum
242 571 322 614 est,
356 569 436 603 tum
468 562 750 616 aegritudinem
783 562 1003 612 exsistere,
1038 577 1150 616 quum
1178 564 1265 617 quid
1295 565 1348 604 ita
1375 565 1499 606 visum
1533 568 1597 617 sit,

44 423 158 456 exest
190 416 358 456 animum
391 415 579 470 planeque
611 414 816 456 conlicitl.

42 489 206 540 ciamus,
241 489 395 530 miseria
422 503 556 530 carere
585 503 661 529 non
684 502 905 543 possumus.

39 643 80 677 ut
103 651 284 691 magnum
311 636 500 690 quoddam
527 636 667 676 malum
692 635 830 676 adesse
854 642 893 675 et
919 648 1060 687 urgere
1087 635 1279 677 videatur.
1340 636 1512 692 Epicuro
1534 655 1601 681 au-

39 718 114 750 tem
139 710 287 765 placet,
322 709 542 764 opinionem
563 711 579 735 ³
609 709 696 748 mali
723 708 1005 762 aegritudinem
1029 722 1118 748 esse
1144 716 1308 760 natura,
1343 718 1404 761 ut,
1440 713 1600 765 quicun-

39 797 113 838 que
138 784 338 824 intueatur
363 783 400 822 in
428 782 581 836 aliquod
610 782 733 822 maius
761 781 926 832 malum,
962 781 995 822 si
1019 782 1056 822 id
1085 782 1157 823 sibi
1190 782 1378 823 accidisse
1401 785 1596 838 opinetur,

35 857 86 897 sit
117 856 301 897 continuo
339 855 376 895 in
406 855 699 910 aegritudine4.
765 852 975 910 Cyrenaici
1010 869 1087 896 non
1120 856 1222 895 omni
1253 856 1354 896 malo
1390 858 1599 911 aegritudi-

35 944 123 971 nem
148 929 243 970 effiei
267 935 452 980 censent,
485 929 552 969 sed
576 929 772 984 insperato
797 936 833 968 et
850 931 867 954 ⁵
898 929 1129 984 necopinato
1157 930 1273 970 malo.
1338 928 1410 970 Est
1435 931 1481 971 id
1515 932 1597 985 qui-

34 1004 119 1044 dem
149 1017 227 1044 non
256 1003 450 1043 mediocre
480 1003 524 1042 ad
551 1002 832 1057 aegritudinem
865 1002 1104 1056 augendam,
1138 1002 1320 1044 videntur
1341 1005 1441 1045 enim
1470 1005 1597 1046 omnia

36 1077 240 1132 repentina
271 1075 470 1131 graviora.
534 1074 599 1115 Ex
631 1075 703 1116 hoc
735 1079 808 1116 et5
842 1075 905 1116 illa
939 1076 1023 1117 iure
1057 1076 1280 1116 laudantur:

123 1191 217 1222 XIII.
269 1188 281 1221 l
312 1191 438 1221 Turneb⁴
463 1186 684 1227 Adverss.27‚
709 1185 740 1220 6.
767 1188 798 1219 in
823 1189 929 1221 verbis
948 1192 1064 1221 lacerat
1079 1209 1120 1214 —
1139 1191 1259 1230 conficit
1278 1189 1438 1221 senarium
1462 1190 1595 1222 alicuius

35 1239 156 1279 poetae
178 1235 239 1266 sibi
263 1233 520 1277 deprehendisse
542 1233 691 1264 videtur:
729 1245 824 1276 quam
849 1234 1040 1277 opinionem
1063 1246 1160 1265 nemo
1182 1235 1279 1265 facile
1303 1234 1469 1278 probabit.
1515 1234 1537 1266 2
1564 1247 1593 1267 v.

38 1280 120 1312 Adn.
180 1279 201 1312 3
226 1281 302 1311 Ern.
324 1291 348 1310 cv
376 1279 482 1310 Gebh.
502 1281 661 1318 opinione,
699 1278 787 1320 quod
812 1285 862 1310 est
882 1279 914 1310 in
947 1279 1020 1311 cod.
1047 1279 1171 1321 Sigonii
1196 1286 1227 1310 et
1251 1279 1283 1311 in
1309 1279 1382 1311 cod.
1404 1281 1504 1319 Urs.,
1540 1281 1594 1322 qui

35 1325 154 1357 habet:
180 1327 322 1365 opinione
343 1334 428 1355 m.a.
439 1334 463 1355 e.
484 1327 612 1355 natam:
638 1329 788 1364 apertum
809 1323 982 1365 glossema.
1019 1324 1155 1356 V.Adn.
1203 1323 1225 1356 4
1250 1325 1286 1357 R.
1302 1326 1378 1356 Vat.
1405 1324 1594 1357 Gud.1.11.

33 1369 100 1401 duo
124 1372 202 1401 Oxx
230 1369 298 1401 Pal.
320 1375 398 1401 tert.
421 1371 453 1400 in
477 1369 723 1408 aegritudinem:
758 1367 848 1410 quod
871 1380 897 1399 c.
921 1368 1028 1400 Gebh.
1041 1368 1186 1410 recepit
1209 1370 1294 1401 Mos.
1352 1371 1422 1411 Ego
1451 1369 1517 1402 hoc
1541 1369 1594 1400 di-

34 1414 130 1446 cendi
151 1425 252 1456 genus
275 1413 372 1456 plane
391 1425 409 1444 a
432 1412 647 1444 Ciceroniana
667 1412 797 1444 dicendi
824 1413 1062 1444 consuetudine
1083 1413 1263 1444 abhorrete
1284 1414 1471 1452 contend03
1496 1425 1595 1456 saepe

32 1467 141 1491 autem
164 1458 305 1490 litteram
328 1469 360 1490 m
382 1458 414 1489 in
437 1457 568 1501 optimis
592 1457 688 1489 codd.
720 1457 867 1489 additam
888 1469 980 1498 esse,
1018 1458 1128 1489 multis
1161 1458 1319 1501 exemplis
1354 1437 1594 1491 demmistravit

34 1507 167 1537 Wesenb.
191 1505 261 1537 Em.
280 1505 319 1535 ll.
342 1515 373 1545 p.
395 1500 449 1534 ‘²6.
509 1502 530 1534 5
556 1502 654 1534 Pauci
690 1502 874 1534 deteriores
911 1503 1009 1535 codd.
1033 1509 1066 1534 et
1088 1503 1266 1546 pleiaeque
1296 1502 1372 1535 edd.
1408 1510 1490 1535 vett.
1515 1510 1593 1535 ante

33 1549 139 1582 Gebh.
164 1560 228 1583 om.
252 1553 289 1582 et.
336 1549 377 1582 V.
401 1547 485 1580 Adn.
511 1554 544 1580 et
569 1549 608 1581 V.
630 1549 699 1581 Ser.
727 1560 754 1580 c.
779 1545 839 1589 19,
865 1547 919 1581 45.
966 1545 988 1580 6
1011 1560 1041 1580 v.
1064 1548 1148 1580 Adn.

32 1628 191 1661 licitatam
219 1639 289 1660 esse
306 1640 329 1659 a
352 1626 425 1659 viro
447 1627 666 1669 sagacissimo.
712 1628 794 1659 Par-

36 1673 136 1706 ticula
172 1676 259 1714 alqui
291 1672 325 1704 in
361 1672 625 1704 conclusionibus
659 1672 796 1704 inservit

32 1718 269 1762 assumptioni:
307 1729 390 1761 quae
421 1717 487 1749 hoc
519 1717 595 1750 loco
620 1717 709 1749 nulla
733 1724 793 1749 est.

34 1764 158 1796 Contra
197 1763 355 1806 particula
394 1767 485 1803 atque
523 1762 691 1805 aptissima
733 1769 794 1794 est.

33 1809 230 1853 Saepissime
261 1809 346 1840 enim
375 1807 408 1839 in
434 1808 595 1839 enuntiati
619 1807 794 1850 principio,

33 1854 188 1886 adiuncta
220 1854 290 1885 fere
323 1853 441 1885 vocula
463 1855 587 1893 quidem
619 1853 666 1884 ita
697 1853 792 1895 poui-

35 1906 106 1937 tur,
133 1907 167 1931 ut
189 1899 362 1931 transitum
387 1898 429 1929 ad
453 1910 523 1930 rem
548 1909 667 1929 novam
692 1904 796 1930 notet.

31 1944 104 1976 Pari
125 1944 226 1976 modo
248 1955 286 1976 ac
305 1963 344 1968 -
361 1945 485 1983 quidem
510 1943 561 1975 vel
583 1943 682 1974 etiam
714 1943 795 1974 sim-

31 1989 162 2033 pliciter
194 2000 231 2021 ac
266 1988 397 2020 dicitur.
456 1988 509 2020 Cf.
546 1989 586 2020 V.
611 1989 651 2025 2,
677 1986 716 2020 6:
753 1990 795 2020 Ac

31 2034 242 2078 philosophia
272 2035 405 2074 quidem.
454 2033 496 2064 de
527 2035 617 2064 Orat.
640 2012 664 2064 1⁷.
693 2034 729 2071 1,
758 2034 792 2065 1:

32 2083 76 2112 Ac
108 2079 170 2110 fuit
191 2081 324 2119 quidem.
374 2078 415 2117 2,
440 2076 480 2110 4·
517 2081 560 2110 Ac
590 2077 668 2109 mihi
694 2089 794 2121 repe-

31 2124 133 2156 tenda
158 2131 218 2156 est.
260 2123 299 2157 6:
326 2127 368 2156 Ac
390 2122 471 2154 mihi
492 2125 626 2164 quidem.
666 2121 707 2161 3,
736 2125 792 2156 11:

31 2173 128 2209 Atque
144 2169 176 2200 in
191 2168 280 2200 hoc
272 2179 343 2211 ipso
359 2179 506 2200 numero.
539 2166 571 2207 4,
592 2168 642 2200 13.
665 2179 714 2210 ρι’
735 2166 792 2201 14:

30 2217 73 2246 Ac
95 2214 200 2257 primo
221 2216 356 2254 quidem.
407 2213 458 2245 Cf.
479 2224 576 2255 supia
596 2212 638 2244 ad
661 2224 690 2244 c.
712 2210 792 2252 ,4

33 2266 66 2290 et
88 2259 130 2291 ad
154 2260 211 2291 IV.
240 2261 295 2298 1²,
320 2258 376 2292 27.
406 2265 441 2290 et
461 2259 565 2291 Hand.
592 2257 625 2289 in
651 2257 792 2291 Tursell.

32 2305 58 2337 V
63 2303 106 2336 ol.
124 2306 147 2336 1.
171 2316 204 2347 p.
221 2303 287 2336 502
300 2315 349 2346 sq.

100 2351 144 2380 ita
166 2351 269 2380 visum
292 2351 349 2388 sit,
383 2353 416 2380 ut
439 2368 480 2372 —
502 2350 661 2390 videatur]
697 2348 794 2379 Eius—

29 2393 121 2425 modi
146 2393 291 2424 eiusdem
310 2393 402 2425 verbi
426 2393 519 2424 brevi
543 2394 719 2425 verborum
740 2393 794 2424 iu-

29 2438 171 2470 tervallo
183 2437 315 2469 iteratio
340 2437 427 2469 haud
440 2437 630 2480 infrequens
645 2445 693 2469 est
707 2437 795 2480 apud

33 2483 194 2526 optimum
218 2493 377 2526 quemque
401 2482 606 2525 scriptorem.
647 2482 682 2513 C.
706 2483 793 2525 Nep.

31 2528 136 2561 Alcib.
151 2529 197 2567 X,
221 2530 256 2560 l:
275 2534 312 2559 ut
334 2527 376 2559 ad
390 2527 512 2570 Regem
532 2530 712 2567 mitteretur,
734 2538 795 2559 eo-

31 2573 106 2605 dem
125 2580 277 2616 tempore
294 2572 411 2604 Critias
426 2572 592 2615 ceterique
609 2571 739 2614 tyranni
753 2591 793 2595 —

30 2623 126 2651 certos
145 2617 296 2650 homines
314 2638 356 2642 —
372 2621 532 2657 miserunt,
557 2616 611 2660 qui
635 2628 707 2648 eum
731 2627 795 2648 cer-

30 2666 138 2696 tiorem
162 2663 321 2695 fmicerent
358 2663 393 2695 C.
416 2662 457 2694 de
472 2665 562 2694 Orat.
585 2662 641 2693 ΙΙΙ.
664 2661 715 2698 10
732 2660 792 2694 39:

31 2707 97 2739 Sed
117 2711 240 2740 usitatis
261 2708 307 2740 ita
328 2708 453 2751 poteiis
475 2711 530 2748 uli,
555 2705 739 2738 lectissimis
762 2712 794 2736 ut

31 2755 142 2784 utaris.
179 2754 216 2784 V.
242 2753 283 2784 ad
307 2754 332 2786 Ι.
355 2753 409 2792 22,
435 2754 487 2785 5².
527 2752 623 2784 Pluia
649 2750 797 2792 exempla

35 2796 238 2839 collegerunt
269 2800 412 2830 Bremius
444 2797 487 2829 ad
520 2798 605 2840 Nep.
634 2795 797 2829 Themist.

36 2843 90 2880 nt,
108 2840 140 2874 3.
162 2852 194 2883 p.
209 2841 264 2875 39.
302 2845 436 2875 Ochsner
457 2842 573 2885 Eclog.
596 2841 700 2873 Cicer.
721 2851 753 2883 p.
768 2841 799 2873 5.

36 2887 209 2918 Gemhard.
233 2886 275 2918 ad
300 2888 396 2920 offic.
423 2888 446 2918 1.
471 2887 512 2927 3,
538 2890 570 2920 e.

99 2933 235 2970 Epicuro
253 2933 368 2973 placei]
391 2932 482 2964 Infra
505 2944 530 2964 c.
550 2933 599 2970 15,
619 2931 681 2964 32:
709 2929 801 2973 (Epi—

33 2975 139 3017 curus)
167 2980 274 3016 censet‚
296 2986 415 3010 necesse
436 2987 498 3010 esse
519 2987 623 3010 omnes
645 2978 678 3008 in
699 2978 801 3015 aeyri-

117 3028 164 3056 ed.
187 3037 205 3065 q
214 3034 313 3057 uarta.

829 1629 934 1660 tudine
956 1638 1040 1668 esse,
1061 1631 1114 1668 qui
1136 1639 1166 1660 se
1188 1631 1220 1660 in
1242 1630 1335 1659 malis
1359 1637 1420 1660 esse
1443 1630 1594 1660 arbitren-

829 1677 889 1706 tur.
927 1673 1025 1711 Quod
1047 1673 1148 1716 igitur
1169 1673 1223 1705 hic
1243 1683 1362 1705 necesse
1381 1683 1454 1713 esse,
1478 1673 1513 1704 id
1536 1684 1594 1705 no-

829 1724 898 1750 stro
912 1717 988 1750 loco
1005 1723 1121 1750 natura
1134 1728 1197 1750 esse
1217 1718 1348 1751 dicitur.
1378 1720 1499 1750 Natura
1521 1718 1552 1751 h.
1566 1730 1593 1750 e.

831 1763 879 1794 uti
891 1770 1005 1795 natura
1019 1763 1097 1801 fert,
1118 1763 1165 1793 uti
1178 1763 1396 1794 necessarium
1410 1769 1469 1802 est,
1490 1763 1593 1794 Grae-

832 1819 868 1840 ce
889 1808 1053 1851 φυσικῶς.
1099 1807 1202 1839 Stoici
1223 1814 1338 1839 contra
1358 1819 1424 1839 non
1447 1814 1593 1848 naturae,

830 1853 889 1884 sed
914 1852 1076 1885 voluntati
1099 1852 1249 1884 tribuunt
1273 1852 1524 1894 aegritudinem.

896 1902 925 1930 et
946 1898 1143 1939 necopinato]
1183 1899 1216 1928 ln
1243 1897 1349 1928 verbis
1382 1900 1593 1937 necopinatus,

828 1945 1036 1983 necopinum,
1068 1944 1234 1982 necopinus
1260 1941 1420 1985 particula
1441 1942 1593 1985 negativa

828 1997 883 2019 nec
906 1987 995 2019 valet
1018 1998 1073 2027 ne,
1109 1987 1197 2030 quod
1229 1987 1261 2018 in
1289 1986 1481 2038 compositis
1505 1986 1592 2019 idem

830 2038 900 2070 est,
935 2032 1025 2076 quod
1045 2042 1118 2064 ποη.
1166 2031 1217 2063 Cf.
1239 2034 1260 2063 l.
1284 2030 1348 2082 39,
1373 2029 1434 2065 94:
1471 2035 1592 2083 necopi-

827 2081 947 2110 nantes.
994 2078 1050 2109 111.
1078 2076 1127 2115 19,
1150 2074 1211 2109 45;
1238 2076 1346 2108 omnia
1366 2077 1537 2119 repentina
1561 2084 1594 2107 et

828 2125 1013 2162 necopinata
1035 2134 1106 2153 esse
1125 2121 1288 2164 graviora.
1323 2123 1362 2155 V.
1380 2133 1462 2165 quos
1481 2121 1594 2153 laudat

828 2169 989 2199 Ruhnken.
1009 2166 1052 2199 ad
1073 2168 1209 2199 Terent.
1230 2167 1330 2199 Andr.
1353 2168 1376 2198 Ι.
1400 2166 1431 2205 2,
1453 2165 1484 2199 9.
1519 2169 1594 2199 Klo-

828 2214 927 2251 lzius,
964 2212 1018 2255 qui
1053 2219 1266 2254 arroganter,
1301 2219 1336 2243 ut
1367 2211 1472 2249 solet,
1509 2212 1594 2243 hanc

828 2257 1014 2300 explicandi
1035 2257 1198 2289 rationem
1223 2257 1410 2310 exagitavit,
1434 2255 1515 2287 illud
1540 2266 1594 2288 nec

830 2309 999 2345 comparat
1029 2314 1101 2334 cum
1127 2303 1255 2333 Graeco
1280 2299 1359 2335 ουδέ
1390 2300 1593 2342 eandemque

829 2347 901 2379 sere
924 2347 988 2378 vim
1011 2348 1040 2378 ei
1061 2347 1198 2388 hibuit,
1223 2358 1320 2388 quam
1341 2345 1465 2377 habent
1486 2345 1593 2387 panti-

831 2391 921 2424 culae
945 2402 982 2424 ne
1003 2411 1047 2416 ——-
1070 2393 1216 2431 quidem,
1250 2391 1320 2421 sine
1347 2390 1449 2421 dubio
1472 2389 1506 2420 in
1538 2401 1593 2420 er-

829 2448 904 2469 rore
923 2443 1082 2474 versatur,
1110 2436 1230 2467 oblitus
1244 2435 1419 2467 verborum
1438 2437 1594 2475 neyotium

832 2482 866 2525 (i.
885 2493 912 2513 e.
936 2491 989 2513 nec
1009 2496 1054 2508 =
1074 2490 1112 2512 ne
1131 2481 1239 2521 otium)
1253 2505 1262 2520 ,
1295 2482 1416 2520 neyliyo
1442 2479 1475 2522 (i.
1491 2491 1519 2511 e.
1542 2489 1595 2511 nec

829 2542 875 2554 =
894 2526 1035 2567 melego),
1060 2536 1166 2567 neque
1187 2536 1299 2557 secum
1312 2532 1478 2567 reputans,
1503 2535 1596 2555 usum

830 2570 980 2603 vocabuli
1001 2580 1055 2602 nec
1078 2581 1138 2612 pro
1160 2580 1195 2602 ne
1218 2589 1259 2595 —-
1281 2572 1406 2610 quidem
1429 2569 1517 2612 apud
1539 2569 1596 2600 Ci-

832 2626 984 2648 ceronem
1014 2615 1146 2658 eiusque
1179 2615 1330 2658 aequales
1360 2615 1501 2646 maxime
1532 2614 1596 2645 dn-

830 2661 919 2693 bium
951 2671 1020 2691 esse
1057 2662 1100 2702 (v.
1126 2660 1292 2692 Adnotata
1322 2660 1353 2692 in
1377 2661 1402 2694 l.
1426 2659 1491 2699 ⁴26,
1516 2658 1597 2700 65).

830 2705 976 2737 Verbum
1004 2707 1183 2745 inopinatus
1210 2705 1298 2748 apud
1325 2705 1518 2737 Ciceronem
1543 2715 1597 2735 ra—

833 2750 898 2782 rius
923 2750 1106 2792 reperitur,
1132 2757 1166 2781 ut
1192 2762 1220 2784 c.
1236 2750 1300 2791 23,
1325 2752 1400 2789 ὀᾶ,
1432 2760 1599 2792 nunquam

832 2807 893 2828 non
918 2797 1060 2835 opinans.

902 2842 950 2872 Ex
980 2842 1036 2872 hoc
1059 2844 1085 2872 et
1117 2842 1175 2872 illa
1206 2843 1272 2872 iure
1304 2839 1490 2882 laudantur]
1528 2839 1601 2869 Duo

834 2884 995 2929 pessimae
1028 2891 1128 2917 notae
1153 2887 1235 2917 Oxx.
1263 2885 1414 2917 vocuhm
1439 2889 1465 2915 et
1498 2882 1601 2914 omit-

834 2936 922 2962 tunt.
976 2931 1164 2962 Laurentius
1194 2932 1281 2961 Valla
1314 2929 1466 2971 negavit,
1506 2927 1604 2958 Cice-

835 2986 951 3008 ronem
976 2975 1170 3018 particulam
1194 2979 1219 3006 et
1246 2986 1305 3017 pio
1329 2977 1420 3005 etiam
1446 2971 1604 3015 posuisse.

1231 3027 1275 3058 ¹8
