<?xml version="1.0" encoding="UTF-8"?>
<!DOCTYPE html PUBLIC "-//W3C//DTD XHTML 1.0 Transitional//EN"
    "http://www.w3.org/TR/xhtml1/DTD/xhtml1-transitional.dtd">
<html xmlns="http://www.w3.org/1999/xhtml" xml:lang="en" lang="en">
 <head>
  <title>
</title>
<meta http-equiv="Content-Type" content="text/html;charset=utf-8" />
  <meta name='ocr-system' content='tesseract 3.04.00' />
  <meta name='ocr-capabilities' content='ocr_page ocr_carea ocr_par ocr_line ocrx_word'/>
</head>
<body>
  <div class='ocr_page' id='page_1' title='image "./tusculanaedisput00ciceuoft_0145.png"; bbox 0 0 1832 3137; ppageno 0'>
   <div class='ocr_carea' id='block_1_1' title="bbox 1533 58 1610 100">
    <p class='ocr_par' dir='ltr' id='par_1_1' title="bbox 1533 58 1610 100">
     <span class='ocr_line' id='line_1_1' title="bbox 1533 58 1610 100; baseline 0 0"><span class='ocrx_word' id='word_1_1' title='bbox 1533 58 1610 100; x_wconf 85' lang='lat'>103</span> 
     </span>
    </p>
   </div>
   <div class='ocr_carea' id='block_1_2' title="bbox 45 143 1611 635">
    <p class='ocr_par' dir='ltr' id='par_1_2' title="bbox 45 143 1611 421">
     <span class='ocr_line' id='line_1_2' title="bbox 469 143 1611 199; baseline 0.002 -14"><span class='ocrx_word' id='word_1_2' title='bbox 469 143 529 185; x_wconf 70' lang='lat' dir='ltr'>di(</span> <span class='ocrx_word' id='word_1_3' title='bbox 541 174 552 194; x_wconf 92' lang='lat'>‚</span> <span class='ocrx_word' id='word_1_4' title='bbox 587 157 758 198; x_wconf 80' lang='lat' dir='ltr'>quaeso,</span> <span class='ocrx_word' id='word_1_5' title='bbox 793 157 841 184; x_wconf 88' lang='lat' dir='ltr'>ne</span> <span class='ocrx_word' id='word_1_6' title='bbox 867 157 956 185; x_wconf 87' lang='lat' dir='ltr'>esse</span> <span class='ocrx_word' id='word_1_7' title='bbox 979 144 1131 199; x_wconf 86' lang='lat' dir='ltr'>quidem</span> <span class='ocrx_word' id='word_1_8' title='bbox 1157 158 1201 186; x_wconf 85' lang='lat' dir='ltr'>se</span> <span class='ocrx_word' id='word_1_9' title='bbox 1223 145 1349 187; x_wconf 82' lang='lat' dir='ltr'>sciet?</span> <span class='ocrx_word' id='word_1_10' title='bbox 1388 160 1437 186; x_wconf 87' lang='lat' dir='ltr'>ne</span> <span class='ocrx_word' id='word_1_11' title='bbox 1459 148 1611 188; x_wconf 71' lang='lat' dir='ltr'>moveri</span> 
     </span>
     <span class='ocr_line' id='line_1_3' title="bbox 47 215 1610 273; baseline 0.002 -15"><span class='ocrx_word' id='word_1_12' title='bbox 47 219 198 273; x_wconf 82' lang='lat' dir='ltr'>quidem</span> <span class='ocrx_word' id='word_1_13' title='bbox 227 218 300 258; x_wconf 83' lang='lat' dir='ltr'>se?</span> <span class='ocrx_word' id='word_1_14' title='bbox 337 231 388 258; x_wconf 82' lang='lat' dir='ltr'>ex</span> <span class='ocrx_word' id='word_1_15' title='bbox 412 231 486 271; x_wconf 86' lang='lat' dir='ltr'>qno</span> <span class='ocrx_word' id='word_1_16' title='bbox 514 217 578 258; x_wconf 89' lang='lat' dir='ltr'>illa</span> <span class='ocrx_word' id='word_1_17' title='bbox 606 216 708 258; x_wconf 84' lang='lat' dir='ltr'>ratio</span> <span class='ocrx_word' id='word_1_18' title='bbox 735 223 826 258; x_wconf 85' lang='lat' dir='ltr'>nata</span> <span class='ocrx_word' id='word_1_19' title='bbox 853 224 915 257; x_wconf 86' lang='lat' dir='ltr'>est</span> <span class='ocrx_word' id='word_1_20' title='bbox 939 215 1140 269; x_wconf 81' lang='lat' dir='ltr'>Platonis,</span> <span class='ocrx_word' id='word_1_21' title='bbox 1182 232 1279 273; x_wconf 84' lang='lat' dir='ltr'>quae</span> <span class='ocrx_word' id='word_1_22' title='bbox 1308 233 1329 260; x_wconf 86' lang='lat' dir='ltr'>a</span> <span class='ocrx_word' id='word_1_23' title='bbox 1356 217 1522 261; x_wconf 80' lang='lat' dir='ltr'>Socrate</span> <span class='ocrx_word' id='word_1_24' title='bbox 1548 228 1610 261; x_wconf 82' lang='lat' dir='ltr'>est</span> 
     </span>
     <span class='ocr_line' id='line_1_4' title="bbox 45 290 1607 346; baseline 0.001 -14"><span class='ocrx_word' id='word_1_25' title='bbox 45 292 84 332; x_wconf 90' lang='lat' dir='ltr'>in</span> <span class='ocrx_word' id='word_1_26' title='bbox 109 290 291 332; x_wconf 86' lang='lat' dir='ltr'>Phaedro</span> <span class='ocrx_word' id='word_1_27' title='bbox 324 290 542 346; x_wconf 79' lang='lat' dir='ltr'>explicata,</span> <span class='ocrx_word' id='word_1_28' title='bbox 587 304 608 331; x_wconf 87' lang='lat' dir='ltr'>a</span> <span class='ocrx_word' id='word_1_29' title='bbox 632 303 692 330; x_wconf 86' lang='lat' dir='ltr'>me</span> <span class='ocrx_word' id='word_1_30' title='bbox 724 296 853 332; x_wconf 85' lang='lat' dir='ltr'>autem</span> <span class='ocrx_word' id='word_1_31' title='bbox 881 290 1005 345; x_wconf 84' lang='lat' dir='ltr'>posita</span> <span class='ocrx_word' id='word_1_32' title='bbox 1037 299 1097 332; x_wconf 84' lang='lat' dir='ltr'>est</span> <span class='ocrx_word' id='word_1_33' title='bbox 1123 292 1161 333; x_wconf 90' lang='lat' dir='ltr'>in</span> <span class='ocrx_word' id='word_1_34' title='bbox 1193 299 1310 333; x_wconf 83' lang='lat' dir='ltr'>sexto</span> <span class='ocrx_word' id='word_1_35' title='bbox 1335 292 1433 333; x_wconf 84' lang='lat' dir='ltr'>libro</span> <span class='ocrx_word' id='word_1_36' title='bbox 1467 294 1514 334; x_wconf 80' lang='lat' dir='ltr'>de</span> <span class='ocrx_word' id='word_1_37' title='bbox 1545 292 1607 334; x_wconf 80' lang='lat' dir='ltr'>Re</span> 
     </span>
     <span class='ocr_line' id='line_1_5' title="bbox 45 364 221 421; baseline -0.006 -15"><span class='ocrx_word' id='word_1_38' title='bbox 45 364 221 421; x_wconf 81' lang='lat' dir='ltr'>publica:</span> 
     </span>
    </p>

    <p class='ocr_par' dir='ltr' id='par_1_3' title="bbox 45 436 1607 635">
     <span class='ocr_line' id='line_1_6' title="bbox 159 436 1607 494; baseline 0.001 -14"><span class='ocrx_word' id='word_1_39' title='bbox 159 436 323 481; x_wconf 86' lang='lat' dir='ltr'><strong>XXIII.</strong></span> <span class='ocrx_word' id='word_1_40' title='bbox 388 436 540 491; x_wconf 86' lang='lat' dir='ltr'>„Quod</span> <span class='ocrx_word' id='word_1_41' title='bbox 567 450 721 490; x_wconf 82' lang='lat' dir='ltr'>semper</span> <span class='ocrx_word' id='word_1_42' title='bbox 744 443 951 487; x_wconf 77' lang='lat' dir='ltr'>movetur,</span> <span class='ocrx_word' id='word_1_43' title='bbox 993 445 1194 479; x_wconf 88' lang='lat' dir='ltr'>aeternum</span> <span class='ocrx_word' id='word_1_44' title='bbox 1225 446 1306 491; x_wconf 74' lang='grc' dir='ltr'>θεῖς</span> <span class='ocrx_word' id='word_1_45' title='bbox 1350 440 1450 494; x_wconf 91' lang='lat' dir='ltr'>quod</span> <span class='ocrx_word' id='word_1_46' title='bbox 1480 446 1607 481; x_wconf 86' lang='lat' dir='ltr'>autem</span> 
     </span>
     <span class='ocr_line' id='line_1_7' title="bbox 45 509 1606 567; baseline 0 -13"><span class='ocrx_word' id='word_1_47' title='bbox 45 519 189 555; x_wconf 76' lang='lat' dir='ltr'>motum</span> <span class='ocrx_word' id='word_1_48' title='bbox 214 512 329 553; x_wconf 78' lang='lat' dir='ltr'>all&#39;ert</span> <span class='ocrx_word' id='word_1_49' title='bbox 348 511 478 561; x_wconf 81' lang='lat' dir='ltr'>alicui,</span> <span class='ocrx_word' id='word_1_50' title='bbox 511 510 688 565; x_wconf 88' lang='lat' dir='ltr'>quodque</span> <span class='ocrx_word' id='word_1_51' title='bbox 708 509 831 564; x_wconf 86' lang='lat' dir='ltr'>ipsum</span> <span class='ocrx_word' id='word_1_52' title='bbox 856 509 1028 563; x_wconf 76' lang='lat' dir='ltr'>agitatur</span> <span class='ocrx_word' id='word_1_53' title='bbox 1045 510 1222 553; x_wconf 80' lang='lat' dir='ltr'>alicunde</span> <span class='ocrx_word' id='word_1_54' title='bbox 1241 515 1255 539; x_wconf 88' lang='lat'>¹</span> <span class='ocrx_word' id='word_1_55' title='bbox 1272 544 1283 563; x_wconf 86' lang='lat'>‚</span> <span class='ocrx_word' id='word_1_56' title='bbox 1318 514 1470 567; x_wconf 84' lang='lat' dir='ltr'>quando</span> <span class='ocrx_word' id='word_1_57' title='bbox 1494 514 1606 554; x_wconf 81' lang='lat' dir='ltr'>linem</span> 
     </span>
     <span class='ocr_line' id='line_1_8' title="bbox 46 583 1112 635; baseline -0.002 -9"><span class='ocrx_word' id='word_1_58' title='bbox 46 586 162 626; x_wconf 80' lang='lat' dir='ltr'>habet</span> <span class='ocrx_word' id='word_1_59' title='bbox 183 592 334 635; x_wconf 81' lang='lat' dir='ltr'>motus,</span> <span class='ocrx_word' id='word_1_60' title='bbox 374 583 530 625; x_wconf 90' lang='lat' dir='ltr'>vivendi</span> <span class='ocrx_word' id='word_1_61' title='bbox 552 583 666 624; x_wconf 84' lang='lat' dir='ltr'>finem</span> <span class='ocrx_word' id='word_1_62' title='bbox 692 583 832 623; x_wconf 82' lang='lat' dir='ltr'>habeat</span> <span class='ocrx_word' id='word_1_63' title='bbox 849 597 1014 623; x_wconf 82' lang='lat' dir='ltr'>necesse</span> <span class='ocrx_word' id='word_1_64' title='bbox 1037 591 1112 624; x_wconf 85' lang='lat' dir='ltr'>est.</span> 
     </span>
    </p>
   </div>
   <div class='ocr_carea' id='block_1_3' title="bbox 638 63 1026 106">
    <p class='ocr_par' dir='ltr' id='par_1_4' title="bbox 638 63 1026 106">
     <span class='ocr_line' id='line_1_9' title="bbox 638 63 1026 106; baseline 0.005 -9"><span class='ocrx_word' id='word_1_65' title='bbox 638 65 857 97; x_wconf 84' lang='lat' dir='ltr'><strong>LIBERI.</strong></span> <span class='ocrx_word' id='word_1_66' title='bbox 881 63 945 106; x_wconf 83' lang='lat'>23,</span> <span class='ocrx_word' id='word_1_67' title='bbox 971 64 1026 99; x_wconf 76' lang='lat'>53.</span> 
     </span>
    </p>
   </div>
   <div class='ocr_carea' id='block_1_4' title="bbox 47 144 435 196">
    <p class='ocr_par' dir='ltr' id='par_1_5' title="bbox 47 144 435 196">
     <span class='ocr_line' id='line_1_10' title="bbox 47 144 435 196; baseline -0.006 -10"><span class='ocrx_word' id='word_1_68' title='bbox 47 145 197 187; x_wconf 83' lang='lat' dir='ltr'>animus</span> <span class='ocrx_word' id='word_1_69' title='bbox 228 144 379 186; x_wconf 78' lang='lat' dir='ltr'>nesciet</span> <span class='ocrx_word' id='word_1_70' title='bbox 391 146 435 196; x_wconf 79' lang='lat'>⁷3</span> 
     </span>
    </p>
   </div>
   <div class='ocr_carea' id='block_1_5' title="bbox 1175 583 1606 640">
    <p class='ocr_par' dir='ltr' id='par_1_6' title="bbox 1175 583 1606 640">
     <span class='ocr_line' id='line_1_11' title="bbox 1175 583 1606 640; baseline 0.005 -15"><span class='ocrx_word' id='word_1_71' title='bbox 1175 583 1310 626; x_wconf 83' lang='lat' dir='ltr'>Solum</span> <span class='ocrx_word' id='word_1_72' title='bbox 1332 586 1451 640; x_wconf 79' lang='lat' dir='ltr'>igitur</span> <span class='ocrx_word' id='word_1_73' title='bbox 1463 618 1473 636; x_wconf 89' lang='lat'><strong>‚</strong></span> <span class='ocrx_word' id='word_1_74' title='bbox 1508 587 1606 640; x_wconf 86' lang='lat' dir='ltr'>quod</span> 
     </span>
    </p>
   </div>
   <div class='ocr_carea' id='block_1_6' title="bbox 47 656 1607 714">
    <p class='ocr_par' dir='ltr' id='par_1_7' title="bbox 47 656 1607 714">
     <span class='ocr_line' id='line_1_12' title="bbox 47 656 1607 714; baseline 0 -14"><span class='ocrx_word' id='word_1_75' title='bbox 47 673 91 700; x_wconf 83' lang='lat' dir='ltr'>se</span> <span class='ocrx_word' id='word_1_76' title='bbox 115 659 238 714; x_wconf 85' lang='lat' dir='ltr'>ipsum</span> <span class='ocrx_word' id='word_1_77' title='bbox 268 664 422 708; x_wconf 76' lang='lat' dir='ltr'>movet,</span> <span class='ocrx_word' id='word_1_78' title='bbox 456 656 545 711; x_wconf 87' lang='lat' dir='ltr'>quia</span> <span class='ocrx_word' id='word_1_79' title='bbox 568 670 763 710; x_wconf 89' lang='lat' dir='ltr'>nunquam</span> <span class='ocrx_word' id='word_1_80' title='bbox 791 656 986 698; x_wconf 85' lang='lat' dir='ltr'>deseritur</span> <span class='ocrx_word' id='word_1_81' title='bbox 1010 670 1032 696; x_wconf 88' lang='lat' dir='ltr'>a</span> <span class='ocrx_word' id='word_1_82' title='bbox 1058 670 1126 707; x_wconf 85' lang='lat' dir='ltr'>se,</span> <span class='ocrx_word' id='word_1_83' title='bbox 1161 671 1355 712; x_wconf 82' lang='lat' dir='ltr'>nunquam</span> <span class='ocrx_word' id='word_1_84' title='bbox 1384 672 1432 699; x_wconf 88' lang='lat' dir='ltr'>ne</span> <span class='ocrx_word' id='word_1_85' title='bbox 1458 661 1607 701; x_wconf 85' lang='lat' dir='ltr'>moveri</span> 
     </span>
    </p>
   </div>
   <div class='ocr_carea' id='block_1_7' title="bbox 136 773 1606 819">
    <p class='ocr_par' dir='ltr' id='par_1_8' title="bbox 136 773 1606 819">
     <span class='ocr_line' id='line_1_13' title="bbox 136 773 1606 819; baseline 0 -11"><span class='ocrx_word' id='word_1_86' title='bbox 136 774 157 809; x_wconf 85' lang='lat'><strong>7</strong></span> <span class='ocrx_word' id='word_1_87' title='bbox 182 776 236 807; x_wconf 86' lang='lat' dir='ltr'>Sic</span> <span class='ocrx_word' id='word_1_88' title='bbox 249 776 286 806; x_wconf 81' lang='lat' dir='ltr'>R.</span> <span class='ocrx_word' id='word_1_89' title='bbox 301 774 385 806; x_wconf 83' lang='lat' dir='ltr'>Gud.</span> <span class='ocrx_word' id='word_1_90' title='bbox 403 774 430 806; x_wconf 94' lang='lat'>1.</span> <span class='ocrx_word' id='word_1_91' title='bbox 458 776 497 806; x_wconf 89' lang='lat' dir='ltr'><strong>II.</strong></span> <span class='ocrx_word' id='word_1_92' title='bbox 508 773 539 806; x_wconf 79' lang='lat'>2.</span> <span class='ocrx_word' id='word_1_93' title='bbox 564 773 684 818; x_wconf 88' lang='lat' dir='ltr'>aliique</span> <span class='ocrx_word' id='word_1_94' title='bbox 709 774 803 806; x_wconf 88' lang='lat' dir='ltr'>codd.</span> <span class='ocrx_word' id='word_1_95' title='bbox 830 782 863 806; x_wconf 91' lang='lat' dir='ltr'>et</span> <span class='ocrx_word' id='word_1_96' title='bbox 883 774 1030 806; x_wconf 89' lang='lat' dir='ltr'>nonnull.</span> <span class='ocrx_word' id='word_1_97' title='bbox 1052 774 1127 806; x_wconf 86' lang='lat' dir='ltr'>edd.</span> <span class='ocrx_word' id='word_1_98' title='bbox 1141 781 1244 815; x_wconf 87' lang='lat' dir='ltr'>vett.;</span> <span class='ocrx_word' id='word_1_99' title='bbox 1269 777 1323 807; x_wconf 88' lang='lat' dir='ltr'>Or.</span> <span class='ocrx_word' id='word_1_100' title='bbox 1339 788 1365 807; x_wconf 90' lang='lat' dir='ltr'>c.</span> <span class='ocrx_word' id='word_1_101' title='bbox 1382 776 1606 819; x_wconf 78' lang='lat' dir='ltr'>vulg-nesciat.</span> 
     </span>
    </p>
   </div>
   <div class='ocr_carea' id='block_1_8' title="bbox 46 820 811 987">
    <p class='ocr_par' dir='ltr' id='par_1_9' title="bbox 46 820 811 987">
     <span class='ocr_line' id='line_1_14' title="bbox 47 820 410 854; baseline -0.008 0"><span class='ocrx_word' id='word_1_102' title='bbox 47 822 176 854; x_wconf 88' lang='lat' dir='ltr'><strong>XXIII.</strong></span> <span class='ocrx_word' id='word_1_103' title='bbox 226 822 240 853; x_wconf 85' lang='lat'>1</span> <span class='ocrx_word' id='word_1_104' title='bbox 269 833 299 852; x_wconf 91' lang='lat' dir='ltr'>v.</span> <span class='ocrx_word' id='word_1_105' title='bbox 325 820 410 852; x_wconf 64' lang='lat' dir='ltr'>Ado.</span> 
     </span>
     <span class='ocr_line' id='line_1_15' title="bbox 122 897 810 942; baseline -0.003 -10"><span class='ocrx_word' id='word_1_106' title='bbox 122 903 321 940; x_wconf 76' lang='lat' dir='ltr'>praeceptum</span> <span class='ocrx_word' id='word_1_107' title='bbox 349 901 496 931; x_wconf 78' lang='lat' dir='ltr'>tributum</span> <span class='ocrx_word' id='word_1_108' title='bbox 528 898 599 942; x_wconf 84' lang='lat' dir='ltr'>deo]</span> <span class='ocrx_word' id='word_1_109' title='bbox 637 898 690 930; x_wconf 88' lang='lat' dir='ltr'>Sic</span> <span class='ocrx_word' id='word_1_110' title='bbox 721 897 810 930; x_wconf 88' lang='lat' dir='ltr'>edidi</span> 
     </span>
     <span class='ocr_line' id='line_1_16' title="bbox 46 942 811 987; baseline -0.001 -10"><span class='ocrx_word' id='word_1_111' title='bbox 46 952 182 978; x_wconf 85' lang='lat' dir='ltr'>anctore</span> <span class='ocrx_word' id='word_1_112' title='bbox 198 946 406 984; x_wconf 69' lang='lat' dir='ltr'>Wesenberflw</span> <span class='ocrx_word' id='word_1_113' title='bbox 427 944 460 975; x_wconf 92' lang='lat' dir='ltr'>in</span> <span class='ocrx_word' id='word_1_114' title='bbox 478 944 663 976; x_wconf 78' lang='lat' dir='ltr'>Emendatt.</span> <span class='ocrx_word' id='word_1_115' title='bbox 686 945 710 976; x_wconf 89' lang='grc' dir='ltr'>Ι.</span> <span class='ocrx_word' id='word_1_116' title='bbox 735 942 811 987; x_wconf 80' lang='lat' dir='ltr'>p.2.</span> 
     </span>
    </p>
   </div>
   <div class='ocr_carea' id='block_1_9' title="bbox 48 988 820 2956">
    <p class='ocr_par' dir='ltr' id='par_1_10' title="bbox 48 988 814 1749">
     <span class='ocr_line' id='line_1_17' title="bbox 48 988 814 1031; baseline -0.005 -9"><span class='ocrx_word' id='word_1_117' title='bbox 48 990 98 1022; x_wconf 86' lang='lat' dir='ltr'>Ad</span> <span class='ocrx_word' id='word_1_118' title='bbox 131 990 216 1022; x_wconf 83' lang='lat' dir='ltr'>hanc</span> <span class='ocrx_word' id='word_1_119' title='bbox 249 989 443 1031; x_wconf 81' lang='lat' dir='ltr'>sciipturam</span> <span class='ocrx_word' id='word_1_120' title='bbox 477 996 591 1031; x_wconf 81' lang='lat' dir='ltr'>aperte</span> <span class='ocrx_word' id='word_1_121' title='bbox 623 989 747 1020; x_wconf 84' lang='lat' dir='ltr'>ducunt</span> <span class='ocrx_word' id='word_1_122' title='bbox 777 988 814 1019; x_wconf 84' lang='lat' dir='ltr'>hi</span> 
     </span>
     <span class='ocr_line' id='line_1_18' title="bbox 48 1031 811 1079; baseline -0.005 -12"><span class='ocrx_word' id='word_1_123' title='bbox 48 1035 148 1079; x_wconf 87' lang='lat' dir='ltr'>ipsius</span> <span class='ocrx_word' id='word_1_124' title='bbox 169 1034 266 1066; x_wconf 89' lang='lat' dir='ltr'>Tullii</span> <span class='ocrx_word' id='word_1_125' title='bbox 288 1033 370 1066; x_wconf 89' lang='lat' dir='ltr'>loci:</span> <span class='ocrx_word' id='word_1_126' title='bbox 397 1034 468 1066; x_wconf 90' lang='lat' dir='ltr'>Fin.</span> <span class='ocrx_word' id='word_1_127' title='bbox 483 1035 523 1065; x_wconf 91' lang='grc' dir='ltr'>Υ.</span> <span class='ocrx_word' id='word_1_128' title='bbox 549 1031 599 1072; x_wconf 82' lang='grc'>16,</span> <span class='ocrx_word' id='word_1_129' title='bbox 622 1032 685 1066; x_wconf 77' lang='grc'>44.</span> <span class='ocrx_word' id='word_1_130' title='bbox 713 1033 811 1072; x_wconf 84' lang='lat' dir='ltr'>Quod</span> 
     </span>
     <span class='ocr_line' id='line_1_19' title="bbox 50 1078 812 1130; baseline -0.004 -19"><span class='ocrx_word' id='word_1_131' title='bbox 50 1085 261 1130; x_wconf 82' lang='lat' dir='ltr'>praeceptum</span> <span class='ocrx_word' id='word_1_132' title='bbox 292 1078 365 1121; x_wconf 80' lang='lat' dir='ltr'>quia</span> <span class='ocrx_word' id='word_1_133' title='bbox 395 1078 497 1110; x_wconf 78' lang='lat' dir='ltr'>maius</span> <span class='ocrx_word' id='word_1_134' title='bbox 531 1085 620 1115; x_wconf 76' lang='lat' dir='ltr'>erat,</span> <span class='ocrx_word' id='word_1_135' title='bbox 655 1089 752 1121; x_wconf 80' lang='lat' dir='ltr'>quam</span> <span class='ocrx_word' id='word_1_136' title='bbox 777 1085 812 1108; x_wconf 87' lang='lat' dir='ltr'>ut</span> 
     </span>
     <span class='ocr_line' id='line_1_20' title="bbox 51 1122 811 1166; baseline -0.003 -10"><span class='ocrx_word' id='word_1_137' title='bbox 51 1125 91 1156; x_wconf 83' lang='lat' dir='ltr'>ab</span> <span class='ocrx_word' id='word_1_138' title='bbox 124 1123 257 1156; x_wconf 77' lang='lat' dir='ltr'>homine</span> <span class='ocrx_word' id='word_1_139' title='bbox 290 1122 458 1154; x_wconf 70' lang='lat' dir='ltr'>xideretui</span> <span class='ocrx_word' id='word_1_140' title='bbox 490 1122 650 1166; x_wconf 86' lang='lat' dir='ltr'>[ortum]‚</span> <span class='ocrx_word' id='word_1_141' title='bbox 687 1122 811 1154; x_wconf 86' lang='lat' dir='ltr'>idcirco</span> 
     </span>
     <span class='ocr_line' id='line_1_21' title="bbox 49 1165 808 1210; baseline -0.004 -9"><span class='ocrx_word' id='word_1_142' title='bbox 49 1172 242 1210; x_wconf 70' lang='lat' dir='ltr'>assignatum</span> <span class='ocrx_word' id='word_1_143' title='bbox 265 1172 306 1199; x_wconf 76' lang='lat' dir='ltr'>est</span> <span class='ocrx_word' id='word_1_144' title='bbox 329 1169 394 1199; x_wconf 84' lang='lat' dir='ltr'>deo.</span> <span class='ocrx_word' id='word_1_145' title='bbox 442 1175 475 1199; x_wconf 86' lang='lat' dir='ltr'>et</span> <span class='ocrx_word' id='word_1_146' title='bbox 500 1168 600 1210; x_wconf 81' lang='lat' dir='ltr'>Legg.</span> <span class='ocrx_word' id='word_1_147' title='bbox 623 1169 647 1199; x_wconf 83' lang='lat' dir='ltr'>I.</span> <span class='ocrx_word' id='word_1_148' title='bbox 663 1166 724 1206; x_wconf 78' lang='lat'>22,</span> <span class='ocrx_word' id='word_1_149' title='bbox 747 1165 808 1199; x_wconf 77' lang='lat'>58:</span> 
     </span>
     <span class='ocr_line' id='line_1_22' title="bbox 49 1212 809 1255; baseline -0.005 -9"><span class='ocrx_word' id='word_1_150' title='bbox 49 1215 141 1246; x_wconf 83' lang='lat' dir='ltr'>Haec</span> <span class='ocrx_word' id='word_1_151' title='bbox 163 1212 249 1245; x_wconf 89' lang='lat' dir='ltr'>enim</span> <span class='ocrx_word' id='word_1_152' title='bbox 282 1212 517 1255; x_wconf 67' lang='lat' dir='ltr'>(philosophia)</span> <span class='ocrx_word' id='word_1_153' title='bbox 544 1224 606 1244; x_wconf 81' lang='lat' dir='ltr'>una</span> <span class='ocrx_word' id='word_1_154' title='bbox 627 1223 685 1244; x_wconf 91' lang='lat' dir='ltr'>nos</span> <span class='ocrx_word' id='word_1_155' title='bbox 711 1223 809 1255; x_wconf 88' lang='lat' dir='ltr'>qnnrn</span> 
     </span>
     <span class='ocr_line' id='line_1_23' title="bbox 51 1256 810 1300; baseline -0.005 -9"><span class='ocrx_word' id='word_1_156' title='bbox 51 1266 176 1291; x_wconf 84' lang='lat' dir='ltr'>ceteras</span> <span class='ocrx_word' id='word_1_157' title='bbox 199 1269 250 1289; x_wconf 89' lang='lat' dir='ltr'>res</span> <span class='ocrx_word' id='word_1_158' title='bbox 274 1268 406 1295; x_wconf 84' lang='lat' dir='ltr'>omnes,</span> <span class='ocrx_word' id='word_1_159' title='bbox 439 1264 527 1295; x_wconf 80' lang='lat' dir='ltr'>tum,</span> <span class='ocrx_word' id='word_1_160' title='bbox 554 1257 643 1300; x_wconf 91' lang='lat' dir='ltr'>quod</span> <span class='ocrx_word' id='word_1_161' title='bbox 665 1264 715 1288; x_wconf 84' lang='lat' dir='ltr'>est</span> <span class='ocrx_word' id='word_1_162' title='bbox 738 1256 810 1287; x_wconf 86' lang='lat' dir='ltr'>dis-</span> 
     </span>
     <span class='ocr_line' id='line_1_24' title="bbox 49 1301 810 1344; baseline -0.004 -9"><span class='ocrx_word' id='word_1_163' title='bbox 49 1303 247 1341; x_wconf 84' lang='lat' dir='ltr'>ficillimum‚</span> <span class='ocrx_word' id='word_1_164' title='bbox 273 1301 404 1341; x_wconf 89' lang='lat' dir='ltr'>docuit,</span> <span class='ocrx_word' id='word_1_165' title='bbox 430 1308 464 1332; x_wconf 88' lang='lat' dir='ltr'>ut</span> <span class='ocrx_word' id='word_1_166' title='bbox 487 1308 615 1333; x_wconf 85' lang='lat' dir='ltr'><strong>nosmet</strong></span> <span class='ocrx_word' id='word_1_167' title='bbox 634 1302 723 1344; x_wconf 87' lang='lat' dir='ltr'>ipsos</span> <span class='ocrx_word' id='word_1_168' title='bbox 744 1313 810 1332; x_wconf 88' lang='lat' dir='ltr'>uo-</span> 
     </span>
     <span class='ocr_line' id='line_1_25' title="bbox 51 1346 809 1389; baseline -0.004 -9"><span class='ocrx_word' id='word_1_169' title='bbox 51 1358 235 1380; x_wconf 86' lang='lat' dir='ltr'>sceremus:</span> <span class='ocrx_word' id='word_1_170' title='bbox 284 1346 372 1378; x_wconf 92' lang='lat' dir='ltr'>cuius</span> <span class='ocrx_word' id='word_1_171' title='bbox 409 1346 578 1389; x_wconf 75' lang='lat' dir='ltr'>praecepti</span> <span class='ocrx_word' id='word_1_172' title='bbox 615 1353 707 1378; x_wconf 83' lang='lat' dir='ltr'>tanta</span> <span class='ocrx_word' id='word_1_173' title='bbox 749 1346 809 1387; x_wconf 80' lang='lat' dir='ltr'>vis,</span> 
     </span>
     <span class='ocr_line' id='line_1_26' title="bbox 49 1390 810 1433; baseline -0.004 -8"><span class='ocrx_word' id='word_1_174' title='bbox 49 1399 140 1425; x_wconf 87' lang='lat' dir='ltr'>tanta</span> <span class='ocrx_word' id='word_1_175' title='bbox 166 1391 330 1423; x_wconf 79' lang='lat' dir='ltr'>sententia</span> <span class='ocrx_word' id='word_1_176' title='bbox 356 1398 426 1433; x_wconf 86' lang='lat' dir='ltr'>est,</span> <span class='ocrx_word' id='word_1_177' title='bbox 464 1398 497 1422; x_wconf 88' lang='lat' dir='ltr'>ut</span> <span class='ocrx_word' id='word_1_178' title='bbox 521 1403 559 1422; x_wconf 79' lang='lat' dir='ltr'>ea</span> <span class='ocrx_word' id='word_1_179' title='bbox 588 1402 651 1423; x_wconf 88' lang='lat' dir='ltr'>non</span> <span class='ocrx_word' id='word_1_180' title='bbox 684 1390 810 1422; x_wconf 90' lang='lat' dir='ltr'>homini</span> 
     </span>
     <span class='ocr_line' id='line_1_27' title="bbox 50 1436 811 1481; baseline -0.003 -11"><span class='ocrx_word' id='word_1_181' title='bbox 50 1437 200 1481; x_wconf 85' lang='lat' dir='ltr'>cuipiam,</span> <span class='ocrx_word' id='word_1_182' title='bbox 223 1436 282 1468; x_wconf 88' lang='lat' dir='ltr'>sed</span> <span class='ocrx_word' id='word_1_183' title='bbox 300 1438 445 1476; x_wconf 82' lang='lat' dir='ltr'>Delphico</span> <span class='ocrx_word' id='word_1_184' title='bbox 466 1438 521 1468; x_wconf 83' lang='lat' dir='ltr'>deo</span> <span class='ocrx_word' id='word_1_185' title='bbox 540 1439 731 1468; x_wconf 71' lang='lat' dir='ltr'>tribueretur.</span> <span class='ocrx_word' id='word_1_186' title='bbox 764 1437 811 1468; x_wconf 82' lang='lat' dir='ltr'>Ex</span> 
     </span>
     <span class='ocr_line' id='line_1_28' title="bbox 49 1481 810 1525; baseline -0.005 -10"><span class='ocrx_word' id='word_1_187' title='bbox 49 1483 100 1515; x_wconf 86' lang='lat' dir='ltr'>his</span> <span class='ocrx_word' id='word_1_188' title='bbox 121 1482 202 1514; x_wconf 90' lang='lat' dir='ltr'>locis</span> <span class='ocrx_word' id='word_1_189' title='bbox 224 1488 363 1525; x_wconf 82' lang='lat' dir='ltr'>apparet</span> <span class='ocrx_word' id='word_1_190' title='bbox 383 1492 443 1524; x_wconf 90' lang='lat' dir='ltr'>pro</span> <span class='ocrx_word' id='word_1_191' title='bbox 462 1492 482 1513; x_wconf 89' lang='lat' dir='ltr'><em>a</em></span> <span class='ocrx_word' id='word_1_192' title='bbox 498 1483 566 1520; x_wconf 81' lang='lat' dir='ltr'>deo,</span> <span class='ocrx_word' id='word_1_193' title='bbox 590 1481 679 1524; x_wconf 87' lang='lat' dir='ltr'>quod</span> <span class='ocrx_word' id='word_1_194' title='bbox 697 1492 810 1513; x_wconf 89' lang='lat' dir='ltr'>omnes</span> 
     </span>
     <span class='ocr_line' id='line_1_29' title="bbox 53 1526 810 1569; baseline -0.003 -10"><span class='ocrx_word' id='word_1_195' title='bbox 53 1528 124 1560; x_wconf 82' lang='lat' dir='ltr'>sere</span> <span class='ocrx_word' id='word_1_196' title='bbox 156 1526 254 1559; x_wconf 88' lang='lat' dir='ltr'>codd.</span> <span class='ocrx_word' id='word_1_197' title='bbox 275 1526 450 1569; x_wconf 79' lang='lat' dir='ltr'>occupavit</span> <span class='ocrx_word' id='word_1_198' title='bbox 484 1529 528 1568; x_wconf 75' lang='lat' dir='ltr'>(v.</span> <span class='ocrx_word' id='word_1_199' title='bbox 552 1527 591 1558; x_wconf 92' lang='lat' dir='ltr'>V.</span> <span class='ocrx_word' id='word_1_200' title='bbox 614 1527 719 1567; x_wconf 63' lang='lat' dir='ltr'>Son),</span> <span class='ocrx_word' id='word_1_201' title='bbox 759 1526 810 1557; x_wconf 86' lang='lat' dir='ltr'>le—</span> 
     </span>
     <span class='ocr_line' id='line_1_30' title="bbox 50 1571 811 1615; baseline -0.003 -11"><span class='ocrx_word' id='word_1_202' title='bbox 50 1572 191 1615; x_wconf 86' lang='lat' dir='ltr'>gendum</span> <span class='ocrx_word' id='word_1_203' title='bbox 212 1583 282 1603; x_wconf 85' lang='lat' dir='ltr'>esse</span> <span class='ocrx_word' id='word_1_204' title='bbox 301 1573 369 1610; x_wconf 75' lang='lat' dir='ltr'>deo,</span> <span class='ocrx_word' id='word_1_205' title='bbox 395 1578 430 1602; x_wconf 90' lang='lat' dir='ltr'>ut</span> <span class='ocrx_word' id='word_1_206' title='bbox 449 1578 499 1602; x_wconf 85' lang='lat' dir='ltr'>est</span> <span class='ocrx_word' id='word_1_207' title='bbox 521 1571 551 1602; x_wconf 88' lang='lat' dir='ltr'>in</span> <span class='ocrx_word' id='word_1_208' title='bbox 573 1571 699 1603; x_wconf 89' lang='lat' dir='ltr'>duobus</span> <span class='ocrx_word' id='word_1_209' title='bbox 721 1571 811 1602; x_wconf 74' lang='lat' dir='ltr'>libm&#39;s</span> 
     </span>
     <span class='ocr_line' id='line_1_31' title="bbox 52 1615 812 1660; baseline 0 -13"><span class='ocrx_word' id='word_1_210' title='bbox 52 1624 95 1660; x_wconf 56' lang='lat' dir='ltr'>(v.</span> <span class='ocrx_word' id='word_1_211' title='bbox 120 1619 160 1649; x_wconf 85' lang='lat' dir='ltr'>V.</span> <span class='ocrx_word' id='word_1_212' title='bbox 184 1617 279 1652; x_wconf 42' lang='lat' dir='ltr'>Ser).</span> <span class='ocrx_word' id='word_1_213' title='bbox 328 1615 425 1655; x_wconf 82' lang='lat' dir='ltr'>Quod</span> <span class='ocrx_word' id='word_1_214' title='bbox 457 1622 565 1647; x_wconf 83' lang='lat' dir='ltr'>autem</span> <span class='ocrx_word' id='word_1_215' title='bbox 597 1616 629 1647; x_wconf 89' lang='lat' dir='ltr'>in</span> <span class='ocrx_word' id='word_1_216' title='bbox 662 1616 812 1647; x_wconf 87' lang='lat' dir='ltr'>omnibus</span> 
     </span>
     <span class='ocr_line' id='line_1_32' title="bbox 51 1661 811 1704; baseline -0.003 -10"><span class='ocrx_word' id='word_1_217' title='bbox 51 1663 123 1694; x_wconf 76' lang='lat' dir='ltr'>sere</span> <span class='ocrx_word' id='word_1_218' title='bbox 146 1661 345 1704; x_wconf 81' lang='lat' dir='ltr'>optimisque</span> <span class='ocrx_word' id='word_1_219' title='bbox 370 1661 455 1692; x_wconf 89' lang='lat' dir='ltr'>codd</span> <span class='ocrx_word' id='word_1_220' title='bbox 493 1672 513 1692; x_wconf 90' lang='grc' dir='ltr'><em>α</em></span> <span class='ocrx_word' id='word_1_221' title='bbox 531 1664 587 1692; x_wconf 80' lang='lat' dir='ltr'>deo</span> <span class='ocrx_word' id='word_1_222' title='bbox 607 1661 742 1703; x_wconf 88' lang='lat' dir='ltr'>legitur</span> <span class='ocrx_word' id='word_1_223' title='bbox 777 1661 811 1691; x_wconf 87' lang='lat' dir='ltr'>id</span> 
     </span>
     <span class='ocr_line' id='line_1_33' title="bbox 50 1706 811 1749; baseline -0.004 -10"><span class='ocrx_word' id='word_1_224' title='bbox 50 1720 89 1739; x_wconf 85' lang='lat' dir='ltr'>ex</span> <span class='ocrx_word' id='word_1_225' title='bbox 113 1719 153 1739; x_wconf 87' lang='lat' dir='ltr'>eo</span> <span class='ocrx_word' id='word_1_226' title='bbox 176 1708 299 1738; x_wconf 81' lang='lat' dir='ltr'>sactum</span> <span class='ocrx_word' id='word_1_227' title='bbox 323 1712 433 1738; x_wconf 85' lang='lat' dir='ltr'>censet</span> <span class='ocrx_word' id='word_1_228' title='bbox 447 1708 565 1738; x_wconf 83' lang='lat' dir='ltr'>Keilius</span> <span class='ocrx_word' id='word_1_229' title='bbox 588 1706 608 1737; x_wconf 95' lang='lat' dir='ltr'>l.</span> <span class='ocrx_word' id='word_1_230' title='bbox 623 1706 654 1737; x_wconf 93' lang='lat' dir='ltr'>d.</span> <span class='ocrx_word' id='word_1_231' title='bbox 676 1718 706 1749; x_wconf 91' lang='lat' dir='ltr'>p.</span> <span class='ocrx_word' id='word_1_232' title='bbox 719 1707 811 1743; x_wconf 60' lang='lat' dir='ltr'>XM„</span> 
     </span>
    </p>

    <p class='ocr_par' dir='ltr' id='par_1_11' title="bbox 51 1751 812 1796">
     <span class='ocr_line' id='line_1_34' title="bbox 51 1751 812 1796; baseline -0.001 -13"><span class='ocrx_word' id='word_1_233' title='bbox 51 1752 137 1796; x_wconf 89' lang='lat' dir='ltr'>quod</span> <span class='ocrx_word' id='word_1_234' title='bbox 162 1752 283 1783; x_wconf 74' lang='lat' dir='ltr'>libraiii</span> <span class='ocrx_word' id='word_1_235' title='bbox 308 1751 406 1783; x_wconf 80' lang='lat' dir='ltr'>verba</span> <span class='ocrx_word' id='word_1_236' title='bbox 426 1754 573 1782; x_wconf 76' lang='lat' dir='ltr'>tribulum</span> <span class='ocrx_word' id='word_1_237' title='bbox 594 1753 650 1783; x_wconf 82' lang='lat' dir='ltr'>deo</span> <span class='ocrx_word' id='word_1_238' title='bbox 670 1763 734 1782; x_wconf 86' lang='lat' dir='ltr'>non</span> <span class='ocrx_word' id='word_1_239' title='bbox 756 1763 812 1782; x_wconf 79' lang='lat' dir='ltr'>ie—</span> 
     </span>
    </p>

    <p class='ocr_par' dir='ltr' id='par_1_12' title="bbox 51 1795 820 2956">
     <span class='ocr_line' id='line_1_35' title="bbox 52 1795 811 1838; baseline -0.007 -8"><span class='ocrx_word' id='word_1_240' title='bbox 52 1804 104 1830; x_wconf 86' lang='lat' dir='ltr'>cte</span> <span class='ocrx_word' id='word_1_241' title='bbox 138 1797 377 1828; x_wconf 77' lang='lat' dir='ltr'>intellexissent</span> <span class='ocrx_word' id='word_1_242' title='bbox 410 1807 472 1827; x_wconf 84' lang='lat' dir='ltr'>nec</span> <span class='ocrx_word' id='word_1_243' title='bbox 506 1803 718 1838; x_wconf 81' lang='lat' dir='ltr'>piaeceptum</span> <span class='ocrx_word' id='word_1_244' title='bbox 749 1795 811 1826; x_wconf 70' lang='lat' dir='ltr'>ali-</span> 
     </span>
     <span class='ocr_line' id='line_1_36' title="bbox 52 1840 814 1886; baseline -0.007 -12"><span class='ocrx_word' id='word_1_245' title='bbox 52 1841 139 1886; x_wconf 86' lang='lat' dir='ltr'>quod</span> <span class='ocrx_word' id='word_1_246' title='bbox 162 1842 202 1874; x_wconf 87' lang='lat' dir='ltr'>ab</span> <span class='ocrx_word' id='word_1_247' title='bbox 222 1841 409 1873; x_wconf 86' lang='lat' dir='ltr'>hominibus</span> <span class='ocrx_word' id='word_1_248' title='bbox 430 1840 492 1871; x_wconf 90' lang='lat' dir='ltr'>deo</span> <span class='ocrx_word' id='word_1_249' title='bbox 510 1840 608 1871; x_wconf 87' lang='lat' dir='ltr'>tribui</span> <span class='ocrx_word' id='word_1_250' title='bbox 631 1851 728 1882; x_wconf 77' lang='lat' dir='ltr'>posse</span> <span class='ocrx_word' id='word_1_251' title='bbox 749 1851 814 1881; x_wconf 85' lang='lat' dir='ltr'>pn-</span> 
     </span>
     <span class='ocr_line' id='line_1_37' title="bbox 51 1885 813 1926; baseline -0.007 -7"><span class='ocrx_word' id='word_1_252' title='bbox 51 1894 193 1923; x_wconf 79' lang='lat' dir='ltr'>tassent3</span> <span class='ocrx_word' id='word_1_253' title='bbox 222 1889 356 1917; x_wconf 79' lang='lat' dir='ltr'>llesenb.</span> <span class='ocrx_word' id='word_1_254' title='bbox 376 1885 456 1916; x_wconf 89' lang='lat' dir='ltr'>illud</span> <span class='ocrx_word' id='word_1_255' title='bbox 477 1896 496 1916; x_wconf 86' lang='grc' dir='ltr'>α</span> <span class='ocrx_word' id='word_1_256' title='bbox 517 1886 547 1916; x_wconf 89' lang='lat' dir='ltr'>in</span> <span class='ocrx_word' id='word_1_257' title='bbox 570 1885 729 1926; x_wconf 48' lang='lat' dir='ltr'>aiclwtjp</span> <span class='ocrx_word' id='word_1_258' title='bbox 724 1897 752 1913; x_wconf 78' lang='grc' dir='ltr'>υ</span> <span class='ocrx_word' id='word_1_259' title='bbox 776 1896 813 1914; x_wconf 80' lang='lat' dir='ltr'>(x</span> 
     </span>
     <span class='ocr_line' id='line_1_38' title="bbox 52 1927 813 1978; baseline -0.005 -15"><span class='ocrx_word' id='word_1_260' title='bbox 52 1943 84 1964; x_wconf 85' lang='lat' dir='ltr'>m</span> <span class='ocrx_word' id='word_1_261' title='bbox 102 1930 274 1978; x_wconf 67' lang='lat' dir='ltr'>geminatis</span> <span class='ocrx_word' id='word_1_262' title='bbox 297 1938 407 1961; x_wconf 74' lang='lat' dir='ltr'>natum</span> <span class='ocrx_word' id='word_1_263' title='bbox 430 1937 550 1967; x_wconf 67' lang='lat' dir='ltr'>censet,</span> <span class='ocrx_word' id='word_1_264' title='bbox 578 1936 611 1959; x_wconf 88' lang='lat' dir='ltr'>ut</span> <span class='ocrx_word' id='word_1_265' title='bbox 636 1930 736 1964; x_wconf 76' lang='grc' dir='ltr'><strong>1.5Δ,</strong></span> <span class='ocrx_word' id='word_1_266' title='bbox 760 1927 813 1960; x_wconf 69' lang='grc' dir='ltr'>Τῠ.</span> 
     </span>
     <span class='ocr_line' id='line_1_39' title="bbox 53 1972 814 2016; baseline -0.007 -8"><span class='ocrx_word' id='word_1_267' title='bbox 53 1978 108 2008; x_wconf 85' lang='lat' dir='ltr'>IV.</span> <span class='ocrx_word' id='word_1_268' title='bbox 134 1973 192 2014; x_wconf 79' lang='lat'>16,</span> <span class='ocrx_word' id='word_1_269' title='bbox 214 1972 270 2007; x_wconf 81' lang='grc'>36.</span> <span class='ocrx_word' id='word_1_270' title='bbox 306 1974 370 2011; x_wconf 79' lang='grc'>31,</span> <span class='ocrx_word' id='word_1_271' title='bbox 393 1972 447 2005; x_wconf 88' lang='grc'>66.</span> <span class='ocrx_word' id='word_1_272' title='bbox 483 1977 597 2006; x_wconf 82' lang='lat' dir='ltr'>animis</span> <span class='ocrx_word' id='word_1_273' title='bbox 630 1985 689 2016; x_wconf 88' lang='lat' dir='ltr'>pro</span> <span class='ocrx_word' id='word_1_274' title='bbox 722 1976 814 2006; x_wconf 76' lang='lat' dir='ltr'>nimis</span> 
     </span>
     <span class='ocr_line' id='line_1_40' title="bbox 53 2019 814 2063; baseline -0.003 -11"><span class='ocrx_word' id='word_1_275' title='bbox 53 2021 192 2063; x_wconf 81' lang='lat' dir='ltr'>legitur·</span> <span class='ocrx_word' id='word_1_276' title='bbox 225 2030 308 2062; x_wconf 87' lang='lat' dir='ltr'>quae</span> <span class='ocrx_word' id='word_1_277' title='bbox 329 2026 437 2050; x_wconf 86' lang='lat' dir='ltr'>autem</span> <span class='ocrx_word' id='word_1_278' title='bbox 461 2019 492 2050; x_wconf 88' lang='lat' dir='ltr'>in</span> <span class='ocrx_word' id='word_1_279' title='bbox 519 2019 614 2050; x_wconf 84' lang='lat' dir='ltr'>codd.</span> <span class='ocrx_word' id='word_1_280' title='bbox 635 2026 814 2061; x_wconf 81' lang='lat' dir='ltr'>sequuntur</span> 
     </span>
     <span class='ocr_line' id='line_1_41' title="bbox 53 2065 814 2104; baseline -0.003 -7"><span class='ocrx_word' id='word_1_281' title='bbox 53 2065 171 2097; x_wconf 82' lang='lat' dir='ltr'>verba:</span> <span class='ocrx_word' id='word_1_282' title='bbox 205 2067 243 2096; x_wconf 73' lang='lat' dir='ltr'>sit</span> <span class='ocrx_word' id='word_1_283' title='bbox 264 2066 318 2097; x_wconf 78' lang='lat' dir='ltr'>hoc</span> <span class='ocrx_word' id='word_1_284' title='bbox 341 2074 371 2096; x_wconf 89' lang='lat' dir='ltr'>se</span> <span class='ocrx_word' id='word_1_285' title='bbox 390 2066 492 2104; x_wconf 82' lang='lat' dir='ltr'>ipsum</span> <span class='ocrx_word' id='word_1_286' title='bbox 514 2074 601 2104; x_wconf 83' lang='lat' dir='ltr'>posse</span> <span class='ocrx_word' id='word_1_287' title='bbox 625 2073 814 2104; x_wconf 70' lang='lat' dir='ltr'>coyno.·,sce1e</span> 
     </span>
     <span class='ocr_line' id='line_1_42' title="bbox 52 2109 814 2154; baseline -0.004 -13"><span class='ocrx_word' id='word_1_288' title='bbox 52 2121 113 2154; x_wconf 88' lang='lat' dir='ltr'>pro</span> <span class='ocrx_word' id='word_1_289' title='bbox 133 2109 329 2152; x_wconf 80' lang='lat' dir='ltr'>glossemate</span> <span class='ocrx_word' id='word_1_290' title='bbox 351 2109 502 2141; x_wconf 83' lang='lat' dir='ltr'>habenda</span> <span class='ocrx_word' id='word_1_291' title='bbox 523 2116 608 2141; x_wconf 91' lang='lat' dir='ltr'>sunt.</span> <span class='ocrx_word' id='word_1_292' title='bbox 647 2110 681 2140; x_wconf 90' lang='lat' dir='ltr'>In</span> <span class='ocrx_word' id='word_1_293' title='bbox 708 2109 814 2139; x_wconf 59' lang='lat' dir='ltr'>uillis</span> 
     </span>
     <span class='ocr_line' id='line_1_43' title="bbox 53 2153 813 2194; baseline -0.004 -7"><span class='ocrx_word' id='word_1_294' title='bbox 53 2157 167 2187; x_wconf 81' lang='lat' dir='ltr'>sithoc</span> <span class='ocrx_word' id='word_1_295' title='bbox 197 2154 301 2186; x_wconf 84' lang='lat' dir='ltr'>latere</span> <span class='ocrx_word' id='word_1_296' title='bbox 331 2164 372 2186; x_wconf 92' lang='lat' dir='ltr'>sc.</span> <span class='ocrx_word' id='word_1_297' title='bbox 395 2156 469 2194; x_wconf 81' lang='lat' dir='ltr'>hoc,</span> <span class='ocrx_word' id='word_1_298' title='bbox 504 2161 599 2186; x_wconf 85' lang='lat' dir='ltr'>acute</span> <span class='ocrx_word' id='word_1_299' title='bbox 622 2154 704 2185; x_wconf 83' lang='lat' dir='ltr'>vidit</span> <span class='ocrx_word' id='word_1_300' title='bbox 728 2153 813 2184; x_wconf 62' lang='lat' dir='ltr'>idtm</span> 
     </span>
     <span class='ocr_line' id='line_1_44' title="bbox 56 2179 815 2242; baseline -0.005 -10"><span class='ocrx_word' id='word_1_301' title='bbox 56 2201 190 2232; x_wconf 82' lang='lat' dir='ltr'>Wesenb.</span> <span class='ocrx_word' id='word_1_302' title='bbox 204 2223 213 2239; x_wconf 87' lang='lat'><strong>,</strong></span> <span class='ocrx_word' id='word_1_303' title='bbox 247 2199 301 2242; x_wconf 88' lang='lat' dir='ltr'>qui</span> <span class='ocrx_word' id='word_1_304' title='bbox 325 2211 396 2231; x_wconf 84' lang='lat' dir='ltr'>cum</span> <span class='ocrx_word' id='word_1_305' title='bbox 416 2179 510 2231; x_wconf 83' lang='lat' dir='ltr'>huius</span> <span class='ocrx_word' id='word_1_306' title='bbox 532 2199 595 2230; x_wconf 83' lang='lat' dir='ltr'>loci</span> <span class='ocrx_word' id='word_1_307' title='bbox 617 2199 687 2241; x_wconf 79' lang='lat' dir='ltr'>glos</span> <span class='ocrx_word' id='word_1_308' title='bbox 675 2210 769 2230; x_wconf 66' lang='lat' dir='ltr'>&lt;asem</span> <span class='ocrx_word' id='word_1_309' title='bbox 771 2205 815 2229; x_wconf 74' lang='lat' dir='ltr'>ite,</span> 
     </span>
     <span class='ocr_line' id='line_1_45' title="bbox 56 2242 815 2286; baseline -0.003 -9"><span class='ocrx_word' id='word_1_310' title='bbox 56 2244 258 2286; x_wconf 87' lang='lat' dir='ltr'>comparavit</span> <span class='ocrx_word' id='word_1_311' title='bbox 281 2245 306 2273; x_wconf 78' lang='lat' dir='ltr'>V</span> <span class='ocrx_word' id='word_1_312' title='bbox 312 2270 318 2276; x_wconf 90' lang='lat'>.</span> <span class='ocrx_word' id='word_1_313' title='bbox 341 2242 383 2282; x_wconf 84' lang='lat'>9,</span> <span class='ocrx_word' id='word_1_314' title='bbox 407 2242 482 2281; x_wconf 55' lang='lat'>24„</span> <span class='ocrx_word' id='word_1_315' title='bbox 518 2244 573 2275; x_wconf 85' lang='lat' dir='ltr'>ubi</span> <span class='ocrx_word' id='word_1_316' title='bbox 596 2244 693 2275; x_wconf 82' lang='lat' dir='ltr'>verba</span> <span class='ocrx_word' id='word_1_317' title='bbox 716 2246 750 2275; x_wconf 77' lang='lat' dir='ltr'>id</span> <span class='ocrx_word' id='word_1_318' title='bbox 775 2248 815 2275; x_wconf 75' lang='lat' dir='ltr'>esc</span> 
     </span>
     <span class='ocr_line' id='line_1_46' title="bbox 55 2288 815 2331; baseline -0.003 -11"><span class='ocrx_word' id='word_1_319' title='bbox 55 2299 149 2328; x_wconf 64' lang='lat' dir='ltr'>genus</span> <span class='ocrx_word' id='word_1_320' title='bbox 173 2291 311 2320; x_wconf 73' lang='lat' dir='ltr'>tormenti</span> <span class='ocrx_word' id='word_1_321' title='bbox 331 2291 418 2328; x_wconf 80' lang='lat' dir='ltr'>apud</span> <span class='ocrx_word' id='word_1_322' title='bbox 441 2292 573 2321; x_wconf 83' lang='lat' dir='ltr'>Graecos</span> <span class='ocrx_word' id='word_1_323' title='bbox 606 2289 716 2331; x_wconf 81' lang='lat' dir='ltr'>inepte</span> <span class='ocrx_word' id='word_1_324' title='bbox 750 2288 815 2319; x_wconf 88' lang='lat' dir='ltr'>im-</span> 
     </span>
     <span class='ocr_line' id='line_1_47' title="bbox 58 2332 813 2375; baseline 0.001 -13"><span class='ocrx_word' id='word_1_325' title='bbox 58 2339 189 2375; x_wconf 74' lang='lat' dir='ltr'>portata</span> <span class='ocrx_word' id='word_1_326' title='bbox 211 2338 305 2368; x_wconf 88' lang='lat' dir='ltr'>sunt,</span> <span class='ocrx_word' id='word_1_327' title='bbox 340 2339 372 2364; x_wconf 88' lang='lat' dir='ltr'>et</span> <span class='ocrx_word' id='word_1_328' title='bbox 396 2332 437 2363; x_wconf 81' lang='lat' dir='ltr'>ad</span> <span class='ocrx_word' id='word_1_329' title='bbox 461 2333 554 2363; x_wconf 88' lang='lat' dir='ltr'>huius</span> <span class='ocrx_word' id='word_1_330' title='bbox 584 2333 648 2364; x_wconf 87' lang='lat' dir='ltr'>loci</span> <span class='ocrx_word' id='word_1_331' title='bbox 675 2334 813 2365; x_wconf 80' lang='lat' dir='ltr'>sormam</span> 
     </span>
     <span class='ocr_line' id='line_1_48' title="bbox 57 2376 814 2419; baseline 0.001 -11"><span class='ocrx_word' id='word_1_332' title='bbox 57 2376 240 2408; x_wconf 83' lang='lat' dir='ltr'>sententiae</span> <span class='ocrx_word' id='word_1_333' title='bbox 253 2376 488 2419; x_wconf 85' lang='lat' dir='ltr'>verborumque</span> <span class='ocrx_word' id='word_1_334' title='bbox 501 2377 753 2409; x_wconf 73' lang='lat' dir='ltr'>collocationem</span> <span class='ocrx_word' id='word_1_335' title='bbox 772 2379 814 2408; x_wconf 86' lang='lat' dir='ltr'>il-</span> 
     </span>
     <span class='ocr_line' id='line_1_49' title="bbox 58 2420 816 2453; baseline 0.001 -1"><span class='ocrx_word' id='word_1_336' title='bbox 58 2420 259 2452; x_wconf 80' lang='lat' dir='ltr'>lustrandam</span> <span class='ocrx_word' id='word_1_337' title='bbox 283 2420 479 2452; x_wconf 86' lang='lat' dir='ltr'>simillimum</span> <span class='ocrx_word' id='word_1_338' title='bbox 510 2421 617 2452; x_wconf 84' lang='lat' dir='ltr'>locum</span> <span class='ocrx_word' id='word_1_339' title='bbox 640 2423 750 2453; x_wconf 86' lang='lat' dir='ltr'>attulit</span> <span class='ocrx_word' id='word_1_340' title='bbox 775 2422 816 2453; x_wconf 79' lang='lat' dir='ltr'>de</span> 
     </span>
     <span class='ocr_line' id='line_1_50' title="bbox 58 2465 817 2508; baseline 0.001 -11"><span class='ocrx_word' id='word_1_341' title='bbox 58 2466 138 2508; x_wconf 80' lang='lat' dir='ltr'>Rep.</span> <span class='ocrx_word' id='word_1_342' title='bbox 157 2467 213 2497; x_wconf 87' lang='lat' dir='ltr'><strong>III.</strong></span> <span class='ocrx_word' id='word_1_343' title='bbox 235 2466 266 2501; x_wconf 76' lang='grc' dir='ltr'>ὅ,</span> <span class='ocrx_word' id='word_1_344' title='bbox 290 2465 348 2498; x_wconf 83' lang='grc'>13;</span> <span class='ocrx_word' id='word_1_345' title='bbox 373 2476 447 2497; x_wconf 76' lang='lat' dir='ltr'>nam</span> <span class='ocrx_word' id='word_1_346' title='bbox 470 2468 497 2497; x_wconf 83' lang='grc' dir='ltr'>εί</span> <span class='ocrx_word' id='word_1_347' title='bbox 515 2470 657 2505; x_wconf 79' lang='lat' dir='ltr'>esset,—</span> <span class='ocrx_word' id='word_1_348' title='bbox 679 2471 817 2499; x_wconf 81' lang='lat' dir='ltr'>essent</span> 
     </span>
     <span class='ocr_line' id='line_1_51' title="bbox 57 2512 816 2543; baseline 0 -1"><span class='ocrx_word' id='word_1_349' title='bbox 57 2514 174 2542; x_wconf 81' lang='lat' dir='ltr'>iusta</span> <span class='ocrx_word' id='word_1_350' title='bbox 199 2514 235 2543; x_wconf 71' lang='lat' dir='ltr'>et</span> <span class='ocrx_word' id='word_1_351' title='bbox 257 2512 427 2542; x_wconf 73' lang='lat' dir='ltr'>iniusta</span> <span class='ocrx_word' id='word_1_352' title='bbox 452 2512 593 2541; x_wconf 80' lang='lat' dir='ltr'>eadem</span> <span class='ocrx_word' id='word_1_353' title='bbox 620 2514 816 2543; x_wconf 82' lang='lat' dir='ltr'>omnibus.</span> 
     </span>
     <span class='ocr_line' id='line_1_52' title="bbox 58 2554 818 2596; baseline 0.003 -12"><span class='ocrx_word' id='word_1_354' title='bbox 58 2558 163 2595; x_wconf 80' lang='lat' dir='ltr'>Quam</span> <span class='ocrx_word' id='word_1_355' title='bbox 195 2561 302 2587; x_wconf 76' lang='lat' dir='ltr'>autem</span> <span class='ocrx_word' id='word_1_356' title='bbox 326 2557 446 2586; x_wconf 67' lang='lat' dir='ltr'>Keilitls</span> <span class='ocrx_word' id='word_1_357' title='bbox 470 2555 490 2585; x_wconf 94' lang='lat' dir='ltr'>l.</span> <span class='ocrx_word' id='word_1_358' title='bbox 514 2554 546 2586; x_wconf 89' lang='lat' dir='ltr'>d.</span> <span class='ocrx_word' id='word_1_359' title='bbox 574 2555 710 2596; x_wconf 89' lang='lat' dir='ltr'>protulit</span> <span class='ocrx_word' id='word_1_360' title='bbox 735 2567 818 2587; x_wconf 92' lang='lat' dir='ltr'>con-</span> 
     </span>
     <span class='ocr_line' id='line_1_53' title="bbox 57 2600 818 2639; baseline 0 -8"><span class='ocrx_word' id='word_1_361' title='bbox 57 2600 230 2632; x_wconf 72' lang='lat' dir='ltr'>iecturum:</span> <span class='ocrx_word' id='word_1_362' title='bbox 266 2611 327 2632; x_wconf 82' lang='grc' dir='ltr'>ηοη</span> <span class='ocrx_word' id='word_1_363' title='bbox 355 2604 430 2632; x_wconf 68' lang='lat' dir='ltr'>esset</span> <span class='ocrx_word' id='word_1_364' title='bbox 453 2602 508 2631; x_wconf 81' lang='lat' dir='ltr'>hoc</span> <span class='ocrx_word' id='word_1_365' title='bbox 533 2610 596 2631; x_wconf 81' lang='lat' dir='ltr'>uer.</span> <span class='ocrx_word' id='word_1_366' title='bbox 619 2611 644 2631; x_wconf 91' lang='lat' dir='ltr'>c.</span> <span class='ocrx_word' id='word_1_367' title='bbox 673 2609 704 2630; x_wconf 85' lang='lat' dir='ltr'>a.</span> <span class='ocrx_word' id='word_1_368' title='bbox 728 2610 818 2639; x_wconf 82' lang='lat' dir='ltr'>prue-</span> 
     </span>
     <span class='ocr_line' id='line_1_54' title="bbox 58 2646 820 2685; baseline -0.003 -8"><span class='ocrx_word' id='word_1_369' title='bbox 58 2649 177 2685; x_wconf 72' lang='lat' dir='ltr'>ceptum</span> <span class='ocrx_word' id='word_1_370' title='bbox 198 2647 346 2677; x_wconf 77' lang='lat' dir='ltr'>tributum</span> <span class='ocrx_word' id='word_1_371' title='bbox 365 2647 442 2681; x_wconf 80' lang='lat' dir='ltr'>deo3</span> <span class='ocrx_word' id='word_1_372' title='bbox 474 2647 643 2676; x_wconf 76' lang='lat' dir='ltr'>scilicet</span> <span class='ocrx_word' id='word_1_373' title='bbox 667 2646 738 2676; x_wconf 83' lang='lat' dir='ltr'>hoc</span> <span class='ocrx_word' id='word_1_374' title='bbox 763 2648 820 2676; x_wconf 79' lang='lat' dir='ltr'>est</span> 
     </span>
     <span class='ocr_line' id='line_1_55' title="bbox 57 2689 818 2730; baseline -0.003 -9"><span class='ocrx_word' id='word_1_375' title='bbox 57 2699 88 2721; x_wconf 82' lang='lat' dir='ltr'>se</span> <span class='ocrx_word' id='word_1_376' title='bbox 114 2692 217 2730; x_wconf 76' lang='lat' dir='ltr'>ipsum</span> <span class='ocrx_word' id='word_1_377' title='bbox 246 2700 334 2729; x_wconf 81' lang='lat' dir='ltr'>posse</span> <span class='ocrx_word' id='word_1_378' title='bbox 365 2699 529 2729; x_wconf 71' lang='lat' dir='ltr'>agnoscere</span> <span class='ocrx_word' id='word_1_379' title='bbox 539 2714 548 2729; x_wconf 87' lang='lat'><strong><em>,</em></strong></span> <span class='ocrx_word' id='word_1_380' title='bbox 584 2701 621 2720; x_wconf 81' lang='lat' dir='ltr'>ea</span> <span class='ocrx_word' id='word_1_381' title='bbox 651 2689 729 2720; x_wconf 84' lang='lat' dir='ltr'>mihi</span> <span class='ocrx_word' id='word_1_382' title='bbox 754 2700 818 2719; x_wconf 92' lang='lat' dir='ltr'>non</span> 
     </span>
     <span class='ocr_line' id='line_1_56' title="bbox 60 2734 820 2775; baseline -0.001 -9"><span class='ocrx_word' id='word_1_383' title='bbox 60 2734 226 2775; x_wconf 83' lang='lat' dir='ltr'>probatur.</span> <span class='ocrx_word' id='word_1_384' title='bbox 275 2735 359 2766; x_wconf 86' lang='lat' dir='ltr'>Nam</span> <span class='ocrx_word' id='word_1_385' title='bbox 389 2735 488 2766; x_wconf 86' lang='lat' dir='ltr'>verba</span> <span class='ocrx_word' id='word_1_386' title='bbox 516 2737 627 2766; x_wconf 78' lang='lat' dir='ltr'>scilicet</span> <span class='ocrx_word' id='word_1_387' title='bbox 652 2736 707 2766; x_wconf 79' lang='lat' dir='ltr'>hoc</span> <span class='ocrx_word' id='word_1_388' title='bbox 729 2738 770 2765; x_wconf 78' lang='lat' dir='ltr'>es!</span> <span class='ocrx_word' id='word_1_389' title='bbox 802 2745 820 2765; x_wconf 88' lang='lat' dir='ltr'>a</span> 
     </span>
     <span class='ocr_line' id='line_1_57' title="bbox 61 2778 820 2822; baseline 0.001 -14"><span class='ocrx_word' id='word_1_390' title='bbox 61 2779 271 2819; x_wconf 82' lang='lat' dir='ltr'>grammatico</span> <span class='ocrx_word' id='word_1_391' title='bbox 312 2779 422 2822; x_wconf 86' lang='lat' dir='ltr'>aliquo</span> <span class='ocrx_word' id='word_1_392' title='bbox 458 2779 605 2811; x_wconf 71' lang='lat' dir='ltr'>cadentis</span> <span class='ocrx_word' id='word_1_393' title='bbox 647 2778 820 2810; x_wconf 68' lang='lat' dir='ltr'>latinitatis</span> 
     </span>
     <span class='ocr_line' id='line_1_58' title="bbox 62 2822 819 2866; baseline 0.003 -13"><span class='ocrx_word' id='word_1_394' title='bbox 62 2822 222 2864; x_wconf 83' lang='lat' dir='ltr'>proficisci</span> <span class='ocrx_word' id='word_1_395' title='bbox 256 2830 455 2866; x_wconf 75' lang='lat' dir='ltr'>potuerunt,</span> <span class='ocrx_word' id='word_1_396' title='bbox 500 2837 518 2855; x_wconf 89' lang='grc' dir='ltr'>ιι</span> <span class='ocrx_word' id='word_1_397' title='bbox 554 2824 713 2855; x_wconf 82' lang='lat' dir='ltr'>Cicerone</span> <span class='ocrx_word' id='word_1_398' title='bbox 754 2834 819 2855; x_wconf 88' lang='lat' dir='ltr'>nou</span> 
     </span>
     <span class='ocr_line' id='line_1_59' title="bbox 62 2866 820 2903; baseline 0.003 -6"><span class='ocrx_word' id='word_1_399' title='bbox 62 2866 152 2903; x_wconf 85' lang='lat' dir='ltr'>item.</span> <span class='ocrx_word' id='word_1_400' title='bbox 198 2869 337 2901; x_wconf 88' lang='lat' dir='ltr'>Omnino</span> <span class='ocrx_word' id='word_1_401' title='bbox 362 2875 469 2901; x_wconf 87' lang='lat' dir='ltr'>totum</span> <span class='ocrx_word' id='word_1_402' title='bbox 500 2868 580 2900; x_wconf 84' lang='lat' dir='ltr'>illud</span> <span class='ocrx_word' id='word_1_403' title='bbox 610 2868 820 2900; x_wconf 83' lang='lat' dir='ltr'>additamen-</span> 
     </span>
     <span class='ocr_line' id='line_1_60' title="bbox 64 2913 820 2956; baseline 0.005 -15"><span class='ocrx_word' id='word_1_404' title='bbox 64 2917 153 2942; x_wconf 85' lang='lat' dir='ltr'>tum:</span> <span class='ocrx_word' id='word_1_405' title='bbox 189 2913 243 2945; x_wconf 84' lang='lat' dir='ltr'>hoc</span> <span class='ocrx_word' id='word_1_406' title='bbox 264 2923 287 2946; x_wconf 90' lang='lat' dir='ltr'>s.</span> <span class='ocrx_word' id='word_1_407' title='bbox 309 2917 329 2946; x_wconf 86' lang='lat' dir='ltr'>i.</span> <span class='ocrx_word' id='word_1_408' title='bbox 352 2924 384 2954; x_wconf 82' lang='lat' dir='ltr'>p.</span> <span class='ocrx_word' id='word_1_409' title='bbox 407 2925 433 2946; x_wconf 91' lang='lat' dir='ltr'>c.</span> <span class='ocrx_word' id='word_1_410' title='bbox 459 2921 525 2945; x_wconf 81' lang='lat' dir='ltr'>tam</span> <span class='ocrx_word' id='word_1_411' title='bbox 550 2913 691 2945; x_wconf 80' lang='lat' dir='ltr'>ieiunum</span> <span class='ocrx_word' id='word_1_412' title='bbox 722 2920 820 2956; x_wconf 84' lang='lat' dir='ltr'>atque</span> 
     </span>
    </p>
   </div>
   <div class='ocr_carea' id='block_1_10' title="bbox 843 898 1613 2956">
    <p class='ocr_par' dir='ltr' id='par_1_13' title="bbox 843 898 1611 1649">
     <span class='ocr_line' id='line_1_61' title="bbox 844 898 1609 944; baseline 0.004 -14"><span class='ocrx_word' id='word_1_413' title='bbox 844 899 1012 931; x_wconf 81' lang='lat' dir='ltr'>inficetum</span> <span class='ocrx_word' id='word_1_414' title='bbox 1027 898 1106 931; x_wconf 89' lang='lat' dir='ltr'>mihi</span> <span class='ocrx_word' id='word_1_415' title='bbox 1118 899 1249 931; x_wconf 83' lang='lat' dir='ltr'>videtur</span> <span class='ocrx_word' id='word_1_416' title='bbox 1268 912 1338 932; x_wconf 85' lang='lat' dir='ltr'>esse</span> <span class='ocrx_word' id='word_1_417' title='bbox 1351 907 1484 944; x_wconf 82' lang='lat' dir='ltr'>tamque</span> <span class='ocrx_word' id='word_1_418' title='bbox 1496 907 1609 944; x_wconf 82' lang='lat' dir='ltr'>aperte</span> 
     </span>
     <span class='ocr_line' id='line_1_62' title="bbox 845 944 1608 987; baseline 0.003 -11.011"><span class='ocrx_word' id='word_1_419' title='bbox 845 944 1038 987; x_wconf 76' lang='lat' dir='ltr'>glossatoris</span> <span class='ocrx_word' id='word_1_420' title='bbox 1060 956 1192 976; x_wconf 84' lang='lat' dir='ltr'>manum</span> <span class='ocrx_word' id='word_1_421' title='bbox 1214 945 1375 987; x_wconf 85' lang='lat' dir='ltr'>prodere,</span> <span class='ocrx_word' id='word_1_422' title='bbox 1402 952 1437 977; x_wconf 87' lang='lat' dir='ltr'>ut</span> <span class='ocrx_word' id='word_1_423' title='bbox 1459 945 1493 977; x_wconf 88' lang='lat' dir='ltr'>id</span> <span class='ocrx_word' id='word_1_424' title='bbox 1511 946 1608 978; x_wconf 86' lang='lat' dir='ltr'>Cice—</span> 
     </span>
     <span class='ocr_line' id='line_1_63' title="bbox 846 989 1609 1034; baseline 0.004 -14"><span class='ocrx_word' id='word_1_425' title='bbox 846 989 1018 1021; x_wconf 83' lang='lat' dir='ltr'>ronianum</span> <span class='ocrx_word' id='word_1_426' title='bbox 1033 1001 1104 1021; x_wconf 84' lang='lat' dir='ltr'>esse</span> <span class='ocrx_word' id='word_1_427' title='bbox 1119 990 1318 1032; x_wconf 86' lang='lat' dir='ltr'>persuadere</span> <span class='ocrx_word' id='word_1_428' title='bbox 1338 991 1417 1022; x_wconf 89' lang='lat' dir='ltr'>mihi</span> <span class='ocrx_word' id='word_1_429' title='bbox 1437 1002 1504 1022; x_wconf 86' lang='lat' dir='ltr'>non</span> <span class='ocrx_word' id='word_1_430' title='bbox 1525 1002 1609 1034; x_wconf 90' lang='lat' dir='ltr'>pos-</span> 
     </span>
     <span class='ocr_line' id='line_1_64' title="bbox 845 1034 1607 1078; baseline 0.003 -13"><span class='ocrx_word' id='word_1_431' title='bbox 845 1034 916 1065; x_wconf 89' lang='lat' dir='ltr'>sim.</span> <span class='ocrx_word' id='word_1_432' title='bbox 964 1035 1082 1076; x_wconf 81' lang='lat' dir='ltr'>Neque</span> <span class='ocrx_word' id='word_1_433' title='bbox 1107 1046 1185 1065; x_wconf 86' lang='lat' dir='ltr'>vero</span> <span class='ocrx_word' id='word_1_434' title='bbox 1207 1034 1309 1066; x_wconf 83' lang='lat' dir='ltr'>mirae</span> <span class='ocrx_word' id='word_1_435' title='bbox 1333 1035 1482 1067; x_wconf 90' lang='lat' dir='ltr'>codicum</span> <span class='ocrx_word' id='word_1_436' title='bbox 1507 1037 1551 1078; x_wconf 83' lang='lat' dir='ltr'>(v.</span> <span class='ocrx_word' id='word_1_437' title='bbox 1568 1036 1607 1067; x_wconf 92' lang='lat' dir='ltr'>V.</span> 
     </span>
     <span class='ocr_line' id='line_1_65' title="bbox 847 1078 1609 1120; baseline 0.001 -10"><span class='ocrx_word' id='word_1_438' title='bbox 847 1079 930 1120; x_wconf 77' lang='lat' dir='ltr'>Ser.)</span> <span class='ocrx_word' id='word_1_439' title='bbox 963 1078 996 1109; x_wconf 89' lang='lat' dir='ltr'>in</span> <span class='ocrx_word' id='word_1_440' title='bbox 1020 1079 1070 1110; x_wconf 86' lang='lat' dir='ltr'>his</span> <span class='ocrx_word' id='word_1_441' title='bbox 1093 1079 1200 1110; x_wconf 86' lang='lat' dir='ltr'>verbis</span> <span class='ocrx_word' id='word_1_442' title='bbox 1223 1079 1338 1110; x_wconf 78' lang='lat' dir='ltr'>turbae</span> <span class='ocrx_word' id='word_1_443' title='bbox 1360 1092 1426 1111; x_wconf 88' lang='lat' dir='ltr'>non</span> <span class='ocrx_word' id='word_1_444' title='bbox 1451 1080 1531 1111; x_wconf 83' lang='lat' dir='ltr'>satis</span> <span class='ocrx_word' id='word_1_445' title='bbox 1554 1086 1609 1111; x_wconf 87' lang='lat' dir='ltr'>te-</span> 
     </span>
     <span class='ocr_line' id='line_1_66' title="bbox 845 1123 1607 1166; baseline 0.004 -13"><span class='ocrx_word' id='word_1_446' title='bbox 845 1130 975 1154; x_wconf 81' lang='lat' dir='ltr'>stantur</span> <span class='ocrx_word' id='word_1_447' title='bbox 997 1123 1217 1166; x_wconf 78' lang='lat' dir='ltr'>glossatorum</span> <span class='ocrx_word' id='word_1_448' title='bbox 1246 1124 1364 1155; x_wconf 80' lang='lat' dir='ltr'>malam</span> <span class='ocrx_word' id='word_1_449' title='bbox 1387 1124 1607 1157; x_wconf 84' lang='lat' dir='ltr'>sedulitatem.</span> 
     </span>
     <span class='ocr_line' id='line_1_67' title="bbox 843 1168 1609 1212; baseline 0.003 -12"><span class='ocrx_word' id='word_1_450' title='bbox 843 1171 984 1200; x_wconf 73' lang='lat' dir='ltr'>Klotzius</span> <span class='ocrx_word' id='word_1_451' title='bbox 1005 1168 1135 1211; x_wconf 89' lang='lat' dir='ltr'>quidem</span> <span class='ocrx_word' id='word_1_452' title='bbox 1157 1168 1307 1200; x_wconf 88' lang='lat' dir='ltr'>codicum</span> <span class='ocrx_word' id='word_1_453' title='bbox 1327 1169 1542 1212; x_wconf 80' lang='lat' dir='ltr'>scripturam:</span> <span class='ocrx_word' id='word_1_454' title='bbox 1565 1173 1609 1202; x_wconf 88' lang='lat' dir='ltr'>sic</span> 
     </span>
     <span class='ocr_line' id='line_1_68' title="bbox 844 1215 1609 1255; baseline 0.003 -11"><span class='ocrx_word' id='word_1_455' title='bbox 844 1217 877 1244; x_wconf 69' lang='lat' dir='ltr'>ut</span> <span class='ocrx_word' id='word_1_456' title='bbox 896 1215 1043 1245; x_wconf 76' lang='lat' dir='ltr'>tributum</span> <span class='ocrx_word' id='word_1_457' title='bbox 1063 1223 1083 1244; x_wconf 91' lang='lat' dir='ltr'>a</span> <span class='ocrx_word' id='word_1_458' title='bbox 1103 1215 1159 1245; x_wconf 80' lang='lat' dir='ltr'>deo</span> <span class='ocrx_word' id='word_1_459' title='bbox 1178 1216 1217 1245; x_wconf 77' lang='lat' dir='ltr'>sit</span> <span class='ocrx_word' id='word_1_460' title='bbox 1236 1216 1290 1246; x_wconf 81' lang='lat' dir='ltr'>hoc</span> <span class='ocrx_word' id='word_1_461' title='bbox 1303 1224 1334 1245; x_wconf 88' lang='lat' dir='ltr'>se</span> <span class='ocrx_word' id='word_1_462' title='bbox 1352 1217 1456 1254; x_wconf 79' lang='lat' dir='ltr'>ipsum</span> <span class='ocrx_word' id='word_1_463' title='bbox 1474 1225 1505 1254; x_wconf 83' lang='lat' dir='ltr'>p.</span> <span class='ocrx_word' id='word_1_464' title='bbox 1521 1225 1609 1255; x_wconf 73' lang='lat' dir='ltr'>coyn-</span> 
     </span>
     <span class='ocr_line' id='line_1_69' title="bbox 844 1257 1609 1302; baseline 0.003 -14"><span class='ocrx_word' id='word_1_465' title='bbox 844 1257 1000 1289; x_wconf 84' lang='lat' dir='ltr'>tuendam</span> <span class='ocrx_word' id='word_1_466' title='bbox 1031 1265 1144 1289; x_wconf 86' lang='lat' dir='ltr'>censet</span> <span class='ocrx_word' id='word_1_467' title='bbox 1173 1270 1309 1301; x_wconf 86' lang='lat' dir='ltr'>eamque</span> <span class='ocrx_word' id='word_1_468' title='bbox 1333 1259 1380 1289; x_wconf 89' lang='lat' dir='ltr'>sic</span> <span class='ocrx_word' id='word_1_469' title='bbox 1404 1259 1609 1302; x_wconf 80' lang='lat' dir='ltr'>interpreta-</span> 
     </span>
     <span class='ocr_line' id='line_1_70' title="bbox 844 1304 1609 1343; baseline 0.003 -10"><span class='ocrx_word' id='word_1_470' title='bbox 844 1310 915 1334; x_wconf 88' lang='lat' dir='ltr'>tur:</span> <span class='ocrx_word' id='word_1_471' title='bbox 953 1313 987 1334; x_wconf 87' lang='lat' dir='ltr'>so</span> <span class='ocrx_word' id='word_1_472' title='bbox 1019 1304 1093 1334; x_wconf 83' lang='lat' dir='ltr'>dass</span> <span class='ocrx_word' id='word_1_473' title='bbox 1121 1304 1203 1335; x_wconf 81' lang='lat' dir='ltr'>diese</span> <span class='ocrx_word' id='word_1_474' title='bbox 1234 1305 1395 1343; x_wconf 66' lang='lat' dir='ltr'>Fcthiyheit</span> <span class='ocrx_word' id='word_1_475' title='bbox 1426 1305 1491 1336; x_wconf 75' lang='lat' dir='ltr'>sich</span> <span class='ocrx_word' id='word_1_476' title='bbox 1519 1306 1609 1336; x_wconf 80' lang='lat' dir='ltr'>selbsl</span> 
     </span>
     <span class='ocr_line' id='line_1_71' title="bbox 844 1349 1609 1388; baseline 0 -9"><span class='ocrx_word' id='word_1_477' title='bbox 844 1349 961 1379; x_wconf 73' lang='lat' dir='ltr'>hermen</span> <span class='ocrx_word' id='word_1_478' title='bbox 982 1358 1021 1379; x_wconf 80' lang='lat' dir='ltr'>zu</span> <span class='ocrx_word' id='word_1_479' title='bbox 1040 1350 1142 1379; x_wconf 80' lang='lat' dir='ltr'>lernen</span> <span class='ocrx_word' id='word_1_480' title='bbox 1164 1358 1224 1380; x_wconf 78' lang='lat' dir='ltr'>von</span> <span class='ocrx_word' id='word_1_481' title='bbox 1247 1350 1315 1379; x_wconf 76' lang='lat' dir='ltr'>Gon</span> <span class='ocrx_word' id='word_1_482' title='bbox 1335 1351 1466 1388; x_wconf 71' lang='lat' dir='ltr'>9eyeben</span> <span class='ocrx_word' id='word_1_483' title='bbox 1487 1359 1525 1380; x_wconf 78' lang='lat' dir='ltr'>zu</span> <span class='ocrx_word' id='word_1_484' title='bbox 1544 1351 1609 1380; x_wconf 74' lang='lat' dir='ltr'>scin</span> 
     </span>
     <span class='ocr_line' id='line_1_72' title="bbox 844 1392 1609 1424; baseline 0.001 -1"><span class='ocrx_word' id='word_1_485' title='bbox 844 1394 969 1424; x_wconf 77' lang='lat' dir='ltr'>scheint.</span> <span class='ocrx_word' id='word_1_486' title='bbox 1018 1395 1062 1423; x_wconf 82' lang='lat' dir='ltr'>At</span> <span class='ocrx_word' id='word_1_487' title='bbox 1084 1392 1250 1424; x_wconf 85' lang='lat' dir='ltr'>verissime</span> <span class='ocrx_word' id='word_1_488' title='bbox 1269 1392 1367 1424; x_wconf 89' lang='lat' dir='ltr'>docet</span> <span class='ocrx_word' id='word_1_489' title='bbox 1391 1395 1510 1424; x_wconf 85' lang='lat' dir='ltr'>Keilius</span> <span class='ocrx_word' id='word_1_490' title='bbox 1531 1393 1551 1424; x_wconf 91' lang='lat' dir='ltr'>l.</span> <span class='ocrx_word' id='word_1_491' title='bbox 1577 1393 1609 1424; x_wconf 90' lang='lat' dir='ltr'>d.</span> 
     </span>
     <span class='ocr_line' id='line_1_73' title="bbox 845 1436 1610 1479; baseline 0.001 -12"><span class='ocrx_word' id='word_1_492' title='bbox 845 1437 877 1468; x_wconf 83' lang='lat' dir='ltr'>in</span> <span class='ocrx_word' id='word_1_493' title='bbox 901 1437 964 1468; x_wconf 79' lang='lat' dir='ltr'>hac</span> <span class='ocrx_word' id='word_1_494' title='bbox 986 1436 1148 1479; x_wconf 81' lang='lat' dir='ltr'>scriptura</span> <span class='ocrx_word' id='word_1_495' title='bbox 1169 1437 1254 1469; x_wconf 81' lang='lat' dir='ltr'>hanc</span> <span class='ocrx_word' id='word_1_496' title='bbox 1284 1437 1389 1468; x_wconf 88' lang='lat' dir='ltr'>inesse</span> <span class='ocrx_word' id='word_1_497' title='bbox 1410 1437 1610 1469; x_wconf 82' lang='lat' dir='ltr'>sententiam</span> 
     </span>
     <span class='ocr_line' id='line_1_74' title="bbox 844 1481 1609 1524; baseline 0.003 -12"><span class='ocrx_word' id='word_1_498' title='bbox 844 1481 1103 1524; x_wconf 80' lang='lat' dir='ltr'>ineptissimam:</span> <span class='ocrx_word' id='word_1_499' title='bbox 1136 1483 1280 1514; x_wconf 85' lang='lat' dir='ltr'>animum</span> <span class='ocrx_word' id='word_1_500' title='bbox 1310 1494 1407 1514; x_wconf 90' lang='lat' dir='ltr'>nosse</span> <span class='ocrx_word' id='word_1_501' title='bbox 1434 1482 1495 1514; x_wconf 86' lang='lat' dir='ltr'>nisi</span> <span class='ocrx_word' id='word_1_502' title='bbox 1520 1483 1609 1515; x_wconf 87' lang='lat' dir='ltr'>divi-</span> 
     </span>
     <span class='ocr_line' id='line_1_75' title="bbox 845 1527 1609 1564; baseline 0.001 -6"><span class='ocrx_word' id='word_1_503' title='bbox 845 1538 922 1558; x_wconf 87' lang='lat' dir='ltr'>num</span> <span class='ocrx_word' id='word_1_504' title='bbox 946 1533 1042 1564; x_wconf 82' lang='lat' dir='ltr'>esset,</span> <span class='ocrx_word' id='word_1_505' title='bbox 1069 1538 1134 1558; x_wconf 87' lang='lat' dir='ltr'>non</span> <span class='ocrx_word' id='word_1_506' title='bbox 1158 1534 1243 1559; x_wconf 90' lang='lat' dir='ltr'>esset</span> <span class='ocrx_word' id='word_1_507' title='bbox 1263 1527 1327 1560; x_wconf 84' lang='lat' dir='ltr'>hoc</span> <span class='ocrx_word' id='word_1_508' title='bbox 1347 1527 1482 1559; x_wconf 85' lang='lat' dir='ltr'>acrioris</span> <span class='ocrx_word' id='word_1_509' title='bbox 1499 1528 1609 1559; x_wconf 90' lang='lat' dir='ltr'>cuius-</span> 
     </span>
     <span class='ocr_line' id='line_1_76' title="bbox 846 1572 1611 1616; baseline 0.004 -13"><span class='ocrx_word' id='word_1_510' title='bbox 846 1572 920 1603; x_wconf 73' lang='lat' dir='ltr'>dam</span> <span class='ocrx_word' id='word_1_511' title='bbox 945 1572 1044 1603; x_wconf 85' lang='lat' dir='ltr'>animi</span> <span class='ocrx_word' id='word_1_512' title='bbox 1066 1579 1298 1616; x_wconf 80' lang='lat' dir='ltr'>praeceptum,</span> <span class='ocrx_word' id='word_1_513' title='bbox 1334 1572 1382 1604; x_wconf 84' lang='lat' dir='ltr'>sic</span> <span class='ocrx_word' id='word_1_514' title='bbox 1410 1578 1445 1603; x_wconf 88' lang='lat' dir='ltr'>ut</span> <span class='ocrx_word' id='word_1_515' title='bbox 1468 1574 1611 1606; x_wconf 78' lang='lat' dir='ltr'>divinum</span> 
     </span>
     <span class='ocr_line' id='line_1_77' title="bbox 843 1619 995 1649; baseline -0.007 0"><span class='ocrx_word' id='word_1_516' title='bbox 843 1619 922 1649; x_wconf 78' lang='lat' dir='ltr'>illud</span> <span class='ocrx_word' id='word_1_517' title='bbox 946 1620 995 1649; x_wconf 80' lang='lat' dir='ltr'>sit.</span> 
     </span>
    </p>

    <p class='ocr_par' dir='ltr' id='par_1_14' title="bbox 847 1661 1613 2057">
     <span class='ocr_line' id='line_1_78' title="bbox 914 1661 1610 1706; baseline 0.001 -12"><span class='ocrx_word' id='word_1_518' title='bbox 914 1662 942 1704; x_wconf 82' lang='lat'>§.</span> <span class='ocrx_word' id='word_1_519' title='bbox 964 1661 1019 1694; x_wconf 77' lang='lat'>53.</span> <span class='ocrx_word' id='word_1_520' title='bbox 1065 1665 1097 1694; x_wconf 88' lang='lat' dir='ltr'>in</span> <span class='ocrx_word' id='word_1_521' title='bbox 1120 1663 1277 1705; x_wconf 82' lang='lat' dir='ltr'>Phaedro]</span> <span class='ocrx_word' id='word_1_522' title='bbox 1312 1675 1343 1706; x_wconf 83' lang='lat' dir='ltr'>p.</span> <span class='ocrx_word' id='word_1_523' title='bbox 1364 1661 1449 1702; x_wconf 69' lang='lat'><strong>⁴245,</strong></span> <span class='ocrx_word' id='word_1_524' title='bbox 1483 1663 1610 1695; x_wconf 82' lang='lat' dir='ltr'>c—E.</span> 
     </span>
     <span class='ocr_line' id='line_1_79' title="bbox 848 1707 1609 1750; baseline 0.003 -13"><span class='ocrx_word' id='word_1_525' title='bbox 848 1707 898 1737; x_wconf 82' lang='lat' dir='ltr'>Cf.</span> <span class='ocrx_word' id='word_1_526' title='bbox 925 1707 990 1738; x_wconf 87' lang='lat' dir='ltr'>Cic.</span> <span class='ocrx_word' id='word_1_527' title='bbox 1016 1707 1056 1737; x_wconf 83' lang='lat' dir='ltr'>de</span> <span class='ocrx_word' id='word_1_528' title='bbox 1078 1707 1159 1750; x_wconf 86' lang='lat' dir='ltr'>Rep.</span> <span class='ocrx_word' id='word_1_529' title='bbox 1181 1709 1237 1746; x_wconf 86' lang='lat' dir='ltr'><strong>VI,</strong></span> <span class='ocrx_word' id='word_1_530' title='bbox 1264 1708 1318 1740; x_wconf 75' lang='lat'>25.</span> <span class='ocrx_word' id='word_1_531' title='bbox 1351 1707 1391 1739; x_wconf 88' lang='lat' dir='ltr'>de</span> <span class='ocrx_word' id='word_1_532' title='bbox 1414 1709 1490 1740; x_wconf 86' lang='lat' dir='ltr'>Sen.</span> <span class='ocrx_word' id='word_1_533' title='bbox 1508 1708 1609 1746; x_wconf 77' lang='lat' dir='ltr'><strong>XXI,</strong></span> 
     </span>
     <span class='ocr_line' id='line_1_80' title="bbox 847 1750 1611 1789; baseline 0 -6"><span class='ocrx_word' id='word_1_534' title='bbox 847 1750 901 1784; x_wconf 60' lang='grc'>78.</span> <span class='ocrx_word' id='word_1_535' title='bbox 936 1752 978 1782; x_wconf 87' lang='lat' dir='ltr'>N.</span> <span class='ocrx_word' id='word_1_536' title='bbox 1005 1753 1042 1783; x_wconf 90' lang='lat' dir='ltr'>D.</span> <span class='ocrx_word' id='word_1_537' title='bbox 1068 1753 1106 1783; x_wconf 88' lang='lat' dir='ltr'>Il.</span> <span class='ocrx_word' id='word_1_538' title='bbox 1133 1751 1184 1789; x_wconf 81' lang='lat'>12,</span> <span class='ocrx_word' id='word_1_539' title='bbox 1208 1751 1263 1784; x_wconf 77' lang='lat'>32.</span> <span class='ocrx_word' id='word_1_540' title='bbox 1314 1752 1479 1783; x_wconf 88' lang='lat' dir='ltr'>Ciceronis</span> <span class='ocrx_word' id='word_1_541' title='bbox 1503 1752 1611 1784; x_wconf 88' lang='lat' dir='ltr'>inter-</span> 
     </span>
     <span class='ocr_line' id='line_1_81' title="bbox 848 1796 1612 1838; baseline 0.003 -12"><span class='ocrx_word' id='word_1_542' title='bbox 848 1796 1069 1838; x_wconf 82' lang='lat' dir='ltr'>pretationem</span> <span class='ocrx_word' id='word_1_543' title='bbox 1105 1808 1177 1827; x_wconf 90' lang='lat' dir='ltr'>cum</span> <span class='ocrx_word' id='word_1_544' title='bbox 1200 1797 1346 1828; x_wconf 79' lang='lat' dir='ltr'>Platonis</span> <span class='ocrx_word' id='word_1_545' title='bbox 1376 1796 1483 1828; x_wconf 81' lang='lat' dir='ltr'>verbis</span> <span class='ocrx_word' id='word_1_546' title='bbox 1516 1808 1612 1828; x_wconf 75' lang='lat' dir='ltr'>com-</span> 
     </span>
     <span class='ocr_line' id='line_1_82' title="bbox 849 1840 1611 1883; baseline 0.003 -12"><span class='ocrx_word' id='word_1_547' title='bbox 849 1840 976 1883; x_wconf 81' lang='lat' dir='ltr'>paravit</span> <span class='ocrx_word' id='word_1_548' title='bbox 1002 1841 1149 1872; x_wconf 81' lang='lat' dir='ltr'>Muretus</span> <span class='ocrx_word' id='word_1_549' title='bbox 1174 1842 1213 1872; x_wconf 90' lang='lat' dir='ltr'>V.</span> <span class='ocrx_word' id='word_1_550' title='bbox 1240 1842 1278 1873; x_wconf 92' lang='lat' dir='ltr'>L.</span> <span class='ocrx_word' id='word_1_551' title='bbox 1303 1843 1400 1879; x_wconf 83' lang='lat' dir='ltr'><strong>VIII,</strong></span> <span class='ocrx_word' id='word_1_552' title='bbox 1426 1840 1457 1873; x_wconf 83' lang='grc'>3.</span> <span class='ocrx_word' id='word_1_553' title='bbox 1510 1841 1611 1873; x_wconf 83' lang='lat' dir='ltr'>Cete-</span> 
     </span>
     <span class='ocr_line' id='line_1_83' title="bbox 850 1885 1610 1918; baseline 0.003 -3"><span class='ocrx_word' id='word_1_554' title='bbox 850 1897 919 1916; x_wconf 76' lang='lat' dir='ltr'>ium</span> <span class='ocrx_word' id='word_1_555' title='bbox 954 1885 1035 1916; x_wconf 74' lang='lat' dir='ltr'>haec</span> <span class='ocrx_word' id='word_1_556' title='bbox 1072 1885 1218 1917; x_wconf 83' lang='lat' dir='ltr'>Platonis</span> <span class='ocrx_word' id='word_1_557' title='bbox 1260 1886 1345 1918; x_wconf 87' lang='lat' dir='ltr'>ratio</span> <span class='ocrx_word' id='word_1_558' title='bbox 1383 1892 1536 1918; x_wconf 80' lang='lat' dir='ltr'>accurate</span> <span class='ocrx_word' id='word_1_559' title='bbox 1570 1887 1610 1918; x_wconf 85' lang='lat' dir='ltr'>ab</span> 
     </span>
     <span class='ocr_line' id='line_1_84' title="bbox 850 1930 1613 1972; baseline 0.004 -12"><span class='ocrx_word' id='word_1_560' title='bbox 850 1930 1027 1961; x_wconf 80' lang='lat' dir='ltr'>Aristotele</span> <span class='ocrx_word' id='word_1_561' title='bbox 1050 1931 1195 1962; x_wconf 78' lang='lat' dir='ltr'>refutata</span> <span class='ocrx_word' id='word_1_562' title='bbox 1221 1938 1290 1972; x_wconf 85' lang='lat' dir='ltr'>est,</span> <span class='ocrx_word' id='word_1_563' title='bbox 1315 1930 1360 1962; x_wconf 87' lang='lat' dir='ltr'>uti</span> <span class='ocrx_word' id='word_1_564' title='bbox 1384 1937 1475 1962; x_wconf 85' lang='lat' dir='ltr'>recte</span> <span class='ocrx_word' id='word_1_565' title='bbox 1498 1938 1613 1963; x_wconf 84' lang='lat' dir='ltr'>monet</span> 
     </span>
     <span class='ocr_line' id='line_1_85' title="bbox 847 1975 1610 2014; baseline 0.001 -7"><span class='ocrx_word' id='word_1_566' title='bbox 847 1977 1039 2007; x_wconf 80' lang='lat' dir='ltr'>Bouhierius.</span> <span class='ocrx_word' id='word_1_567' title='bbox 1089 1975 1185 2014; x_wconf 77' lang='lat' dir='ltr'>Quod</span> <span class='ocrx_word' id='word_1_568' title='bbox 1209 1975 1296 2007; x_wconf 89' lang='lat' dir='ltr'>enim</span> <span class='ocrx_word' id='word_1_569' title='bbox 1321 1976 1415 2008; x_wconf 85' lang='lat' dir='ltr'>Plato</span> <span class='ocrx_word' id='word_1_570' title='bbox 1437 1976 1478 2007; x_wconf 90' lang='lat' dir='ltr'>de</span> <span class='ocrx_word' id='word_1_571' title='bbox 1500 1976 1610 2008; x_wconf 86' lang='lat' dir='ltr'>animo</span> 
     </span>
     <span class='ocr_line' id='line_1_86' title="bbox 849 2019 1372 2057; baseline 0.004 -7"><span class='ocrx_word' id='word_1_572' title='bbox 849 2019 949 2057; x_wconf 87' lang='lat' dir='ltr'>dicit,</span> <span class='ocrx_word' id='word_1_573' title='bbox 974 2019 1009 2050; x_wconf 87' lang='lat' dir='ltr'>id</span> <span class='ocrx_word' id='word_1_574' title='bbox 1033 2020 1092 2051; x_wconf 87' lang='lat' dir='ltr'>soli</span> <span class='ocrx_word' id='word_1_575' title='bbox 1117 2020 1180 2052; x_wconf 90' lang='lat' dir='ltr'>deo</span> <span class='ocrx_word' id='word_1_576' title='bbox 1207 2021 1372 2053; x_wconf 77' lang='lat' dir='ltr'>convenit.</span> 
     </span>
    </p>

    <p class='ocr_par' dir='ltr' id='par_1_15' title="bbox 848 2064 1613 2903">
     <span class='ocr_line' id='line_1_87' title="bbox 929 2064 1613 2107; baseline 0.004 -12"><span class='ocrx_word' id='word_1_577' title='bbox 929 2064 1006 2096; x_wconf 61' lang='grc' dir='ltr'>(λιι).</span> <span class='ocrx_word' id='word_1_578' title='bbox 1030 2066 1161 2098; x_wconf 81' lang='lat' dir='ltr'><strong>XXIII.</strong></span> <span class='ocrx_word' id='word_1_579' title='bbox 1207 2068 1348 2106; x_wconf 81' lang='lat' dir='ltr'>quodque</span> <span class='ocrx_word' id='word_1_580' title='bbox 1382 2069 1522 2107; x_wconf 70' lang='lat' dir='ltr'>ayitamr</span> <span class='ocrx_word' id='word_1_581' title='bbox 1551 2069 1613 2098; x_wconf 87' lang='lat' dir='ltr'>ali-</span> 
     </span>
     <span class='ocr_line' id='line_1_88' title="bbox 848 2109 1610 2153; baseline 0.003 -12"><span class='ocrx_word' id='word_1_582' title='bbox 848 2109 960 2153; x_wconf 82' lang='lat' dir='ltr'>cunde]</span> <span class='ocrx_word' id='word_1_583' title='bbox 991 2109 1044 2142; x_wconf 90' lang='lat' dir='ltr'>Sic</span> <span class='ocrx_word' id='word_1_584' title='bbox 1065 2122 1091 2143; x_wconf 89' lang='lat' dir='ltr'>c.</span> <span class='ocrx_word' id='word_1_585' title='bbox 1116 2110 1172 2143; x_wconf 84' lang='lat' dir='ltr'>Kl.</span> <span class='ocrx_word' id='word_1_586' title='bbox 1197 2112 1281 2142; x_wconf 86' lang='lat' dir='ltr'>Mos.</span> <span class='ocrx_word' id='word_1_587' title='bbox 1302 2112 1357 2144; x_wconf 88' lang='lat' dir='ltr'>Tr.</span> <span class='ocrx_word' id='word_1_588' title='bbox 1379 2123 1397 2145; x_wconf 81' lang='lat' dir='ltr'>e</span> <span class='ocrx_word' id='word_1_589' title='bbox 1416 2112 1451 2143; x_wconf 78' lang='lat' dir='ltr'>R.</span> <span class='ocrx_word' id='word_1_590' title='bbox 1476 2111 1561 2143; x_wconf 88' lang='lat' dir='ltr'>Gud.</span> <span class='ocrx_word' id='word_1_591' title='bbox 1582 2111 1610 2143; x_wconf 92' lang='lat'>1.</span> 
     </span>
     <span class='ocr_line' id='line_1_89' title="bbox 850 2154 1611 2198; baseline 0.005 -13"><span class='ocrx_word' id='word_1_592' title='bbox 850 2157 890 2186; x_wconf 84' lang='lat'>11.</span> <span class='ocrx_word' id='word_1_593' title='bbox 912 2154 944 2185; x_wconf 75' lang='lat'>⁴2.</span> <span class='ocrx_word' id='word_1_594' title='bbox 981 2155 1117 2198; x_wconf 80' lang='lat' dir='ltr'>aliisque</span> <span class='ocrx_word' id='word_1_595' title='bbox 1152 2156 1249 2188; x_wconf 87' lang='lat' dir='ltr'>codd.</span> <span class='ocrx_word' id='word_1_596' title='bbox 1285 2163 1318 2188; x_wconf 88' lang='lat' dir='ltr'>et</span> <span class='ocrx_word' id='word_1_597' title='bbox 1350 2156 1500 2189; x_wconf 83' lang='lat' dir='ltr'>nonnull.</span> <span class='ocrx_word' id='word_1_598' title='bbox 1536 2156 1611 2189; x_wconf 85' lang='lat' dir='ltr'>edd.</span> 
     </span>
     <span class='ocr_line' id='line_1_90' title="bbox 849 2200 1612 2243; baseline 0 -12"><span class='ocrx_word' id='word_1_599' title='bbox 849 2206 930 2231; x_wconf 85' lang='lat' dir='ltr'>vett.</span> <span class='ocrx_word' id='word_1_600' title='bbox 968 2200 1082 2243; x_wconf 87' lang='lat' dir='ltr'>scripsi</span> <span class='ocrx_word' id='word_1_601' title='bbox 1124 2212 1186 2243; x_wconf 88' lang='lat' dir='ltr'>pro</span> <span class='ocrx_word' id='word_1_602' title='bbox 1222 2201 1307 2243; x_wconf 86' lang='lat' dir='ltr'>vulg.</span> <span class='ocrx_word' id='word_1_603' title='bbox 1343 2203 1481 2233; x_wconf 76' lang='lat' dir='ltr'>aliunde.</span> <span class='ocrx_word' id='word_1_604' title='bbox 1541 2200 1612 2231; x_wconf 74' lang='lat' dir='ltr'>Pari</span> 
     </span>
     <span class='ocr_line' id='line_1_91' title="bbox 849 2244 1611 2286; baseline 0 -11"><span class='ocrx_word' id='word_1_605' title='bbox 849 2244 949 2276; x_wconf 89' lang='lat' dir='ltr'>modo</span> <span class='ocrx_word' id='word_1_606' title='bbox 973 2246 1172 2277; x_wconf 83' lang='lat' dir='ltr'>fluctuantur</span> <span class='ocrx_word' id='word_1_607' title='bbox 1193 2245 1290 2276; x_wconf 84' lang='lat' dir='ltr'>codd.</span> <span class='ocrx_word' id='word_1_608' title='bbox 1315 2245 1356 2276; x_wconf 88' lang='lat' dir='ltr'>de</span> <span class='ocrx_word' id='word_1_609' title='bbox 1377 2246 1457 2286; x_wconf 86' lang='lat' dir='ltr'>Rep.</span> <span class='ocrx_word' id='word_1_610' title='bbox 1479 2246 1534 2277; x_wconf 85' lang='lat' dir='ltr'>VI.</span> <span class='ocrx_word' id='word_1_611' title='bbox 1557 2245 1611 2282; x_wconf 73' lang='lat'>25,</span> 
     </span>
     <span class='ocr_line' id='line_1_92' title="bbox 849 2288 1611 2330; baseline -0.005 -9"><span class='ocrx_word' id='word_1_612' title='bbox 849 2288 909 2322; x_wconf 72' lang='lat'>27:</span> <span class='ocrx_word' id='word_1_613' title='bbox 953 2289 997 2320; x_wconf 86' lang='lat' dir='ltr'>ibi</span> <span class='ocrx_word' id='word_1_614' title='bbox 1032 2290 1146 2320; x_wconf 73' lang='lat' dir='ltr'>eadem</span> <span class='ocrx_word' id='word_1_615' title='bbox 1180 2290 1279 2320; x_wconf 83' lang='lat' dir='ltr'>verba</span> <span class='ocrx_word' id='word_1_616' title='bbox 1312 2289 1476 2330; x_wconf 76' lang='lat' dir='ltr'>leguntur.</span> <span class='ocrx_word' id='word_1_617' title='bbox 1534 2289 1611 2320; x_wconf 77' lang='lat' dir='ltr'>Aliis</span> 
     </span>
     <span class='ocr_line' id='line_1_93' title="bbox 851 2333 1611 2377; baseline -0.001 -12"><span class='ocrx_word' id='word_1_618' title='bbox 851 2345 978 2377; x_wconf 82' lang='lat' dir='ltr'>quoque</span> <span class='ocrx_word' id='word_1_619' title='bbox 1023 2335 1104 2365; x_wconf 84' lang='lat' dir='ltr'>locis</span> <span class='ocrx_word' id='word_1_620' title='bbox 1146 2335 1228 2365; x_wconf 64' lang='lat' dir='ltr'>haec</span> <span class='ocrx_word' id='word_1_621' title='bbox 1271 2333 1336 2364; x_wconf 87' lang='lat' dir='ltr'>(luo</span> <span class='ocrx_word' id='word_1_622' title='bbox 1380 2334 1538 2365; x_wconf 58' lang='lat' dir='ltr'>voc-nbula</span> <span class='ocrx_word' id='word_1_623' title='bbox 1580 2334 1611 2364; x_wconf 85' lang='lat' dir='ltr'>iu</span> 
     </span>
     <span class='ocr_line' id='line_1_94' title="bbox 852 2378 1612 2411; baseline 0 -2"><span class='ocrx_word' id='word_1_624' title='bbox 852 2378 948 2410; x_wconf 83' lang='lat' dir='ltr'>codd.</span> <span class='ocrx_word' id='word_1_625' title='bbox 973 2378 1230 2409; x_wconf 83' lang='lat' dir='ltr'>conlunduntur.</span> <span class='ocrx_word' id='word_1_626' title='bbox 1265 2379 1303 2410; x_wconf 87' lang='lat' dir='ltr'>V.</span> <span class='ocrx_word' id='word_1_627' title='bbox 1327 2379 1459 2410; x_wconf 70' lang='lat' dir='ltr'>ll&#39;esenb.</span> <span class='ocrx_word' id='word_1_628' title='bbox 1486 2380 1553 2411; x_wconf 81' lang='lat' dir='ltr'>Em</span> <span class='ocrx_word' id='word_1_629' title='bbox 1573 2380 1612 2409; x_wconf 85' lang='lat' dir='ltr'><strong>II.</strong></span> 
     </span>
     <span class='ocr_line' id='line_1_95' title="bbox 852 2422 1611 2466; baseline 0.001 -13"><span class='ocrx_word' id='word_1_630' title='bbox 852 2436 883 2466; x_wconf 91' lang='lat' dir='ltr'>p</span> <span class='ocrx_word' id='word_1_631' title='bbox 910 2422 950 2453; x_wconf 93' lang='grc'>14</span> <span class='ocrx_word' id='word_1_632' title='bbox 968 2434 1036 2464; x_wconf 88' lang='lat' dir='ltr'>sq,</span> <span class='ocrx_word' id='word_1_633' title='bbox 1074 2422 1128 2464; x_wconf 91' lang='lat' dir='ltr'>qui</span> <span class='ocrx_word' id='word_1_634' title='bbox 1162 2422 1369 2454; x_wconf 75' lang='lat' dir='ltr'>sciibendum</span> <span class='ocrx_word' id='word_1_635' title='bbox 1407 2430 1517 2476; x_wconf 53' lang='lat' dir='ltr'>quse(</span> <span class='ocrx_word' id='word_1_636' title='bbox 1552 2426 1611 2455; x_wconf 79' lang='lat' dir='ltr'>uli-</span> 
     </span>
     <span class='ocr_line' id='line_1_96' title="bbox 853 2464 1612 2509; baseline 0.004 -11"><span class='ocrx_word' id='word_1_637' title='bbox 853 2470 896 2503; x_wconf 69' lang='lat' dir='ltr'>Ic</span> <span class='ocrx_word' id='word_1_638' title='bbox 902 2469 994 2505; x_wconf 70' lang='lat' dir='ltr'>mule,</span> <span class='ocrx_word' id='word_1_639' title='bbox 1020 2478 1135 2509; x_wconf 83' lang='lat' dir='ltr'>neque</span> <span class='ocrx_word' id='word_1_640' title='bbox 1157 2467 1230 2509; x_wconf 78' lang='lat' dir='ltr'>qnia</span> <span class='ocrx_word' id='word_1_641' title='bbox 1245 2467 1286 2498; x_wconf 84' lang='grc' dir='ltr'>ΡΙ</span> <span class='ocrx_word' id='word_1_642' title='bbox 1283 2467 1389 2498; x_wconf 66' lang='lat' dir='ltr'>..tonis</span> <span class='ocrx_word' id='word_1_643' title='bbox 1412 2464 1491 2501; x_wconf 71' lang='grc' dir='ltr'>ἄλλο</span> <span class='ocrx_word' id='word_1_644' title='bbox 1505 2469 1612 2501; x_wconf 62' lang='lat' dir='ltr'>mos»</span> 
     </span>
     <span class='ocr_line' id='line_1_97' title="bbox 854 2491 1611 2566; baseline 0.003 -24"><span class='ocrx_word' id='word_1_645' title='bbox 854 2491 1003 2542; x_wconf 79' lang='lat' dir='ltr'>Ciceroni</span> <span class='ocrx_word' id='word_1_646' title='bbox 1025 2511 1082 2542; x_wconf 85' lang='lat' dir='ltr'>sit:</span> <span class='ocrx_word' id='word_1_647' title='bbox 1108 2514 1191 2552; x_wconf 79' lang='lat' dir='ltr'>quod</span> <span class='ocrx_word' id='word_1_648' title='bbox 1213 2517 1328 2544; x_wconf 77' lang='lat' dir='ltr'>motum</span> <span class='ocrx_word' id='word_1_649' title='bbox 1348 2515 1439 2553; x_wconf 74' lang='lat' dir='ltr'>affert</span> <span class='ocrx_word' id='word_1_650' title='bbox 1462 2516 1611 2566; x_wconf 61' lang='grc' dir='ltr'>(ιΗσιιιίζ</span> 
     </span>
     <span class='ocr_line' id='line_1_98' title="bbox 853 2555 1602 2600; baseline 0.006 -14"><span class='ocrx_word' id='word_1_651' title='bbox 853 2555 975 2587; x_wconf 85' lang='lat' dir='ltr'>idcirco</span> <span class='ocrx_word' id='word_1_652' title='bbox 999 2568 1130 2587; x_wconf 85' lang='lat' dir='ltr'>necesse</span> <span class='ocrx_word' id='word_1_653' title='bbox 1152 2569 1221 2588; x_wconf 85' lang='lat' dir='ltr'>esse</span> <span class='ocrx_word' id='word_1_654' title='bbox 1248 2565 1342 2600; x_wconf 84' lang='lat' dir='ltr'>putat</span> <span class='ocrx_word' id='word_1_655' title='bbox 1367 2558 1465 2589; x_wconf 79' lang='lat' dir='ltr'>etiam</span> <span class='ocrx_word' id='word_1_656' title='bbox 1495 2570 1533 2589; x_wconf 83' lang='lat' dir='ltr'>ex</span> <span class='ocrx_word' id='word_1_657' title='bbox 1558 2556 1602 2591; x_wconf 68' lang='grc' dir='ltr'>ὖ,-</span> 
     </span>
     <span class='ocr_line' id='line_1_99' title="bbox 854 2596 1611 2642; baseline 0 -9"><span class='ocrx_word' id='word_1_658' title='bbox 854 2596 953 2633; x_wconf 70' lang='grc' dir='ltr'><strong>ἄλλο.)</strong></span> <span class='ocrx_word' id='word_1_659' title='bbox 977 2600 1044 2632; x_wconf 77' lang='lat' dir='ltr'>fieri</span> <span class='ocrx_word' id='word_1_660' title='bbox 1067 2602 1230 2642; x_wconf 75' lang='lat' dir='ltr'>alicunde3</span> <span class='ocrx_word' id='word_1_661' title='bbox 1266 2602 1402 2634; x_wconf 53' lang='lat' dir='ltr'>rationis</span> <span class='ocrx_word' id='word_1_662' title='bbox 1437 2602 1522 2634; x_wconf 72' lang='lat' dir='ltr'>enim</span> <span class='ocrx_word' id='word_1_663' title='bbox 1549 2603 1611 2634; x_wconf 83' lang='lat' dir='ltr'>vim</span> 
     </span>
     <span class='ocr_line' id='line_1_100' title="bbox 854 2645 1612 2690; baseline 0.003 -14"><span class='ocrx_word' id='word_1_664' title='bbox 854 2645 886 2676; x_wconf 88' lang='lat' dir='ltr'>in</span> <span class='ocrx_word' id='word_1_665' title='bbox 914 2645 1052 2677; x_wconf 89' lang='lat' dir='ltr'>duorum</span> <span class='ocrx_word' id='word_1_666' title='bbox 1076 2653 1241 2685; x_wconf 88' lang='lat' dir='ltr'>motuum,</span> <span class='ocrx_word' id='word_1_667' title='bbox 1277 2651 1394 2679; x_wconf 71' lang='grc' dir='ltr'>ωΙενηῐ</span> <span class='ocrx_word' id='word_1_668' title='bbox 1423 2648 1542 2690; x_wconf 56' lang='lat' dir='ltr'>(alienu,</span> <span class='ocrx_word' id='word_1_669' title='bbox 1580 2655 1612 2678; x_wconf 83' lang='lat' dir='ltr'>et</span> 
     </span>
     <span class='ocr_line' id='line_1_101' title="bbox 854 2692 1611 2735; baseline 0.001 -14"><span class='ocrx_word' id='word_1_670' title='bbox 854 2693 1005 2723; x_wconf 75' lang='lat' dir='ltr'>interioris</span> <span class='ocrx_word' id='word_1_671' title='bbox 1051 2693 1124 2734; x_wconf 76' lang='lat' dir='ltr'>(sui)</span> <span class='ocrx_word' id='word_1_672' title='bbox 1140 2717 1150 2733; x_wconf 83' lang='lat'>‚</span> <span class='ocrx_word' id='word_1_673' title='bbox 1194 2693 1281 2723; x_wconf 72' lang='lat' dir='ltr'>inter</span> <span class='ocrx_word' id='word_1_674' title='bbox 1324 2704 1358 2723; x_wconf 76' lang='lat' dir='ltr'>se</span> <span class='ocrx_word' id='word_1_675' title='bbox 1402 2692 1611 2735; x_wconf 77' lang='lat' dir='ltr'>oppositi0n1¹</span> 
     </span>
     <span class='ocr_line' id='line_1_102' title="bbox 855 2735 1610 2780; baseline 0.001 -14"><span class='ocrx_word' id='word_1_676' title='bbox 855 2746 984 2766; x_wconf 88' lang='lat' dir='ltr'>omnem</span> <span class='ocrx_word' id='word_1_677' title='bbox 1014 2736 1118 2767; x_wconf 85' lang='lat' dir='ltr'>inesse</span> <span class='ocrx_word' id='word_1_678' title='bbox 1152 2740 1195 2779; x_wconf 72' lang='lat' dir='ltr'>(v.</span> <span class='ocrx_word' id='word_1_679' title='bbox 1220 2740 1247 2780; x_wconf 51' lang='grc' dir='ltr'>ἧ.</span> <span class='ocrx_word' id='word_1_680' title='bbox 1263 2737 1317 2768; x_wconf 73' lang='grc'><strong>54.</strong></span> <span class='ocrx_word' id='word_1_681' title='bbox 1368 2738 1407 2768; x_wconf 93' lang='grc' dir='ltr'>Ν.</span> <span class='ocrx_word' id='word_1_682' title='bbox 1464 2738 1532 2769; x_wconf 86' lang='grc'><strong>,11.</strong></span> <span class='ocrx_word' id='word_1_683' title='bbox 1560 2735 1610 2774; x_wconf 81' lang='grc'>12,</span> 
     </span>
     <span class='ocr_line' id='line_1_103' title="bbox 854 2778 1613 2824; baseline 0.004 -14.016"><span class='ocrx_word' id='word_1_684' title='bbox 854 2778 933 2822; x_wconf 75' lang='grc'><strong>32.).</strong></span> <span class='ocrx_word' id='word_1_685' title='bbox 979 2781 1032 2813; x_wconf 83' lang='lat' dir='ltr'>Sic</span> <span class='ocrx_word' id='word_1_686' title='bbox 1053 2782 1081 2824; x_wconf 63' lang='lat'>§5</span> <span class='ocrx_word' id='word_1_687' title='bbox 1097 2779 1386 2823; x_wconf 69' lang='grc' dir='ltr'>54.Ρ1ιι[.μ·ἠδ</span> <span class='ocrx_word' id='word_1_688' title='bbox 1408 2781 1444 2821; x_wconf 72' lang='grc' dir='ltr'>ἐξ</span> <span class='ocrx_word' id='word_1_689' title='bbox 1475 2780 1547 2817; x_wconf 77' lang='grc' dir='ltr'>ἑνός</span> <span class='ocrx_word' id='word_1_690' title='bbox 1568 2798 1613 2803; x_wconf 90' lang='grc'><strong>-</strong></span> 
     </span>
     <span class='ocr_line' id='line_1_104' title="bbox 856 2823 1610 2860; baseline -0.003 -2"><span class='ocrx_word' id='word_1_691' title='bbox 856 2823 892 2858; x_wconf 67' lang='grc' dir='ltr'>ἐκ</span> <span class='ocrx_word' id='word_1_692' title='bbox 922 2837 978 2859; x_wconf 81' lang='grc' dir='ltr'>του</span> <span class='ocrx_word' id='word_1_693' title='bbox 997 2845 1042 2850; x_wconf 94' lang='grc'><strong>-</strong></span> <span class='ocrx_word' id='word_1_694' title='bbox 1072 2825 1109 2860; x_wconf 76' lang='grc' dir='ltr'>ἔκ</span> <span class='ocrx_word' id='word_1_695' title='bbox 1142 2839 1198 2860; x_wconf 80' lang='grc' dir='ltr'>του</span> <span class='ocrx_word' id='word_1_696' title='bbox 1232 2827 1424 2858; x_wconf 77' lang='lat' dir='ltr'>Ciceionem</span> <span class='ocrx_word' id='word_1_697' title='bbox 1458 2825 1610 2856; x_wconf 82' lang='lat' dir='ltr'>vertisse:</span> 
     </span>
     <span class='ocr_line' id='line_1_105' title="bbox 854 2869 1580 2903; baseline -0.001 -2"><span class='ocrx_word' id='word_1_698' title='bbox 854 2869 940 2902; x_wconf 85' lang='lat' dir='ltr'>nulla</span> <span class='ocrx_word' id='word_1_699' title='bbox 964 2882 1003 2902; x_wconf 76' lang='lat' dir='ltr'>ex</span> <span class='ocrx_word' id='word_1_700' title='bbox 1027 2883 1062 2902; x_wconf 78' lang='grc' dir='ltr'>ιε</span> <span class='ocrx_word' id='word_1_701' title='bbox 1086 2874 1150 2903; x_wconf 76' lang='lat' dir='ltr'>alia</span> <span class='ocrx_word' id='word_1_702' title='bbox 1172 2890 1216 2895; x_wconf 91' lang='lat'>-—</span> <span class='ocrx_word' id='word_1_703' title='bbox 1236 2873 1363 2902; x_wconf 76' lang='lat' dir='ltr'>aliunde</span> <span class='ocrx_word' id='word_1_704' title='bbox 1384 2889 1420 2893; x_wconf 83' lang='lat'>—</span> <span class='ocrx_word' id='word_1_705' title='bbox 1448 2872 1486 2901; x_wconf 84' lang='lat' dir='ltr'>ab</span> <span class='ocrx_word' id='word_1_706' title='bbox 1507 2871 1580 2901; x_wconf 81' lang='lat' dir='ltr'>alio.</span> 
     </span>
    </p>

    <p class='ocr_par' dir='ltr' id='par_1_16' title="bbox 920 2914 1611 2956">
     <span class='ocr_line' id='line_1_106' title="bbox 920 2914 1611 2956; baseline -0.003 -9"><span class='ocrx_word' id='word_1_707' title='bbox 920 2925 956 2947; x_wconf 80' lang='lat' dir='ltr'>ue</span> <span class='ocrx_word' id='word_1_708' title='bbox 990 2919 1106 2948; x_wconf 78' lang='lat' dir='ltr'>moveri</span> <span class='ocrx_word' id='word_1_709' title='bbox 1140 2918 1277 2956; x_wconf 63' lang='lat' dir='ltr'>quidem}</span> <span class='ocrx_word' id='word_1_710' title='bbox 1319 2915 1357 2945; x_wconf 91' lang='grc'><strong>11.</strong></span> <span class='ocrx_word' id='word_1_711' title='bbox 1385 2926 1436 2956; x_wconf 48' lang='grc' dir='ltr'>(κ,</span> <span class='ocrx_word' id='word_1_712' title='bbox 1473 2914 1519 2945; x_wconf 83' lang='lat' dir='ltr'>nti</span> <span class='ocrx_word' id='word_1_713' title='bbox 1548 2925 1611 2946; x_wconf 89' lang='lat' dir='ltr'>no-</span> 
     </span>
    </p>
   </div>
  </div>
 </body>
</html>
