1863 3221
231 94 314 137 420

235 188 303 225 40.
340 180 418 223 Sed
450 180 537 221 mihi
563 179 742 219 videntur
763 175 879 215 etiam
911 176 1138 216 beatissimi.

822 98 981 129 LlssER
1008 99 1046 129 V.
1077 96 1134 133 14.
1160 96 1213 130 40.

1201 174 1303 229 Quid
1335 177 1437 218 enim
1464 179 1573 219 deest
1599 180 1645 220 ad
1679 179 1790 220 beate

237 255 442 296 vivendum
468 253 526 302 ei,
561 251 621 304 qui
640 248 796 289 confidit
819 248 901 288 suis
926 247 1067 288 bonis?
1098 255 1164 289 aut
1181 249 1244 303 qui
1268 249 1420 302 diffidit,
1454 251 1589 292 beatus
1614 266 1701 293 esse
1725 252 1791 305 qui

236 328 390 384 potest?
449 326 504 365 At
533 323 674 363 diffidat
705 335 868 361 necesse
900 328 981 371 est,
1017 321 1078 375 qui
1112 321 1213 361 bona
1245 322 1379 362 dividit
1411 322 1602 377 tripertito
1618 327 1655 363 ⁹.

350 396 467 439 XIV.
530 394 609 448 Qui
647 394 748 434 enim
790 394 932 447 poterit
970 401 1038 434 aut
1077 394 1251 447 eorporis
1295 395 1474 435 firmitate
1516 402 1581 435 aut
1613 397 1791 436 fortunae

236 473 443 514 stabilitate
470 469 695 509 confidere?
753 467 896 521 Atqui,
930 467 1003 506 nisi
1025 466 1151 507 stabili
1176 474 1215 506 et
1236 467 1313 506 fixo
1335 474 1373 507 et
1394 475 1647 521 permanente
1672 468 1790 510 bono.

236 547 369 586 beatus
390 556 478 583 esse
510 555 623 582 nemo
642 547 782 595 potest.

235 617 407 658 Laconis
425 615 512 655 illud
538 615 678 654 (lictum
701 613 738 653 in
759 612 829 652 hos
851 613 989 652 cadere
1010 613 1203 661 videatur,
1238 612 1298 666 qui
1321 612 1502 666 glorianti
1523 614 1670 653 cuidam
1692 627 1793 654 mer-

847 538 947 593 Quid
977 553 1071 592 ergo
1100 539 1290 579 eiusmodi
1313 540 1475 580 istorum
1500 542 1586 581 est?
1628 548 1669 581 ut
1703 542 1791 580 milii

235 690 380 740 catori,
425 688 523 742 quod
559 686 697 726 multas
735 699 856 726 naves
891 685 929 725 in
963 699 1115 725 omnem
1150 699 1257 725 oram
1294 686 1521 725 maritimam
1558 685 1790 726 dimisisset:

240 763 342 805 Non
360 775 464 804 sane
482 759 684 813 optabilis
702 758 868 813 quidem
885 759 968 799 isla
982 760 1018 809 ¹,
1040 758 1177 811 inquit,
1202 758 1451 799 ‘rudentibus
1471 764 1578 811 apta
1593 758 1792 812 sertmea.

328 860 351 895 9
376 862 429 894 Sic
451 863 505 894 Or.
528 872 555 892 c
580 861 617 891 R.
642 859 709 903 (hic
730 859 879 901 tripertio)
906 859 990 890 Gud.
1009 859 1036 893 1,
1061 859 1100 889 ΙΙ.
1125 858 1216 890 Mon.
1234 857 1262 890 1.
1276 857 1306 890 2.
1331 858 1437 890 Marb.
1462 858 1558 891 ἶίῃᾶ.
1570 857 1602 890 2.
1626 870 1687 902 pro
1708 859 1795 900 vulg.

241 911 364 948 tripart.
409 907 504 938 XIV.
546 905 560 936 1
587 904 672 937 Edd.
685 910 766 937 vett.
789 905 860 936 fere
881 915 994 936 omnes
1012 907 1072 936 ista
1093 905 1237 942 quidem.-
1262 903 1348 945 quod
1375 903 1522 951 praefert
1545 906 1620 935 Wes.
1636 906 1659 935 Ι.
1684 915 1716 947 Ρ.
1729 902 1793 937 22ς

240 954 340 985 etiam
364 953 457 983 Mon.
471 949 503 982 2.
526 949 627 981 habet
648 952 708 980 ista
733 951 855 988 quidem
880 953 943 988 est,
966 951 1049 988 inq.·
1038 974 1047 989 ,
1073 953 1107 978 at
1129 959 1159 979 v.
1180 947 1222 978 ad
1246 949 1302 978 Ill.
1323 945 1383 989 19,
1408 946 1461 980 46.

307 1021 337 1061 ς.
358 1016 412 1050 40.
460 1019 554 1049 etiam
585 1016 765 1056 beatissimi]
802 1014 836 1046 si
859 1026 939 1046 vero
965 1014 1000 1045 id

239 1064 370 1095 beatum
402 1068 470 1099 est,
509 1061 561 1092 cui
593 1060 673 1091 nihil
706 1060 819 1097 deest,
854 1059 1000 1102 sequitui

239 1108 360 1148 etiam,
395 1113 450 1145 ut,
486 1105 540 1156 qui
564 1104 693 1137 virtutis
719 1110 889 1147 compotes
913 1110 999 1143 suut,

238 1152 337 1184 etiam
351 1131 537 1182 beatissimi
566 1149 642 1180 sint.
692 1149 776 1180 Nam
801 1148 856 1192 qui
878 1147 1001 1180 virtute

238 1196 406 1240 praeditus
432 1202 500 1233 est,
538 1193 676 1226 confidit
699 1194 764 1225 suis
788 1193 906 1231 bonis3
945 1193 1000 1236 qui

238 1249 348 1274 autem
370 1239 507 1272 confidit
529 1239 594 1270 suis
616 1239 724 1277 bonis,
751 1239 780 1270 ei
803 1238 883 1269 nihil
907 1238 1002 1269 deest

238 1286 280 1319 ad
299 1287 394 1318 beate
409 1284 603 1321 vivendum3
630 1295 708 1326 ergo
731 1283 832 1315 virtus
850 1283 892 1315 ad
907 1283 1003 1314 beate

240 1331 416 1363 vivendum
439 1341 474 1361 se
506 1329 577 1371 ipsa
608 1336 658 1360 est
691 1335 859 1360 contenta.
908 1331 951 1359 At
976 1328 1002 1358 si

239 1382 371 1418 praeter
394 1375 547 1406 virtutem
578 1373 677 1404 etiam
699 1373 847 1415 corporis
870 1378 901 1403 et
927 1372 1003 1403 for-

239 1428 338 1452 tunae
371 1420 458 1451 bona
481 1424 690 1456 statuuntur,
725 1418 793 1449 vita
818 1417 914 1448 beata
939 1428 1003 1448 una

240 1465 361 1497 virtute
382 1463 470 1494 effici
492 1474 558 1493 non
579 1468 712 1504 potest3
737 1473 812 1493 nam
835 1461 888 1503 qui
908 1460 1001 1492 diffi-

240 1509 290 1541 dit
312 1508 377 1540 suis
401 1507 495 1539 bonis
518 1513 562 1546 et,
589 1518 630 1538 ne
653 1506 732 1549 quid
757 1518 797 1538 ex
817 1506 855 1537 iis
879 1505 1002 1548 deper-

241 1553 316 1591 dat,
342 1553 460 1593 timet,
482 1551 597 1583 beatus
621 1562 691 1582 esse
712 1562 777 1582 non
802 1557 932 1593 potest3
967 1556 1001 1581 at

239 1597 372 1630 diffidat
396 1607 528 1628 necesse
553 1602 621 1635 est,
656 1595 711 1638 qui
743 1595 805 1626 tria
838 1596 1001 1627 bonorum

239 1654 360 1686 genera
382 1641 489 1684 ponit,
514 1641 588 1684 quia
609 1647 643 1672 et
665 1640 813 1683 corporis
835 1647 867 1671 et
888 1640 1001 1671 fortu-

239 1699 300 1719 nae
324 1687 409 1718 bona
435 1686 520 1717 fluxa
542 1692 618 1716 sunt
643 1692 742 1727 atque
766 1685 906 1727 fiagilia.

308 1732 384 1764 Car.
409 1731 501 1762 XIV.
545 1732 726 1762 rudentibus
751 1709 838 1769 aptat)
859 1730 999 1779 fortuna]

238 1778 280 1808 H.
305 1788 333 1808 e.
369 1776 504 1807 fortuna
528 1786 545 1806 a
569 1774 761 1805 rudentibus
793 1781 848 1805 aut
871 1773 1001 1816 navigio

238 1820 397 1864 pendens.
448 1820 498 1850 Cf.
534 1819 576 1850 ad
606 1819 662 1857 12,
688 1818 749 1851 36:
789 1830 828 1850 ex
862 1830 897 1850 se
929 1818 1000 1860 ipso

240 1872 329 1909 apta.
362 1867 410 1896 De
432 1864 594 1895 sententia
616 1863 659 1895 cf.
681 1863 847 1895 Plutarch.
862 1863 1002 1906 Apoph—

238 1911 361 1953 thegm.
387 1910 509 1941 Lacon.
534 1921 566 1951 p.
587 1908 671 1940 237:
708 1907 792 1949 πρὸς
813 1906 869 1942 τὸν
894 1919 1003 1950 μακα-

241 1955 368 1998 ρίζοντα
380 1952 514 1996 Λάμπιν
535 1952 590 1987 τὸν
598 1950 794 2001 Αἰγινητην,
819 1950 906 1986 διότι
928 1951 1002 1986 ἐδό-

240 2011 292 2033 κει
314 1997 557 2039 πλουσιώτερος
582 2001 664 2030 εἰναι
685 1995 878 2050 ναυκληρια
899 1995 1004 2030 πολὶὰ

241 2043 338 2100 ἔχων,
363 2042 485 2076 Λάκων
508 2046 615 2076 eum·
643 2038 694 2074 Ου
714 2042 869 2085 προσέχω
890 2038 1003 2075 ευδαι-

242 2088 338 2132 μῠνίᾳ
364 2086 402 2120 ἐκ
428 2086 578 2129 σγο.νίων
601 2082 834 2129 ἀπηρτημένῃ.

307 2142 366 2171 quo
388 2134 452 2162 vita
488 2133 578 2161 beata
611 2132 814 2172 compleatur]
853 2130 1003 2172 Plerique

241 2174 339 2207 codd.
361 2186 420 2216 quo
440 2185 468 2207 v.
490 2177 518 2205 b.
538 2176 764 2213 complacitum
789 2174 883 2216 pauci
906 2174 1004 2206 codd.

241 2226 274 2251 et
296 2219 370 2251 edd.
395 2226 476 2251 vett.
500 2226 576 2250 ante
600 2219 637 2249 D.
659 2218 691 2250 2.
714 2221 796 2258 quod
819 2229 847 2250 v.
871 2221 898 2250 b.
921 2229 1003 2250 corn-

238 2267 390 2305 plectitur.
436 2263 601 2294 Bentleius
621 2263 806 2294 acutissime
828 2262 1003 2304 legendum

242 2309 382 2340 coniecit
414 2310 602 2348 completur,
650 2307 739 2349 quod
776 2307 900 2349 recepit
937 2309 1001 2343 Or.

242 2353 466 2396 Wopkensins
481 2354 588 2384 Lectt.
602 2351 689 2383 Tull.
708 2364 739 2394 p.
757 2350 829 2384 148.
848 2354 1003 2391 complea-

242 2403 302 2438 tur,
325 2397 413 2441 quod
434 2397 749 2440 piaetuli,p1imuni
772 2397 814 2427 ob
837 2407 1003 2438 gramma-

241 2443 360 2481 ticam,
384 2453 467 2485 quae
488 2441 623 2484 requirit
647 2441 902 2477 coniunctivum,
928 2441 1003 2472 dein

244 2487 318 2528 quia
339 2498 377 2517 ex
396 2487 457 2518 hac
473 2487 633 2528 scriptura
652 2486 779 2517 facilius
798 2485 1002 2527 intelligitur,

243 2530 331 2561 unde
370 2531 554 2572 corruptela
595 2533 803 2571 complectitur
847 2531 1005 2572 originem

244 2586 334 2606 suam
349 2575 494 2607 traxerit.
534 2577 582 2605 De
598 2587 627 2606 v.
643 2577 816 2615 complendi
839 2576 882 2607 cf.
907 2587 933 2606 e.
954 2575 1003 2613 16,

244 2619 306 2652 47:
343 2620 390 2650 his
422 2622 518 2650 vitam
550 2622 671 2650 beatam
695 2623 839 2658 compleri
873 2626 1005 2662 negant.

244 2663 472 2699 Fin.111.1·,2
494 2664 554 2694 41ε
580 2667 725 2702 compleri
744 2667 843 2696 vitam
864 2667 1004 2696 beatam:

245 2707 300 2739 ubi
323 2720 354 2739 v.
376 2708 572 2746 Madviyium
595 2718 626 2748 p.
641 2706 704 2741 417
718 2719 765 2750 sq
802 2710 840 2741 V.
863 2708 916 2746 24,
943 2709 1002 2742 71:

244 2754 393 2792 complent
426 2762 463 2782 ea
496 2750 626 2793 quidem
657 2754 867 2785 beatissimam
897 2756 1004 2785 vitam.

244 2796 367 2828 Eadem
387 2796 568 2838 scripturae
593 2796 779 2838 corruptela
799 2798 886 2829 infra
908 2809 934 2831 c.
950 2796 1005 2837 24,

242 2842 296 2875 70.
324 2839 591 2883 deprehenditur.

322 2888 350 2928 ᾇ.
374 2884 425 2918 41.
474 2888 572 2916 tutum
608 2893 689 2922 esse,
725 2887 1007 2926 inexpuynabilem,

243 2934 384 2970 saeptum
417 2933 509 2971 alque
538 2929 716 2970 munitum]
759 2930 938 2969 Madvigius
971 2930 1005 2961 in

1036 1015 1154 1054 Opusc.
1182 1016 1237 1043 Ac.
1264 1014 1287 1043 Ι.
1314 1025 1346 1055 Ρ.
1364 1012 1429 1045 333
1443 1025 1513 1056 sqq.
1549 1021 1580 1044 et
1615 1020 1730 1056 postea
1754 1014 1796 1045 ad

1035 1057 1106 1087 Fiu.
1129 1058 1182 1094 1V,
1202 1060 1256 1088 ¹30.
1281 1068 1312 1099 p.
1329 1058 1394 1090 570
1405 1069 1452 1099 sq.
1476 1060 1701 1089 demonstrare
1723 1065 1799 1089 stu-

1035 1102 1115 1142 det,
1153 1101 1344 1133 Ciceronem
1377 1101 1410 1132 in
1445 1105 1538 1134 trium
1570 1110 1626 1133 aut
1658 1105 1794 1142 plurium

1035 1146 1270 1178 vocabulorum
1293 1146 1548 1186 enumeratione,
1573 1147 1598 1178 si
1621 1150 1725 1179 eodem
1747 1158 1796 1179 or-

1035 1193 1106 1223 dine
1128 1195 1155 1222 et
1178 1194 1251 1230 pari
1273 1193 1422 1231 dignitate
1453 1192 1655 1234 procedant,
1692 1204 1797 1235 copu-

1036 1235 1101 1266 lam
1136 1243 1192 1267 aut
1239 1236 1271 1266 in
1307 1236 1442 1278 singulis
1477 1244 1627 1278 repetere
1674 1237 1794 1278 (hone-

1036 1287 1086 1311 ste
1108 1285 1134 1311 ει
1151 1280 1317 1323 sapienter
1339 1285 1366 1312 et
1384 1281 1493 1321 iuste),
1520 1289 1575 1312 aut
1594 1281 1625 1312 in
1647 1281 1797 1313 omnibus

1038 1325 1191 1356 omittere
1217 1325 1328 1368 (hom,
1353 1337 1441 1367 sap.,
1466 1326 1582 1367 iuste);
1611 1326 1665 1357 ubi
1687 1333 1798 1358 autem

1038 1376 1220 1401 extremum
1245 1381 1310 1400 non
1342 1370 1478 1412 aequale
1500 1371 1543 1402 sit
1565 1370 1796 1402 antecedenti-

1036 1413 1107 1452 bus,
1133 1421 1223 1445 recte
1245 1414 1323 1444 addi
1345 1414 1507 1456 copulam.
1546 1416 1634 1456 Ergo
1659 1415 1711 1446 ubi
1733 1415 1797 1446 duo

1038 1465 1181 1489 extrema
1198 1459 1229 1489 in
1251 1469 1348 1489 unum
1367 1459 1608 1502 coniunguntur
1631 1466 1663 1490 et
1680 1459 1715 1490 id
1736 1471 1798 1490 an-

1036 1502 1263 1534 tecedentibus
1284 1510 1439 1546 tanquam
1460 1504 1624 1535 diversum
1645 1503 1798 1546 adiungi-

1036 1553 1100 1584 tur,
1126 1555 1214 1579 recte
1241 1548 1375 1590 ponitur
1399 1549 1535 1591 copula,
1562 1549 1609 1579 uti
1632 1549 1664 1580 h.
1687 1549 1708 1580 l.
1732 1548 1798 1580 duo

1035 1598 1111 1622 sunt
1133 1592 1282 1631 ordines,
1308 1592 1413 1634 prior:
1439 1597 1539 1624 tutum
1563 1603 1646 1633 esse,
1667 1595 1799 1633 ineoepu—

1034 1639 1209 1676 9⁷1abilem,
1233 1637 1334 1668 alter:
1358 1642 1499 1677 saeptum
1519 1642 1609 1678 atque
1629 1640 1800 1669 munitum:

1037 1681 1079 1712 cf.
1107 1682 1131 1711 1.
1157 1681 1218 1719 33),
1245 1682 1305 1714 CO:
1332 1682 1571 1724 aegritudines,
1595 1682 1663 1713 irae
1685 1682 1797 1713 libidi-

1036 1737 1158 1768 nesque
1203 1726 1281 1768 (duo
1318 1734 1464 1758 extrema
1499 1738 1596 1758 unum
1622 1726 1796 1768 efficiunt).

1038 1771 1093 1801 Ill.
1123 1773 1182 1808 Ιὸ,
1208 1772 1262 1803 59.
1287 1772 1342 1802 IV.
1365 1772 1418 1808 30,
1440 1770 1503 1804 64:
1530 1772 1584 1803 ubi
1601 1778 1696 1804 terna
1719 1783 1797 1803 ora-

1036 1815 1136 1846 tionis
1157 1815 1302 1846 membra
1325 1815 1555 1858 distinguenda
1578 1823 1671 1854 sunt3
1695 1816 1796 1848 item—

1037 1871 1100 1902 que
1124 1859 1178 1890 ubi
1197 1867 1378 1891 extremum
1403 1861 1515 1903 dispar
1536 1869 1585 1892 est
1606 1867 1638 1892 et
1659 1867 1797 1892 antece-

1037 1904 1190 1936 dentibus
1226 1905 1370 1936 eiusdem
1406 1906 1535 1947 generis
1570 1905 1738 1937 vocabulis
1779 1917 1796 1936 e

1038 1949 1205 1981 contrario
1224 1950 1369 1992 ponitur,
1395 1950 1442 1981 uti
1460 1952 1512 1981 ΙΙΙ.
1534 1951 1564 1988 2,
1580 1951 1619 1983 3:
1647 1951 1795 1993 (poetae)

1038 1994 1233 2032 audiuntur,
1268 1994 1439 2036 leguntur,
1474 1993 1663 2026 ediscuntur
1692 2000 1718 2027 et
1743 1995 1796 2026 in-

1037 2038 1232 2070 haerescunt
1253 2040 1382 2081 peuitus
1404 2039 1437 2070 in
1458 2040 1636 2071 mentibus:
1665 2039 1718 2071 ubi
1738 2051 1797 2071 ex—

1037 2090 1178 2114 tremum
1212 2083 1337 2126 aliquid
1365 2091 1438 2125 est,
1473 2085 1563 2127 quod
1598 2097 1637 2115 ex
1661 2091 1798 2116 antece—

1038 2127 1189 2158 dentibus
1223 2128 1365 2159 eflicitur
1403 2132 1459 2170 (Ξ
1482 2129 1568 2160 unde
1589 2129 1645 2168 fit,
1680 2135 1716 2160 ut
1743 2129 1798 2160 in-

1037 2171 1256 2211 ham-escant).
1292 2173 1346 2202 IV.
1372 2174 1420 2210 15,
1444 2172 1506 2205 34:
1532 2176 1689 2213 omnisque
1710 2180 1800 2204 recta

1038 2216 1137 2246 ratio:
1174 2227 1256 2258 quae
1290 2217 1519 2247 antecedentia
1557 2218 1797 2259 complectitur.

1042 2260 1161 2291 Eadem
1182 2260 1265 2291 ratio
1287 2267 1347 2298 est,
1374 2261 1426 2292 ubi
1446 2261 1716 2293 antecedentibus
1735 2273 1797 2293 vo—

1040 2305 1161 2336 cabulis
1186 2305 1350 2336 adduntur
1374 2305 1473 2337 verba
1501 2310 1527 2337 et
1547 2310 1666 2345 cetera,
1700 2310 1726 2338 et
1750 2316 1798 2338 re-

1038 2352 1143 2389 liqua,
1178 2354 1205 2381 et.
1235 2352 1373 2390 similia,·
1406 2362 1480 2381 nam
1510 2357 1711 2389 extremum,
1749 2362 1797 2387 ea,

1039 2406 1122 2436 quae
1162 2402 1332 2436 praeterea
1368 2395 1655 2427 commemoranda
1694 2403 1797 2433 erant,

1040 2439 1322 2481 comprehendens
1356 2439 1627 2471 antecedentibus
1663 2451 1680 2471 e
1715 2451 1799 2472 con-

1038 2485 1140 2515 trario
1165 2484 1316 2526 ponitur,
1353 2495 1536 2526 quanquam
1566 2484 1599 2515 in
1633 2484 1694 2515 hac
1725 2485 1799 2516 for—

1039 2529 1125 2560 mula
1158 2529 1361 2571 frequentius
1397 2529 1561 2560 omittitur
1595 2528 1729 2570 copula,
1766 2541 1797 2559 v.

1039 2573 1081 2604 ad
1114 2574 1167 2605 IV.
1194 2573 1258 2610 31,
1283 2573 1337 2605 66.
1388 2573 1450 2611 Qui
1483 2580 1591 2604 autem
1627 2572 1690 2603 loci
1726 2584 1798 2604 cnm

1038 2618 1086 2649 his
1108 2618 1293 2660 praeceptis
1311 2617 1477 2649 conciliari
1498 2628 1562 2648 non
1581 2617 1716 2659 possint,
1742 2629 1798 2648 eos

1039 2665 1219 2703 Madviqius
1241 2669 1412 2704 corruptos
1434 2673 1502 2692 esse
1523 2668 1555 2691 et
1577 2661 1797 2692 emendandos

1040 2714 1162 2739 censet.
1197 2707 1286 2738 Idem
1305 2706 1407 2737 sensit
1422 2708 1647 2746 Wesenberya‘us
1661 2707 1729 2737 Em.
1743 2708 1797 2737 ΙΙΙ.

1040 2764 1072 2794 Ρ.
1102 2752 1139 2785 17
1157 2763 1205 2794 sq.
1254 2751 1375 2793 Negari
1411 2749 1541 2792 quidem
1575 2762 1641 2781 non
1676 2757 1796 2792 potest,

1042 2795 1284 2838 Madvigianum
1302 2801 1511 2838 praeceptum
1532 2794 1631 2836 longe
1652 2795 1798 2837 plurimis

1040 2852 1106 2872 non
1128 2841 1235 2872 solum
1260 2839 1444 2877 Ciceronis,
1470 2838 1528 2869 sed
1553 2840 1697 2870 omnium
1720 2839 1798 2870 dili—

1041 2885 1227 2928 gentiorum
1258 2885 1453 2926 scriptorum
1486 2883 1564 2914 locis
1592 2884 1798 2920 confirmari3

1040 2937 1149 2962 tamen
1175 2929 1205 2961 ei
1227 2929 1309 2967 loci,
1346 2928 1378 2959 in
1403 2928 1518 2970 quibus
1545 2929 1661 2971 copula
1685 2928 1799 2960 addita
