1863 3221
215 81 283 117 Xll
777 85 993 118 EPISTOLA
1018 83 1222 115 EDITORIS

349 181 414 227 Ac
436 180 625 241 primum
653 177 852 238 quidem,
900 192 1034 236 quum
1059 175 1236 222 Tullius
1260 177 1550 223 academicum
1573 176 1773 238 philoso-

213 271 377 333 phandi
413 284 577 331 genus,
627 268 744 327 quod
781 282 939 328 parum
969 265 1191 329 cognitum
1224 281 1271 311 ac
1302 271 1580 329 perspectum
1612 267 1774 313 multos

212 365 298 408 iam
327 361 373 406 in
409 374 584 406 errores
607 357 821 404 abstraxit
844 357 1093 418 ineptisque
1126 357 1177 401 de
1203 359 1358 402 nostro
1391 356 1654 418 philosopho
1690 356 1775 403 im-

210 450 305 497 buit
330 448 634 511 opinionibus,
671 451 847 494 secutus
869 447 952 505 sit,
988 446 1098 492 nihil
1118 445 1247 504 mihi,
1284 446 1459 507 planam
1481 447 1774 493 adolescenti-

210 541 291 585 bus
314 555 361 584 ac
386 543 549 585 certam
572 554 656 598 qua
676 538 723 584 in
746 537 945 599 legendis
970 536 1196 583 Ciceronis
1220 536 1271 581 de
1294 535 1573 597 philosophia
1594 536 1772 598 scriptis

208 628 334 674 firmo
361 628 617 675 incederent
645 628 754 689 pede
782 628 897 674 viam
920 626 1191 688 patefacturo
1207 662 1218 684 ,
1265 625 1422 672 melius
1447 626 1678 687 aptiusque
1703 626 1772 672 vi-

209 734 307 764 sum
330 723 420 776 est,
467 734 596 778 qnam
625 718 687 776 si,
738 733 846 777 quae
871 717 1055 763 maxime
1081 721 1278 778 spectare
1304 717 1563 764 viderentur
1592 716 1646 762 ad
1668 731 1772 777 per-

211 808 457 869 cipiendam
482 812 686 868 recteque
721 807 1044 853 diiudicandam
1069 806 1401 853 Ciceronianam
1429 804 1773 868 philosophandi

209 898 450 957 rationem,
500 914 629 958 quam
653 898 911 945 brevissime
949 897 1147 959 exposita
1175 896 1259 942 toti
1286 896 1400 942 libro
1426 895 1771 958 praemitterem.

208 988 327 1047 Iam,
374 988 580 1048 quoniam
603 987 650 1035 in
676 988 942 1034 illustrando
966 987 1079 1034 libro
1106 987 1157 1033 de
1183 985 1462 1048 philosophia
1488 985 1653 1046 scripto
1677 984 1773 1046 pri-

208 1093 277 1122 ma
300 1094 347 1123 ac
370 1078 605 1138 praecipua
625 1077 884 1138 interpretis
909 1093 1011 1123 cura
1031 1077 1078 1122 in
1102 1092 1152 1123 eo
1178 1076 1324 1137 posita
1349 1091 1444 1122 esse
1470 1076 1620 1133 debet,
1655 1079 1705 1120 ut
1729 1079 1772 1120 et

205 1166 440 1213 universae
465 1166 778 1227 disputationis
800 1170 931 1211 tenor
953 1166 1272 1222 constituatur,
1310 1169 1353 1209 et
1371 1165 1645 1224 singularum
1667 1179 1772 1210 sen-

205 1257 445 1302 tentiarum
467 1270 607 1302 nexus
630 1255 898 1312 enucleetur,
919 1254 1108 1315 singulis
1123 1253 1474 1299 Tusculanarum
1493 1253 1620 1299 libris
1645 1254 1769 1313 quasi

208 1347 424 1406 quendam
447 1350 751 1407 conspectum,
790 1361 875 1405 quo
899 1344 1049 1405 paucis
1075 1343 1304 1405 complecti
1324 1343 1496 1401 studui,
1535 1358 1642 1402 quae
1670 1343 1771 1388 lon-

206 1437 399 1498 gissimis
422 1452 550 1497 saepe
573 1435 930 1482 adnotationibus
953 1433 1155 1495 exposuit
1176 1433 1215 1479 N
1219 1433 1374 1492 eidius,
1410 1432 1632 1494 praemisi,
1669 1437 1771 1478 tan-

206 1543 336 1586 quam
368 1527 521 1572 ducem
547 1530 723 1572 secutus
747 1541 838 1571 non
863 1524 1139 1581 Ernestium,
1175 1523 1297 1569 cuius
1322 1527 1595 1585 argumenta,
1632 1522 1769 1568 Tullii

207 1617 258 1662 de
283 1616 562 1678 philosophia
585 1616 710 1662 libris
732 1615 949 1677 praefixa,
986 1614 1103 1660 haud
1125 1614 1310 1659 multum
1331 1628 1435 1660 sane
1460 1611 1692 1658 conferunt
1714 1612 1769 1657 ad

205 1706 498 1753 adiuvandam
518 1706 786 1767 scriptorum
807 1705 1160 1766 intelligentiam,
1197 1704 1274 1749 sed
1297 1703 1375 1749 Fr.
1396 1702 1455 1749 H.
1478 1702 1698 1749 Kernium
1710 1701 1768 1762 *),

205 1796 281 1856 qui
308 1796 353 1842 in
387 1795 668 1842 conficiendis
702 1794 1079 1852 Tusculanarum,
1126 1793 1450 1855 elegantissime
1481 1809 1504 1838 a
1530 1807 1576 1838 se
1608 1792 1655 1838 in
1687 1808 1767 1853 pa-

202 1885 339 1931 trium
364 1901 614 1932 sermonem
637 1900 978 1942 conversarum,
1024 1883 1295 1944 argumentis
1317 1883 1378 1928 ita
1407 1882 1675 1940 elaboravit,
1717 1886 1767 1927 ut

202 1980 296 2021 tota
324 1975 562 2036 disputatio
590 1975 644 2019 ad
666 1990 835 2020 summa
859 1973 998 2020 veluti
1023 1973 1162 2034 capita
1184 1977 1388 2020 revocata
1410 1972 1487 2018 uni
1510 1971 1634 2032 quasi
1660 1987 1765 2018 con-

203 2064 372 2125 spectui
412 2063 715 2110 subiiceretur.
797 2062 892 2108 Hac
930 2062 1065 2123 igitur
1103 2062 1306 2107 instituta
1337 2062 1508 2108 ratione
1545 2078 1677 2121 quum
1714 2077 1765 2107 ex

204 2153 282 2212 eis,
321 2169 429 2214 quae
453 2154 505 2200 de
528 2153 754 2200 Ciceronis
770 2151 1112 2214 philosophandi
1134 2151 1304 2197 ratione
1327 2151 1465 2211 deque
1489 2150 1765 2212 singulorum

204 2243 556 2289 Tusculanarum
582 2243 797 2289 librorum
822 2242 1092 2304 argumentis
1118 2241 1315 2303 exposita
1342 2245 1469 2299 sunt,
1505 2239 1655 2287 multis
1679 2240 1765 2286 im-

201 2334 362 2394 peditis
388 2334 645 2395 magnisque
669 2333 999 2379 difficultatibus
1028 2331 1265 2378 obstructis
1289 2331 1398 2376 locis
1425 2330 1667 2376 clarissima
1686 2330 1762 2376 lux

202 2422 367 2468 affundi
388 2424 640 2483 videretur3
674 2427 822 2469 tamen
844 2422 892 2468 in
912 2422 1021 2484 ipsis
1043 2422 1172 2467 etiam
1196 2420 1567 2480 adnotationibus,
1601 2424 1651 2466 ut
1672 2436 1761 2466 non

200 2513 345 2559 solum
381 2511 677 2558 difficiliorum
708 2513 906 2559 locorum
941 2511 1205 2558 sententiam
1241 2511 1480 2572 aperirem,
1516 2511 1595 2556 sed
1631 2510 1761 2555 etiam

199 2602 459 2648 interiorem
491 2602 810 2648 sententiarum
833 2617 994 2649 nexum
1029 2601 1303 2663 expedirem,
1353 2604 1558 2659 quantam
1583 2614 1761 2661 possem

199 2692 430 2738 maximam
454 2692 724 2752 diligentiam
746 2691 1032 2737 adhibendam
1055 2691 1222 2753 putavi.
1295 2689 1422 2749 Quod
1444 2694 1586 2735 autem
1607 2689 1759 2746 multa,

290 2825 322 2868 ¹⁶)
350 2824 525 2856 Ro'mische
548 2824 720 2856 Prosaiker
738 2824 770 2855 iu
791 2834 896 2854 neuen
919 2823 1214 2864 Ueberselzungen.
1251 2823 1308 2856 ΙΙΙ.
1335 2823 1389 2854 IV.
1416 2823 1455 2855 V.
1487 2822 1543 2853 ud.
1592 2824 1755 2863 stuttgart

203 2890 295 2924 [³527.
