1832 3137
393 90 640 123 PRAEFATIO
668 90 713 122 ΙΝ
738 90 944 123 TERTiAM
969 90 1229 122 EDITIONEM.
1510 83 1597 120 XIX

39 186 178 232 adhuc
205 185 351 231 collati
380 188 485 230 sunt
513 185 708 230 codicum
735 184 840 243 quin
865 183 1014 229 nullus
1037 182 1324 244 archetypum
1350 185 1594 230 censendus

39 277 120 335 sit,
156 276 229 323 vix
254 291 301 322 ac
328 291 382 321 116
409 276 480 322 vix
508 274 682 334 quidem
719 273 909 319 dubitari
933 277 1094 334 potest.
1164 273 1266 335 Ipse
1304 273 1378 319 ille
1408 274 1595 336 Regius‚

41 382 170 427 quem
215 365 358 428 primo
408 365 503 411 loco
552 362 903 419 nonnuavimus,
961 363 1160 422 quamvis
1208 363 1452 411 iustissimo
1502 365 1596 411 iure

40 457 233 502 omnium
259 456 464 517 princeps
492 454 724 510 habeatur,
761 452 911 497 multis
939 456 1085 498 tamen
1104 454 1274 499 mendis
1302 458 1344 500 et
1368 460 1598 517 corrupte-

36 547 108 605 lis,
139 547 288 606 eisque
311 562 400 592 non
426 545 611 601 levibus,
641 543 717 589 sed
747 557 875 603 saepe
902 541 1194 602 gravissimis,
1230 545 1414 591 laborat.
1475 546 1598 592 Idem

39 638 319 683 statuendum
345 640 412 681 est
442 636 493 681 de
518 633 702 693 reliquis
727 648 837 692 quos
861 633 991 678 modo
1018 632 1335 694 appellavimus
1362 636 1594 682 codicibus.

40 727 205 773 Contra
229 742 320 772 non
345 724 495 787 paucis
526 724 659 783 locis,
706 723 753 769 in
782 723 939 783 quibus
965 722 1011 769 hi
1035 727 1185 784 aperte
1223 728 1454 785 corruptas
1487 727 1597 771 scri-

35 821 188 879 pturas
209 815 432 863 mordicus
452 818 619 872 tenent,
657 813 697 859 ei
717 813 902 872 codices,
941 830 1051 874 quos
1075 813 1399 875 (leteriorum*)
1422 816 1598 862 nomine

36 907 250 968 complexi
275 921 451 964 sumus,
489 920 741 967 germanam
767 903 992 951 Ciceronis
1021 904 1266 950 orationem
1291 912 1598 955 servaverunt.

172 997 284 1043 Post
309 995 523 1044 Orellium
550 996 601 1041 de
629 995 778 1041 critica
816 994 972 1040 horum
999 994 1215 1041 librorum
1241 995 1411 1042 ratione
1437 997 1597 1059 optime
1629 1049 1634 1051 ,

39 1088 184 1133 meriti
209 1091 313 1133 sunt
334 1082 603 1129 Reinoldus
627 1083 872 1136 Klotzius,
913 1084 1144 1142 Georgia&
1172 1086 1405 1128 Henm'cns
1427 1087 1598 1135 Moser,

38 1176 222 1220 Paulus
249 1174 553 1236 Hagerupius
583 1171 812 1232 Tregder,
848 1172 1030 1231 Dauus,
1069 1190 1255 1232 quorum
1277 1174 1478 1221 virorum
1503 1181 1598 1223 stu-

38 1267 120 1312 diis
157 1266 228 1312 via
263 1266 317 1310 ad
348 1264 592 1325 scripturae
630 1262 979 1309 emendationem
1014 1263 1187 1324 egregie
1220 1268 1496 1324 praestructa
1533 1272 1599 1312 est

36 1360 165 1415 atque
201 1353 491 1416 praemunita.

174 1444 224 1492 Si
249 1445 397 1491 critica
420 1444 467 1491 in
492 1444 756 1492 Tusculanis
781 1446 918 1492 multo
941 1461 1056 1491 nunc
1077 1445 1272 1493 firmiore
1297 1447 1432 1507 pede,
1471 1463 1599 1507 quam

37 1541 189 1594 antea,
235 1536 437 1582 incedere
461 1539 635 1597 potest3
670 1536 716 1582 id
737 1536 785 1582 in
811 1536 966 1597 primis
996 1536 1177 1582 eximiae
1206 1536 1389 1581 Moseri
1412 1537 1600 1599 diligen-

37 1627 121 1672 tiae
150 1631 278 1686 atque
303 1626 547 1672 industriae
573 1631 795 1687 acceptum
821 1626 1101 1672 referendum
1125 1630 1205 1673 est.
1278 1627 1359 1673 Vir
1382 1627 1497 1674 enim
1521 1628 1599 1674 do-

41 1717 261 1763 ctissimus
285 1722 375 1763 non
395 1717 526 1763 modo
555 1717 801 1778 complures
826 1733 969 1764 novos
997 1718 1167 1764 codices
1189 1718 1530 1780 manuscriptos,
1555 1718 1601 1764 111

41 1807 198 1867 quibus
225 1811 293 1853 est
319 1807 730 1868 praestantissimus
760 1807 989 1854 Gudianus
1023 1807 1218 1868 primus,
1263 1809 1339 1854 sed
1370 1808 1502 1854 etiam
1530 1809 1601 1854 111-

36 1901 210 1959 gentem
245 1897 485 1942 editionum
522 1902 721 1944 veterum
752 1897 1077 1942 multitudinem
1109 1897 1179 1942 vel
1206 1896 1300 1957 ipse
1334 1899 1603 1960 comparavit

37 1988 108 2033 vel
145 2002 223 2047 per
259 1986 369 2032 alios
402 1987 736 2048 comparandam
773 1986 943 2033 curavit
978 1986 1308 2048 scripturaeque
1345 1988 1602 2035 varietatem

39 2076 254 2137 singulari
277 2077 462 2136 quadam
487 2092 589 2122 cura
615 2076 824 2123 enotavit.
897 2076 996 2123 Huc
1021 2076 1200 2135 accedit,
1238 2078 1355 2138 quod
1377 2078 1488 2140 ipse,
1528 2078 1602 2125 ci-

40 2165 262 2212 ceroniani
282 2167 500 2212 sermonis
520 2167 811 2228 gnarissimus
833 2171 875 2213 et
897 2168 947 2213 ab
971 2167 1090 2213 omni
1110 2167 1358 2214 temeritate
1381 2169 1602 2215 alienissi-

40 2272 161 2314 mus,
198 2256 391 2302 criticam
414 2257 562 2303 sobrio
586 2257 746 2303 iudicio
774 2262 816 2303 et
837 2273 993 2320 magna
1017 2272 1113 2304 611111
1141 2259 1341 2305 cautione
1362 2259 1603 2305 factitavit:

41 2361 119 2391 nec
140 2346 330 2392 dubitari
354 2351 525 2407 potest,
573 2349 679 2407 quin
707 2348 845 2394 multo
880 2348 1081 2410 pluribus
1111 2349 1220 2394 locis
1249 2348 1475 2395 Ciceronis
1503 2365 1604 2395 ora—

42 2434 206 2480 tionem
239 2436 582 2481 emendatiorem
613 2442 656 2483 et
688 2438 1013 2499 castigatiorem
1054 2437 1327 2484 exhibiturus
1361 2438 1520 2497 suerit,
1566 2439 1602 2485 si

42 2524 210 2583 111111115,
248 2525 512 2572 verecundia
537 2527 720 2585 quadam
745 2527 1023 2588 superiorum
1059 2527 1279 2574 editorum
1303 2529 1602 2591 praepeditus,

41 2615 198 2661 horum
236 2615 459 2671 virorum,
510 2632 636 2676 quam
674 2617 866 2663 codicum
905 2633 1085 2663 suorum
1123 2619 1371 2665 auctoritati
1423 2620 1602 2679 obsequi

43 2704 282 2751 maluisset.

133 2907 162 2948 *)
189 2909 227 2938 V.
254 2919 313 2940 nos
338 2908 370 2939 111
397 2909 569 2950 prolegom
606 2920 634 2949 1).
660 2908 707 2940 11.
