1832 3137
0 731 2 800 l

0 811 2 900 l

661 48 1007 82 PROLEGOMENA.
1584 39 1604 79 Τ

45 133 121 170 Sed
142 133 267 183 probe
291 131 502 170 tenendum
521 138 599 178 est,
629 130 856 168 Ciceronem
879 130 952 179 eis,
990 131 1031 167 iu
1055 131 1200 181 quibus
1232 133 1403 168 Graecos
1425 138 1605 167 auctores

42 207 199 238 secutus
221 206 296 248 est,
334 213 448 237 suum
474 199 601 249 ipsum
628 197 856 236 adiunxisse
871 197 1125 250 iudiciunfl).
1187 200 1228 236 ln
1259 197 1457 235 imitandis
1478 203 1606 234 autem

43 275 162 317 atque
181 267 448 318 exprimendis
469 268 712 304 Graecorum
730 264 1066 316 philosophorum
1085 266 1243 317 scriptis
1264 272 1341 303 tam
1358 266 1501 316 insigni
1522 272 1606 304 arte

43 342 222 373 versatus
246 341 323 382 est,
361 342 407 372 ut
431 335 642 372 sententias
664 333 824 370 illorum
846 339 963 382 atque
982 340 1211 383 argumenta
1237 347 1318 370 non
1339 333 1457 373 anxie
1480 332 1602 369 colle—

39 402 156 453 gisse,
182 402 251 440 sed
280 416 329 440 ex
358 416 430 440 suo
458 402 583 453 ipsius
610 400 767 451 ingenio
797 401 1085 451 exprompsisse
1114 401 1338 439 videbatur.

209 512 248 554 V
247 513 282 553 1.
344 511 414 554 De
439 512 630 567 proprio
667 509 890 551 Ciceronis
914 510 1255 564 philosoplnzmlt‘
1278 525 1450 566 ywere.

157 607 231 642 lam
249 619 358 652 vero,
390 604 422 640 si
440 603 642 641 Ciceronis
663 604 711 641 de
734 602 991 654 philosophia
1011 603 1136 640 libros
1158 609 1196 639 et
1216 617 1330 652 quam
1351 605 1390 641 in
1413 605 1466 640 eis
1485 604 1604 640 inivit

42 672 353 723 philosophandi
379 671 573 709 rationem
599 671 720 708 altius
746 677 1063 722 perscrutamur,
1103 670 1305 721 praeclare
1333 671 1602 720 intelligemus,

43 753 125 777 eam
144 739 364 790 saepissime
386 739 566 790 proxime
585 739 768 776 accedere
786 739 836 776 ad
854 738 1096 776 Socraticam
1114 738 1321 775 rationem.
1380 738 1603 785 Enimvero,

42 820 164 856 quum
196 807 333 845 Cicero
363 813 634 857 argumentum
662 806 825 857 aliquod
860 806 1044 844 omnibus
1075 820 1123 843 ex
1148 807 1330 857 partibus
1352 806 1604 853 examinavit,

0 905 1 923 ζ
43 880 138 922 tum,
168 874 201 911 si
222 887 271 911 ex
295 874 421 912 allatis
440 889 461 912 a
480 889 519 912 se
540 875 708 913 aliorum
733 874 1068 925 philosophorum
1087 874 1311 922 sententiis,
1340 872 1604 924 discrepanti-—

42 941 114 978 bus
139 942 244 979 inter
264 956 380 992 seque
404 942 704 990 dissidentibus,
742 942 893 992 aliquid
927 942 1015 980 veri
1048 942 1109 979 vel
1141 948 1246 979 certe
1277 941 1492 979 verisimile
1519 940 1603 978 elici

41 1016 191 1059 posset,
224 1010 371 1047 relictis
393 1010 729 1061 philosophorum
749 1011 792 1047 in
809 1011 891 1047 suis
911 1009 1133 1060 disciplinis
1150 1009 1436 1047 subtilitatibus
1455 1015 1493 1045 et
1512 1023 1606 1045 sano

44 1089 123 1125 quo
157 1076 377 1114 instructus
418 1085 502 1114 crat
535 1079 675 1114 mentis
709 1077 860 1114 iudicio
892 1077 934 1113 in
974 1077 1182 1113 consilium
1214 1084 1380 1124 vocato,
1424 1076 1605 1113 tentavit.

44 1142 171 1188 Quam
193 1143 348 1192 quidem
368 1144 564 1193 ingressus
583 1144 776 1180 rationem
795 1143 1124 1193 praeclarissimas
1145 1157 1258 1193 saepe
1277 1145 1488 1193 proposuit
1516 1158 1606 1180 seu-

45 1210 199 1247 tentias.
255 1213 359 1246 ‚Sana
384 1211 506 1259 igitur
537 1224 660 1256 mens,
702 1211 916 1247 tenerrimo
949 1211 1121 1260 quodam
1151 1211 1308 1248 honesti
1335 1211 1483 1247 iudicio
1509 1225 1607 1247 con-

43 1277 200 1324 iuncta,
241 1290 340 1326 quae
381 1277 478 1313 nulli
517 1278 747 1327 disciplinae
781 1277 1072 1326 adstrigendam
1107 1291 1146 1315 se
1184 1278 1326 1324 tradit,
1369 1280 1409 1313 in
1449 1278 1530 1315 eius
1562 1279 1609 1315 de

44 1344 298 1396 philosophia
329 1344 489 1394 scriptis
516 1344 684 1381 maxime
717 1345 858 1381 elucet.
917 1345 1071 1394 ltaque,
1108 1352 1154 1381 ut
1177 1344 1291 1381 firmo
1315 1344 1389 1382 hac
1411 1346 1452 1382 in
1479 1360 1521 1382 re
1542 1347 1608 1382 in·-

42 1412 200 1449 cederet
228 1411 345 1462 pede,
381 1412 612 1449 Academico
638 1425 746 1449 more
768 1412 1018 1449 diversorum
1042 1412 1372 1463 philosophorum
1397 1414 1610 1450 sententias

43 1479 310 1529 comparavit,
352 1486 412 1526 ut,
451 1479 547 1529 quid
569 1486 676 1517 recte
706 1481 753 1517 ab
784 1480 836 1517 eis
869 1487 987 1530 atque
1017 1481 1302 1530 probabiliter,
1341 1481 1439 1530 quid
1469 1494 1609 1531 parum

43 1554 148 1584 reete
183 1547 428 1597 disputatum
459 1553 575 1595 esset,
618 1561 666 1584 ex
692 1547 769 1585 hoc
796 1548 907 1598 quasi
935 1549 1221 1585 sententiarum
1249 1562 1460 1598 earumque
1489 1561 1609 1599 argu—

44 1620 265 1651 mentorum
290 1628 333 1651 ac
368 1614 568 1651 rationum
601 1616 790 1652 conflictu
809 1623 1032 1667 appareret.
1089 1617 1263 1654 Socratis
1295 1629 1460 1664 morem,
1499 1630 1611 1667 quem

45 1681 263 1719 Carneades
294 1696 453 1732 quoque
481 1683 703 1720 acutissime
729 1684 1074 1734 copiosissimeque
1102 1684 1249 1731 tenuit,
1279 1691 1460 1731 secutus,
1502 1697 1610 1720 suam

45 1749 129 1800 ipse
160 1749 392 1786 senteutiam
428 1750 549 1797 texit,
587 1765 724 1788 errore
763 1751 859 1788 alios
889 1752 1019 1789 levare
1051 1758 1089 1789 et
1123 1752 1161 1788 in
1193 1752 1298 1788 onmi
1329 1752 1612 1802 disputatione,

47 1817 144 1867 quid
164 1824 262 1855 esset
283 1818 520 1855 simillimum
538 1818 638 1865 veri,
669 1831 858 1867 quaerere
878 1819 1035 1855 studuit
1054 1826 1103 1865 et,
1134 1820 1202 1867 qui
1223 1819 1486 1868 requirerent,
1518 1819 1612 1868 quid

47 1898 205 1934 quaque
236 1886 283 1922 de
309 1899 351 1922 re
375 1886 458 1935 ipse
481 1885 665 1931 sentiret,
707 1885 904 1921 curiosius
937 1886 977 1922 id
1007 1886 1134 1921 facere
1158 1880 1284 1931 dixit,
1323 1899 1438 1934 quam
1465 1899 1614 1922 necesse

48 1959 149 1990 esset
165 1953 220 2003 ⁸)3
258 1966 384 2002 neque
409 1954 510 1989 enim
533 1958 611 1989 tam
644 1952 894 1989 auctoritatis
924 1953 964 1988 in
997 1953 1261 2002 disputando,
1303 1967 1417 2002 quam
1450 1954 1616 1990 rationis

51 2026 244 2057 momenta
262 2019 485 2069 quaerenda
501 2033 599 2068 esse,
631 2019 727 2069 quin
746 2020 861 2056 etiam
879 2020 1011 2056 obesse
1029 2020 1262 2070 plerumque
1281 2021 1346 2066 eis,
1376 2020 1448 2068 qui
1466 2020 1616 2057 discere

54 2087 218 2135 vellent,
256 2087 532 2124 auctoritatem
557 2100 714 2134 eorum,
754 2087 821 2136 qui
849 2100 888 2124 se
912 2088 1053 2124 docere
1088 2088 1398 2137 profiterentur,
1441 2088 1618 2125 desinere

53 2154 155 2192 enim
185 2154 273 2191 illos
301 2168 415 2192 sumn
437 2155 627 2192 iudicium
659 2154 846 2192 adhibere
871 2162 908 2192 et
935 2155 976 2192 id
1002 2155 1145 2192 habere
1165 2161 1314 2202 ratum,
1355 2156 1462 2204 quod
1488 2157 1536 2192 ab
1558 2170 1617 2202 eo,

55 2236 168 2272 quem
196 2224 432 2272 probarent,
463 2223 682 2260 iudicatum
716 2222 910 2260 viderent.
970 2225 1029 2260 Ex
1058 2223 1111 2259 eis
1136 2223 1281 2273 igitur,
1313 2236 1412 2271 quae
1436 2223 1484 2259 de
1506 2224 1616 2260 Cice—

57 2290 167 2326 ronis
191 2289 498 2341 philosophandi
523 2291 677 2327 ratione
699 2290 973 2341 exposuimus,
1004 2291 1229 2327 Ciceronem
1251 2289 1520 2326 Academicum
1541 2293 1617 2326 So-

58 2357 248 2394 craticum
279 2358 432 2406 potius,
471 2372 586 2407 quam
624 2358 751 2395 solum
791 2371 919 2397 novae
951 2358 1167 2395 academiae
1197 2356 1378 2394 asseclam
1411 2357 1620 2394 dicendum

58 2435 158 2472 esse,
189 2423 370 2461 concludi
402 2437 514 2474 posse
544 2425 717 2462 videtur.

186 2544 278 2588 VII.
346 2545 411 2586 De
440 2545 690 2599 disputandi
715 2559 902 2601 genere,
945 2559 1027 2599 quo
1063 2546 1217 2587 Cicero
1248 2560 1344 2588 ocsus
1375 2553 1438 2588 cst
1467 2549 1507 2587 ἱη.

711 2613 977 2655 Tusculanis.

177 2706 241 2742 Uti
268 2712 395 2743 cetera
419 2707 498 2743 fere
520 2707 649 2743 omnia
671 2706 718 2742 de
740 2705 993 2756 philosophia
1017 2707 1184 2756 scripta,
1217 2708 1270 2743 ita
1294 2707 1364 2744 has
1383 2708 1623 2744 Tusculanas

61 2773 214 2810 Tullius
239 2773 485 2823 dialogorum
519 2774 642 2811 forma
673 2773 908 2823 composuit.
969 2774 1009 2810 lu
1038 2774 1236 2824 plerisque
1260 2775 1424 2824 dialogis
1450 2775 1528 2810 suis
1554 2787 1622 2809 co—

62 2840 212 2890 piosius
242 2841 436 2890 quoddam
461 2848 499 2879 et
528 2842 690 2879 uberius
716 2848 831 2891 atque
855 2841 984 2879 fusum
1010 2855 1131 2892 genus
1153 2849 1311 2880 secutus
1332 2849 1409 2879 cst:
1449 2841 1515 2890 qui
1542 2848 1626 2879 erat

153 2926 186 2964 7⁸)
217 2929 258 2961 V.
282 2940 343 2961 nos
365 2928 398 2961 in
426 2929 512 2961 libro
537 2928 627 2961 dicto
653 2941 686 2972 p.
709 2926 749 2961 91
777 2940 827 2973 sq·
873 2928 908 2972 8)
936 2929 977 2962 N.
1005 2930 1048 2961 D.
1074 2930 1098 2960 l.
1124 2929 1155 2961 5.
