1863 3221
227 106 308 149 252
817 113 983 144 mena
1008 113 1065 143 111.
1091 111 1187 152 3‚5.

224 193 381 234 libidine
407 193 607 241 feruntur,
650 203 890 244 quorumque
912 190 966 229 ita
989 189 1263 243 perturbantur
1288 191 1426 241 animi,
1460 198 1500 231 ut
1522 205 1598 231 non
1623 191 1781 231 multum
1826 234 1829 238 ,

226 265 353 306 absint
378 265 425 305 ab
446 263 597 304 insania
612 294 621 312 ,
652 262 752 315 quod
775 261 1047 315 insipientibus
1070 261 1257 315 contingit
1277 263 1476 314 omnibus,
1521 263 1600 304 iis4
1627 263 1781 303 nullane

225 345 285 379 est
314 336 530 377 adhibenda
563 334 738 375 curatio?
780 341 905 374 utrum
936 335 1034 387 quod
1060 334 1184 373 minus
1214 342 1380 375 noceant
1399 335 1515 375 animi
1540 335 1777 388 aegrotatio-

225 424 318 461 nes,
353 423 462 463 quam
486 407 690 462 corporis?
721 421 770 447 an
795 407 895 461 quod
918 420 1083 461 corpora
1102 407 1230 446 curari
1259 407 1429 461 possint,
1463 408 1676 447 animorum
1703 421 1782 447 me—

226 482 354 523 dicina
384 482 488 522 nulla
517 481 592 521 sit?

337 552 414 594 ΙΙΙ.
477 560 518 594 5.
552 552 607 593 At
626 559 665 593 et
686 552 809 592 morbi
831 551 1132 606 perniciosiores
1153 552 1362 606 pluresque
1386 559 1476 592 sunt
1496 552 1636 603 animi,
1671 566 1782 606 quam

225 626 416 681 corporis.

226 713 300 754 que
319 699 544 750 sollicitant,
577 699 822 752 (mimasque
840 710 987 751 aeyer,
1019 705 1059 737 ut
1081 697 1135 737 ait
1156 696 1325 746 Ennius,
1358 710 1526 750 semper
1544 702 1683 748 errat,
1714 710 1784 739 ne-

227 786 306 827 que
331 773 449 828 pati,
480 784 613 825 neque
635 771 811 824 perpeti
829 775 997 824 polest,
1040 782 1198 823 cupere
1222 782 1435 824 nunquam
1462 770 1628 811 desinit.
1690 768 1786 823 Qui-

315 871 337 905 4
361 870 562 947 SiclMon.2.
586 882 686 913 marg.
700 871 769 902 MS.
794 873 865 902 Asc.
878 869 910 902 2.
934 870 1008 902 edd.
1031 871 1102 908 8133
1129 869 1246 902 eodem
1269 869 1360 902 ducit
1381 871 1439 902 hiis
1459 869 1490 901 in
1504 869 1617 901 Duisb.
1633 868 1784 907 Gud.2.;

227 919 282 949 Or.
312 929 338 949 c.
365 928 406 948 vu
421 928 452 958 g.
476 918 532 947 his.

480 626 530 666 Hi
553 626 655 665 enim
679 625 752 678 ipsi
776 624 900 665 odiosi
924 631 1036 674 sunt,
1071 625 1170 678 quod
1198 625 1243 664 ad
1265 624 1434 664 animum
1460 625 1655 678 pertinent
1677 638 1783 664 eum-

1025 983 1276 1014 monstravimus
1300 993 1397 1024 supra
1421 982 1463 1014 ad
1484 983 1509 1014 Ι.
1529 982 1560 1021 2,
1584 979 1621 1014 4:
1647 985 1673 1013 et
1696 982 1784 1024 Epa·-

1023 1027 1208 1058 minondas.

1091 1074 1272 1110 animusque
1293 1070 1397 1112 aeyer]
1424 1070 1465 1101 H.
1484 1081 1511 1101 e.
1535 1069 1658 1101 animus
1683 1081 1784 1112 porro

293 986 419 1016 libidine
445 985 600 1024 feruntur]
641 983 683 1014 H.
709 996 736 1014 e.
773 983 988 1024 abripiuntur,

226 1029 430 1061 auferuntur.
470 1029 559 1058 Inest
581 1028 673 1059 notio
695 1027 901 1060 temeritatis.
936 1027 990 1057 Sic

229 1085 255 1105 c.
273 1074 312 1111 5,
339 1074 408 1110 ll.,
443 1071 502 1102 sed
525 1071 639 1102 addito
666 1071 827 1103 vocabulo
850 1074 991 1111 effrenati

228 1118 278 1160 (ut
293 1118 423 1154 incitati,
442 1118 545 1155 proni,
564 1116 774 1156 praecipites).
801 1116 849 1146 Cf.
867 1117 989 1147 Schz'tlz.

227 1161 330 1193 Indic.
347 1172 377 1191 v.
396 1162 485 1200 ferre.
504 1166 587 1191 extr.
622 1162 763 1191 Menltius
782 1159 814 1190 in
833 1159 990 1191 Observv.

227 1205 315 1237 ined.
337 1205 450 1236 laudat
464 1206 624 1236 Heinsium
647 1211 679 1235 et
692 1206 846 1237 Drakenb.
869 1204 910 1235 ad
933 1204 989 1235 Sil.

226 1250 301 1281 Ital.
323 1250 376 1288 X,
402 1250 478 1281 513.
526 1248 622 1280 Adde
655 1251 809 1280 Kritzium
842 1248 884 1279 ad
911 1248 988 1280 Sall.

230 1294 300 1326 Cat.
323 1295 379 1331 ΙΙΙ,
401 1292 432 1326 4.
457 1305 490 1336 p.
511 1293 566 1325 20.
608 1293 921 1335 Frequentissimum
941 1299 990 1324 est

226 1341 329 1379 efferri
352 1337 459 1381 aliqua
482 1349 529 1377 re,
554 1344 590 1368 ut
614 1340 751 1377 laetitia,
774 1339 912 1377 9audio,
936 1348 990 1369 vo-

225 1386 360 1433 lamule,
390 1385 513 1422 studio,
545 1384 735 1421 cupiditate,
770 1382 885 1424 reliqq
912 1382 934 1412 i.
960 1393 988 1415 e.

226 1427 377 1469 evagari,
403 1433 495 1457 extri
518 1426 597 1457 {ines
618 1426 842 1473 terminosque
865 1426 989 1468 egredi.

226 1472 266 1503 V.
289 1473 430 1511 Seyffert.
455 1471 497 1502 ad
519 1470 610 1502 Lael.
639 1472 696 1510 15,
722 1468 776 1503 54.
808 1482 841 1513 p.
856 1471 931 1503 55².
957 1477 990 1501 et

225 1527 286 1548 nos
311 1515 353 1547 ad
377 1516 431 1547 IV.
455 1516 515 1553 15,
540 1514 594 1547 35.

307 1560 535 1601 CAp.111.§
558 1561 588 1591 5.
637 1563 664 1591 et
690 1578 729 1583 —-
756 1562 989 1599 perniciosiores

223 1606 402 1655 pluresque]
429 1605 531 1635 Recte
553 1604 594 1635 de
617 1603 649 1634 h.
672 1604 693 1635 l.
713 1604 829 1635 statuit
850 1606 989 1636 Klotzius

226 1649 260 1680 in
298 1649 358 1680 Ed.
407 1655 440 1679 et
479 1648 512 1679 in
554 1649 744 1687 Quaestion.
785 1648 928 1680 Tullian.
961 1650 985 1679 Ι.

226 1705 259 1736 p.
284 1693 345 1725 105
360 1704 430 1736 sqq.
453 1693 659 1731 existimans,
699 1692 891 1724 Ciceronem
915 1693 987 1735 pri—-

224 1749 314 1769 mum
333 1737 464 1780 quidem
486 1737 627 1769 voluisse
645 1737 843 1768 sententiam
863 1737 910 1768 sic
932 1737 987 1768 in-

225 1782 380 1820 stituere,
416 1789 451 1813 ut
475 1782 655 1813 diceretur:
695 1786 727 1813 at
749 1786 776 1813 et
799 1785 897 1813 morbi
916 1792 986 1821 per-

223 1828 399 1858 niciosiores
429 1829 592 1866 pluresque
624 1831 695 1858 sunt
729 1829 827 1858 animi
838 1851 847 1866 ‚
895 1836 990 1865 quam

223 1873 379 1911 corporis,
403 1875 431 1902 et
448 1873 602 1902 medicina
622 1874 732 1902 certior
754 1875 795 1902 est
814 1873 990 1902 morborum

225 1917 342 1954 animi,
378 1925 474 1955 quam
502 1918 657 1955 corpori33
688 1926 765 1946 nam
790 1915 910 1958 duplex
934 1914 988 1945 in-

223 1959 406 2001 terrogatio
428 1971 455 1991 c.
470 1962 500 1998 ¹²,
522 1958 552 1991 4.
573 1959 745 2002 proposita
767 1966 855 1991 erat:
881 1966 989 1990 utrum

226 2003 317 2046 quod
340 2004 445 2035 minus
470 2011 629 2035 noceient
660 2004 758 2035 animi
782 2004 988 2046 aegrotatio-

226 2058 305 2086 neS,
340 2059 437 2089 quam
467 2048 634 2088 corporis,
670 2059 710 2078 an
735 2029 989 2090 qt1od⁶corp01a

228 2090 334 2122 curari
348 2098 496 2133 possent,
520 2103 648 2122 ‘immoi
651 2103 703 2122 um
718 2091 881 2123 medicina
900 2092 987 2123 nulla

227 2141 333 2173 esset3
357 2135 434 2174 sed,
459 2142 646 2177 postquam,
672 2142 707 2166 ut
726 2136 890 2167 lationem
908 2136 987 2167 red—

225 2179 340 2218 deret,
367 2191 466 2222 quate
492 2186 600 2210 essent
622 2179 721 2210 animi
743 2180 850 2211 morbi
874 2180 988 2223 perni—

228 2223 402 2262 ciosiores,
441 2224 534 2266 plura
568 2224 724 2255 adiecerit
757 2225 857 2256 verba
889 2231 987 2266 atque

228 2267 448 2307 intellexerit,
473 2269 571 2309 longe
593 2268 795 2310 probabilius
816 2269 880 2300 hoc
905 2280 986 2307 esse,

227 2323 324 2354 quam
354 2312 454 2352 illud,
492 2313 679 2344 inchoatam
711 2313 880 2355 reliquisse
905 2324 987 2344 con-

226 2356 441 2388 structionem
464 2357 575 2399 sicque
607 2357 806 2400 perrexisse:
842 2360 987 2397 quivero

223 2403 351 2440 probari
371 2406 467 2441 potest
496 2408 574 2433 cett,
624 2402 800 2444 Comparat
822 2402 863 2433 de
886 2404 940 2433 Or.
964 2404 987 2435 Ι.

225 2445 289 2482 25,
315 2445 377 2478 113
391 2457 459 2488 sq.:
485 2447 569 2477 Nam
593 2450 619 2478 et
638 2449 736 2478 animi
757 2453 856 2488 atque
875 2449 990 2486 ingenii

229 2489 350 2519 celeres
376 2490 506 2531 quidam
530 2498 637 2522 motus
662 2503 732 2522 esse
757 2491 878 2522 debent
905 2497 986 2522 eto:

229 2532 282 2563 ubi
319 2536 520 2574 pergendum
553 2542 639 2566 erat:
677 2540 704 2567 el
727 2538 881 2575 corporis,
917 2535 986 2573 sed,

227 2583 353 2607 mutata
387 2584 570 2616 structum,
618 2581 645 2619 ὃ
673 2578 745 2611 114.
782 2580 910 2611 demum
945 2560 987 2611 ad

229 2632 348 2664 corpus
370 2622 496 2652 transit.
543 2623 588 2653 lb.
615 2625 655 2653 ΙΙ.
684 2624 731 2661 ll⁷
752 2622 796 2656 4&
810 2636 875 2667 sq.‘
902 2625 987 2656 Nam

227 2669 254 2697 el
283 2668 488 2697 testimonium
518 2678 615 2708 saepe
645 2649 819 2699 dicendum
850 2676 899 2700 est
924 2676 986 2701 etc.

229 2708 345 2748 Quid?
369 2709 396 2740 si
418 2710 506 2752 quod
525 2722 622 2752 saepe
646 2713 776 2743 summis
798 2712 875 2744 viris
897 2714 987 2745 acci-

230 2753 290 2792 dit,
315 2756 469 2786 mandata
489 2754 554 2785 sint
577 2756 767 2795 exponenda
791 2763 853 2788 etc.
892 2758 986 2790 Plura

229 2797 379 2840 exempla
413 2798 554 2830 contulit
588 2802 765 2839 Madriyius
797 2800 828 2830 in
861 2803 937 2833 Exc.
960 2805 984 2834 I.

230 2841 272 2873 ad
294 2842 367 2873 Fin.
393 2854 424 2884 p.
442 2844 503 2875 &01
522 2854 569 2885 sq.
620 2843 670 2873 Cs.
704 2855 762 2874 nos
786 2844 827 2874 ad
853 2846 908 2876 lV.
932 2846 986 2885 55,

232 2886 284 2919 74.
318 2886 494 2918 Particulas
514 2892 540 2919 el
564 2888 604 2929 (el
625 2887 743 2928 morbi)
768 2894 800 2918 et
820 2898 876 2927 quc
898 2890 986 2931 (plu—

230 2931 352 2974 resque)
387 2931 449 2964 sibi
474 2931 672 2975 respondere
696 2943 761 2964 non
784 2943 898 2974 posse,
925 2934 987 2965 de-

1024 1126 1132 1156 aeger.
1169 1117 1274 1157 Saepe
1294 1124 1350 1154 que
1373 1114 1585 1145 continuandi
1606 1121 1639 1146 et
1660 1114 1702 1146 ad
1722 1126 1785 1146 no-

1024 1171 1099 1191 vum
1122 1159 1278 1202 quiddam
1293 1159 1484 1190 transeundi
1500 1158 1565 1190 vim
1580 1159 1692 1197 habet,
1714 1170 1787 1190 ma—

1023 1205 1109 1235 xime
1130 1204 1162 1235 in
1184 1203 1412 1235 enumerandis
1428 1203 1573 1246 pluribus
1590 1203 1698 1235 rebus.
1736 1204 1786 1236 Cf.

1026 1251 1169 1281 Ochsner.
1193 1249 1307 1290 Eclog.
1333 1248 1480 1279 Ciceron.
1504 1259 1536 1290 p.
1555 1248 1608 1282 57.
1643 1251 1786 1280 Goereuz.

1024 1293 1066 1324 ad
1091 1292 1358 1331 Ae·1de1n.1.6,
1384 1292 1437 1325 “)3.
1472 1293 1574 1335 Legg.
1601 1294 1625 1325 I.
1649 1292 1707 1332 11,
1733 1292 1786 1325 3¹2.

1024 1337 1066 1368 de
1089 1337 1195 1368 Finib.
1218 1339 1242 1368 Ι.
1267 1336 1297 1375 9,
1321 1336 1373 1368 ‘29-
1411 1339 1549 1412 Mastiy.
1573 1337 1615 1368 ad
1636 1336 1709 1368 Fin.
1730 1338 1785 1369 Ill.

1023 1382 1086 1419 22,
1113 1381 1165 1414 73.
1190 1388 1223 1412 et
1247 1392 1307 1412 nos
1331 1381 1365 1412 in
1392 1381 1449 1412 G1.
1473 1382 1512 1412 L.
1538 1382 1565 1423 §.
1586 1381 1666 1423 135,
1693 1382 1726 1412 2.

1089 1426 1220 1468 perpete]
1256 1426 1298 1456 H.
1327 1436 1356 1456 e.
1390 1425 1423 1456 in
1465 1425 1623 1467 patiendo
1663 1425 1786 1468 aliquid

1023 1470 1212 1512 perdurare.

1097 1516 1157 1553 Qut
1189 1524 1260 1546 vero
1293 1517 1420 1554 probari
1452 1518 1568 1554 polest,
1606 1516 1663 1556 ut]
1701 1516 1785 1546 Sunt

1025 1559 1193 1601 complura
1214 1559 1313 1591 verba
1338 1559 1582 1598 locutionesve,
1609 1570 1692 1602 quae
1714 1571 1785 1591 eam

1023 1603 1089 1634 vim
1113 1610 1210 1645 atque
1234 1603 1441 1634 notationem
1474 1603 1616 1642 habent,
1655 1610 1690 1635 ut
1721 1604 1784 1635 du—

1022 1648 1140 1690 plicent
1164 1647 1342 1678 admittant
1360 1654 1567 1687 structuram,
1593 1653 1627 1679 et
1648 1660 1784 1680 accusa-

1021 1692 1126 1724 sivum
1158 1704 1184 1723 c.
1207 1692 1267 1723 inf.
1301 1699 1334 1723 et
1361 1692 1628 1724 coniunctionem
1661 1697 1693 1725 ut
1717 1703 1786 1725 cum

1019 1740 1221 1770 coniunctim).
1271 1737 1482 1768 Accusativus
1507 1749 1533 1769 c.
1556 1737 1616 1769 inf.
1649 1744 1785 1769 senten-

1021 1781 1101 1812 tiam
1123 1781 1314 1823 simpliciter
1345 1788 1500 1824 tanquam
1531 1782 1695 1814 obiectum
1719 1793 1784 1824 po-

1023 1826 1093 1866 nit,
1119 1826 1207 1868 quod
1228 1826 1270 1857 ad
1293 1826 1427 1857 verbum
1452 1827 1618 1868 cogitandi
1642 1827 1784 1858 demon-

1024 1870 1191 1902 strandive
1212 1871 1393 1908 referatur;
1419 1875 1453 1902 ut
1475 1881 1500 1902 c.
1526 1874 1716 1903 coniunctim
1737 1871 1784 1902 si—

1024 1915 1177 1957 gnificat,
1212 1916 1259 1946 uti
1279 1915 1349 1946 aliis
1371 1915 1471 1954 locis,
1497 1915 1672 1954 effectum,
1697 1915 1731 1946 h.
1756 1927 1784 1947 e.

1022 1959 1220 1990 sententiam
1253 1959 1348 2002 ponit
1383 1965 1539 2002 tanquam
1570 1971 1659 1997 rem,
1702 1971 1785 2001 quae

1024 2004 1226 2045 cogitatione
1261 2003 1587 2036 demonstrationeve
1624 2003 1786 2036 efficiatur

1023 2055 1080 2078 aut
1116 2048 1291 2080 efficienda
1322 2048 1383 2086 sit,
1417 2055 1572 2091 tanquam
1605 2048 1661 2090 id,
1696 2048 1785 2090 quod

1024 2092 1224 2133 cogitatione
1253 2092 1578 2124 demonstrationeve
1603 2099 1782 2144 spectetur.

1022 2136 1088 2167 Ubi
1113 2143 1223 2167 autem
1250 2137 1385 2167 verbum
1414 2137 1581 2169 locutiove
1613 2137 1659 2168 ita
1692 2148 1783 2169 com—

1021 2187 1135 2222 parata
1159 2188 1219 2220 est,
1244 2187 1278 2211 ut
1300 2181 1388 2211 illam
1412 2181 1549 2212 effectus
1572 2181 1783 2213 consecutio-

1022 2224 1112 2255 nisve
1132 2225 1197 2256 vim
1220 2236 1286 2256 non
1315 2224 1488 2263 admittat,
1523 2226 1609 2257 hauc
1636 2232 1783 2256 structu-

1022 2280 1091 2300 ram
1131 2269 1264 2312 respuit.
1322 2269 1433 2301 Veluti
1471 2269 1610 2311 simplex
1644 2270 1780 2301 verbum

1018 2316 1174 2353 probandi
1204 2325 1334 2356 semper
1368 2325 1439 2345 cum
1469 2325 1535 2346 acc.
1559 2320 1593 2344 et
1613 2313 1672 2345 inf.
1699 2325 1780 2346 con-

1021 2357 1176 2398 struitur,
1213 2370 1279 2389 non
1313 2369 1384 2389 cum
1414 2362 1470 2398 um
1505 2365 1539 2390 at
1571 2358 1695 2389 locutio
1730 2361 1783 2399 qui

1020 2404 1146 2442 probari
1176 2406 1274 2442 potest
1299 2414 1371 2434 cum
1394 2407 1427 2434 ul
1451 2402 1639 2435 consociata
1663 2402 1783 2445 legitur

1023 2446 1121 2478 etiam
1143 2447 1214 2478 Fin.
1238 2448 1277 2478 11.
1299 2446 1353 2486 33,
1379 2446 1458 2480 108:
1498 2450 1559 2487 Qui
1576 2450 1705 2486 probari
1726 2457 1782 2487 po-

1022 2495 1096 2531 test,
1120 2495 1153 2523 ut
1174 2491 1211 2529 is,
1236 2491 1290 2534 qui
1314 2498 1452 2534 propter
1474 2504 1526 2523 me
1550 2491 1674 2534 aliquid
1697 2502 1780 2533 gau-

1024 2535 1101 2574 det,
1143 2536 1236 2578 plus,
1279 2547 1374 2578 quam
1406 2547 1468 2576 ego
1500 2536 1592 2578 ipse,
1631 2537 1777 2575 flaudeal.

1024 2582 1230 2622 (Quanquam
1262 2579 1307 2611 ibi
1331 2579 1404 2611 cod.
1430 2580 1497 2612 Erl.
1520 2579 1620 2610 habet
1643 2581 1725 2618 Quid
1746 2581 1779 2610 id

1018 2636 1072 2664 μ,
1108 2625 1195 2656 unde
1230 2624 1317 2655 effici
1349 2630 1460 2666 potest
1496 2625 1556 2662 Qui
1589 2624 1623 2654 id
1653 2633 1710 2662 μ,
1747 2635 1777 2654 v.

1022 2671 1160 2709 Madvig).
1191 2669 1223 2700 in
1253 2668 1336 2700 Add.
1359 2679 1391 2709 p.
1416 2667 1508 2708 873.)
1557 2668 1659 2698 Porro
1681 2668 1778 2698 Tus«.

1021 2715 1046 2744 Ι.
1068 2715 1121 2752 42,
1146 2714 1222 2745 100:
1248 2724 1307 2744 nos
1328 2719 1434 2743 autem
1456 2716 1622 2750 teneamus,
1646 2715 1678 2742 ul
1698 2711 1778 2742 nihil

1020 2768 1197 2790 censeamus
1221 2768 1289 2788 esse
1312 2757 1431 2788 malum
1453 2762 1515 2786 etc.
1563 2756 1603 2787 V.
1630 2755 1665 2787 ll
1681 2780 1689 2794 ,
1713 2753 1776 2788 34:

1021 2814 1080 2833 nos
1096 2809 1205 2833 tamen
1220 2806 1388 2840 teneamus,
1409 2804 1441 2831 ul
1455 2803 1493 2831 sil
1514 2800 1601 2831 idem
1623 2800 1776 2842 (sapiens)

1022 2846 1244 2878 beatissimus:
1287 2845 1339 2876 ubi
1370 2857 1399 2876 v.
1433 2844 1515 2875 Adu.
1551 2846 1604 2875 ΙΙΙ.
1628 2845 1692 2883 31,
1716 2845 1775 2877 75:

1021 2893 1161 2930 additur,
1186 2894 1218 2922 ιιι
1240 2895 1321 2920 etc.:
1349 2889 1400 2920 ubi
1419 2901 1447 2920 v.
1472 2888 1553 2920 Adn.
1588 2888 1776 2920 parimodo

1022 2935 1120 2967 verba
1154 2935 1306 2976 efficiendi
1351 2932 1404 2975 (de
1441 2932 1686 2976 conclusione),
1731 2943 1776 2965 se-
