1863 3221
256 134 309 175 52

866 135 1027 167 LIBER
1054 136 1078 167 Ι.
1102 133 1144 173 4,
1169 133 1190 168 7

372 219 442 260 IV.
478 225 517 260 7.
552 216 630 258 Sed
652 215 956 265 utAristoteles,
980 215 1042 254 vir
1062 228 1212 254 summo
1231 213 1403 268 ingenio,
1437 215 1617 266 seientia,
1651 215 1814 270 copia1,

262 308 379 348 quum
407 299 531 333 moins
557 296 663 330 esset
687 287 874 328 isocratis
897 287 1066 328 rhetoris
1094 287 1242 341 gloria,
1277 287 1406 328 dicere
1431 289 1545 329 etiam
1574 288 1702 343 coepit
1726 289 1816 328 ado-

262 369 455 407 lescentes
488 365 628 404 (locere
661 368 699 402 et
733 360 975 414 prudentiam
1009 374 1094 400 cum
1126 360 1346 413 eloquentia
1380 360 1564 415 iungere3
1613 361 1670 401 sic
1707 361 1819 401 nobis

262 440 409 493 placet,

262 511 443 551 uberiore
466 516 549 548 arte
569 507 737 548 versari.

443 451 515 477 nee
541 435 744 490 pristinum
771 433 922 473 dicendi
945 432 1113 473 studium
1137 433 1331 486 deponere
1347 463 1357 482 ,
1393 440 1431 472 et
1450 434 1488 473 in
1513 434 1584 474 hac
1609 433 1758 474 maiore
1782 440 1820 473 et
1854 451 1858 453 “

796 506 907 547 Hane
928 507 1028 546 enini
1052 507 1260 560 perfectam
1282 505 1562 560 philosophiam
1583 520 1738 561 semper
1763 506 1819 547 iu-

262 582 404 633 dicavi,
439 595 537 636 quae
562 582 609 622 (le
627 580 806 620 maximis
831 579 1123 633 quaestionibus
1146 579 1303 633 copiose
1327 586 1461 633 posset
1485 586 1697 633 ornateque
1719 579 1820 620 diee-

358 712 370 742 1
403 724 429 743 v.
459 710 541 743 Adn.

259 792 316 821 ΙΙΙ.
337 792 378 827 ὅ,
409 789 478 828 19„
514 788 567 831 qui
591 791 646 819 iila
671 788 814 830 explicat
838 787 880 818 de
903 798 1023 819 monu-

260 834 377 866 mentis
401 834 565 865 oratoriae
586 832 701 873 laudis,
730 844 812 876 quae
831 833 943 864 Cicero
967 843 1024 864 sua

262 878 419 911 industria
445 877 640 910 condiderit.

331 924 408 954 CAP.
432 925 486 954 IV.
524 926 552 967 §5-
567 923 596 956 Τ.
624 925 797 954 Aristoteles
819 941 862 946 —
883 924 1028 954 Isocratis

260 971 391 1001 ‘rhetoris
414 971 515 1008 gloria
529 966 608 1009 etc.]
632 967 672 997 de
686 969 775 998 Orat.
792 968 848 998 ΙΙΙ.
861 967 914 1005 35,
944 965 1002 998 141
1019 978 1024 996 :

261 1016 336 1056 lpse
358 1013 562 1050 Aristoteles,
586 1023 684 1053 quum
706 1012 825 1043 florere
846 1014 1026 1043 Isocratem

262 1057 436 1089 nobilitate
461 1057 696 1098 discipulorum
721 1057 859 1094 videret,
882 1075 927 1080 —
950 1068 1023 1086 mu-

260 1102 344 1133 tavit
361 1108 498 1143 repente
516 1108 622 1131 totam
644 1101 783 1131 formam
799 1112 902 1143 prope
923 1101 1025 1132 disci—

262 1147 371 1188 plinae
389 1157 466 1176 suae
487 1156 681 1186 versumque
700 1146 863 1187 quendam
883 1145 923 1176 de
945 1145 1023 1176 Phi-

261 1193 387 1222 locteta
402 1190 499 1233 paulo
517 1200 609 1220 secus
630 1189 723 1220 dixit.
755 1190 813 1221 llle
834 1189 920 1220 enim
939 1194 1026 1229 turpe

261 1239 320 1267 sibi
341 1235 386 1266 ait
412 1245 473 1266 esse
495 1239 614 1273 tacere,
646 1245 741 1273 qaum
771 1237 938 1273 barbaros‚·
973 1234 1027 1265 hic

261 1287 390 1318 autem,
425 1290 519 1319 quum
540 1281 705 1310 Isocratem
730 1284 888 1318 pateretur
909 1281 1028 1310 dicere:

262 1325 316 1356 ubi
339 1337 366 1355 v.
393 1326 428 1356 Ο.
444 1326 484 1355 Μ.
500 1325 610 1354 Mizller
631 1334 663 1365 p.
677 1325 742 1355 514
755 1335 803 1366 sq.
850 1324 901 1354 Cf.
920 1323 1027 1362 Quin-

263 1369 329 1401 ctil.
345 1369 451 1400 instit.
476 1369 531 1399 Ill.
549 1369 575 1403 1,
591 1366 641 1399 14.
675 1367 769 1399 Adde
791 1368 857 1399 Cic.
881 1368 922 1399 de
939 1370 1027 1399 Orat.

262 1417 287 1446 1.
312 1415 372 1453 10,
396 1411 450 1445 43.
510 1414 610 1443 Moser
641 1412 753 1444 laudat
774 1414 955 1453 Pfluyhium
987 1412 1028 1443 de

263 1457 472 1500 Theopompi
495 1456 566 1488 Chii
590 1457 658 1488 vita
683 1464 715 1488 et
739 1457 870 1500 scriptis
905 1457 1026 1500 (Berol.

266 1503 361 1535 1627.
387 1503 432 1542 ὅ.)
460 1514 490 1543 p.
511 1502 551 1533 15
567 1512 615 1543 sq.

331 1550 380 1578 vii·
396 1556 517 1577 summo
533 1548 666 1585 ingenio,
688 1548 826 1586 scientia,
847 1545 951 1588 copia]
977 1544 1031 1576 Sic

264 1598 355 1623 recte
376 1593 430 1622 Or.
456 1602 494 1621 ex
518 1590 749 1622 emendatione
769 1591 921 1622 Lambini
942 1589 1028 1632 legi-

263 1643 382 1679 turque
410 1635 443 1666 in
475 1634 527 1666 ed.
552 1637 656 1667 Oxon.
685 1636 780 1669 1753.
806 1647 867 1678 pro
892 1635 1028 1677 vulgato

265 1684 409 1714 scientiae
441 1682 553 1720 copia,
590 1680 679 1723 quod
711 1687 744 1711 et
771 1679 868 1711 codd.
894 1686 927 1710 et
952 1679 1027 1710 edd.

264 1732 347 1757 vett.
372 1724 552 1767 praebent:
579 1731 694 1756 contra
716 1736 812 1767 quam
834 1725 1029 1766 scripturam

266 1772 399 1803 Oreliius
431 1769 513 1800 haec
545 1776 678 1801 monet:
717 1769 783 1801 Sed
806 1770 869 1800 tria
894 1769 1027 1801 omuino

264 1821 360 1854 sunt,
396 1813 562 1855 ingenium
587 1826 604 1845 a
629 1821 743 1845 natura
767 1814 939 1846 Aristoteli
967 1814 1029 1844 da-

266 1866 353 1899 tum,
377 1858 514 1890 scientia
539 1858 579 1889 ab
600 1859 673 1901 ipso
700 1866 908 1901 comparata,
935 1858 1030 1900 copia

264 1904 334 1935 sive
355 1903 553 1946 eloquentia,
581 1911 615 1934 nt
637 1904 669 1934 in
695 1906 785 1935 Orat.
810 1906 839 1942 1,
864 1905 903 1936 5:
930 1904 1028 1936 Arist.

264 1948 448 1980 admirabili
462 1949 602 1990 quadam
617 1948 753 1980 scientia
768 1954 800 1979 et
814 1949 919 1991 copia.
957 1949 1029 1979 Ne-

265 2005 327 2036 que
351 1999 440 2025 certe
461 1993 573 2024 Cicero
587 2018 594 2031 ,
619 1993 645 2024 si
669 1996 813 2025 scientiae
832 1996 923 2033 copia
944 1992 1029 2024 scri-

267 2038 394 2080 psisset,
421 2038 572 2078 copulam
587 2042 614 2069 et
635 2038 816 2075 omisisset,
844 2038 1027 2080 asyndeton

266 2081 352 2113 enim
376 2082 408 2112 in
430 2081 556 2112 duobus
576 2082 758 2113 coniunctis
772 2082 940 2114 vocabulis
963 2093 1027 2113 non

266 2133 450 2168 usurpatur,
478 2126 539 2156 uisi
562 2138 633 2157 cum
655 2126 687 2157 vi
710 2127 850 2169 quadam
873 2127 1028 2164 oratoria,

264 2177 299 2202 nt
319 2170 353 2201 in
375 2171 524 2202 oratione
545 2170 683 2202 affectus
704 2172 819 2213 plena;
845 2171 899 2202 ubi
919 2178 1027 2202 autem

262 2215 327 2247 tria
360 2215 520 2246 voeabula
553 2215 806 2256 consociantur,
843 2216 1027 2259 asyndeton

264 2259 353 2302 apud
376 2259 570 2291 Ciceronem
598 2260 697 2302 longe
723 2268 772 2292 est
797 2260 1028 2302 frequentissi-

263 2316 363 2336 mum.
408 2306 448 2336 V.
471 2316 531 2336 nos
554 2305 587 2335 in
609 2306 667 2336 Gr.
689 2306 727 2336 L.
751 2308 777 2349 §.
794 2303 905 2346 1381)),
932 2305 958 2337 l.
978 2305 1025 2346 b).

265 2349 437 2391 Denique,
482 2356 518 2380 ut
550 2356 641 2381 recte
676 2350 775 2381 <locet
810 2352 1029 2391 Moryenstern.

267 2394 415 2437 Symbol.
449 2394 521 2425 crit.
564 2394 704 2437 Dorpati
731 2394 848 2433 1819„
884 2398 1028 2426 scientiae

266 2442 356 2478 copia
383 2440 456 2481 (pro
480 2439 650 2471 doctrinae
674 2439 725 2471 vel
750 2439 941 2471 eruditionis
968 2451 1028 2470 co—

266 2483 332 2524 pia)
357 2483 574 2515 Ciceroniano
594 2484 664 2515 usui
684 2484 815 2516 videtur
835 2495 1027 2527 repugnare.

267 2528 315 2557 De
352 2538 423 2558 voc.
452 2531 580 2560 scientia
612 2535 644 2559 et
675 2532 763 2569 copia
798 2529 840 2560 cf.
865 2532 962 2561 Beier.
987 2528 1028 2559 ad

267 2570 363 2601 offic.
392 2573 439 2610 ll,
465 2573 496 2603 5.
535 2584 566 2614 p.
584 2572 638 2605 34.
698 2575 746 2605 De
772 2574 950 2605 Aristotele
983 2573 1029 2605 sic

267 2615 422 2654 Quinctil.
446 2616 554 2647 Instit.
580 2618 624 2648 X.
653 2617 680 2655 l,
702 2618 763 2650 33:
791 2619 878 2658 Quid
896 2619 1029 2650 Aristo-

266 2659 393 2691 telem?
420 2671 517 2702 quem
540 2660 656 2692 dubito
679 2662 814 2695 scientia
835 2676 961 2703 rerum,
987 2675 1026 2694 an

266 2703 463 2746 scriptorum
488 2705 594 2747 copia,
619 2717 659 2736 an
685 2706 859 2748 eloquendi
882 2708 1028 2740 suavita-

266 2755 318 2787 te,
345 2760 386 2780 an
408 2749 634 2781 inventionum
657 2751 824 2789 acumine,
853 2765 893 2784 an
918 2753 1026 2785 varie-

266 2799 337 2825 tate
371 2805 507 2836 operum
543 2794 713 2826 clariorem
748 2803 870 2838 putem.
931 2798 1026 2830 Adde

267 2849 339 2870 cum
364 2841 485 2871 Menhio
516 2839 546 2870 in
577 2839 763 2871 Observatt.
796 2840 882 2871 iued.
910 2843 944 2873 C.
970 2845 1024 2874 Or.

266 2884 301 2922 I,
326 2883 364 2915 5:
392 2884 464 2915 Nec
486 2895 563 2915 vero
587 2884 797 2915 Aristotelem
819 2885 850 2915 in
875 2886 1023 2926 philoso—

265 2927 342 2968 phia
377 2928 538 2960 deterruit
573 2939 593 2960 a
627 2928 802 2959 scribendo
841 2931 1024 2971 amplitudo

264 2971 430 3011 Platoni53
456 2985 515 3005 nec
538 2973 607 3016 ipse
624 2974 817 3005 Aristoteles
840 2974 1023 3007 admirabili

1060 787 1201 830 quadam
1222 789 1348 819 scientia
1372 793 1406 818 et
1429 790 1519 827 copia
1544 793 1727 819 ceterorum
1749 793 1822 818 stu-

1061 832 1114 863 dia
1136 832 1296 863 restinxit.

1060 877 1101 908 ad
1124 880 1214 916 copia
1237 877 1456 919 supplendum
1478 884 1527 908 est
1549 887 1691 917 summa,
1720 878 1766 908 uti
1789 877 1821 907 in

1061 924 1197 953 Verrem
1224 923 1276 953 lV.
1312 934 1338 954 c.
1365 922 1426 953 53:
1464 921 1695 953 Archimedem
1731 921 1823 953 illum

1061 977 1180 999 summo
1205 967 1337 1008 ingenio
1368 966 1535 999 hominem
1568 978 1607 998 ac
1639 965 1821 1009 disciplina.

1062 1013 1188 1043 Muren.
1210 1013 1318 1050 XVll,
1340 1011 1401 1044 36:
1433 1013 1471 1043 L.
1495 1011 1682 1054 Philippum
1703 1021 1824 1044 summo

1060 1056 1215 1098 ingenio,
1242 1068 1361 1099 opera,
1389 1056 1512 1098 gratia,
1545 1056 1731 1088 nobilitate.

1062 1104 1205 1132 Goerenz.
1230 1101 1271 1132 ad
1295 1101 1448 1132 Academ.
1474 1102 1498 1132 I.
1524 1099 1564 1139 4,
1593 1099 1644 1132 17.
1671 1112 1703 1142 p.
1722 1100 1776 1134 28.

1128 1147 1228 1176 dicere
1247 1147 1546 1186 etiam—iungere]
1572 1145 1753 1176 Infinitivus
1775 1148 1823 1176 di-

1061 1199 1125 1221 cere
1140 1189 1262 1231 pendet
1277 1202 1294 1221 a
1318 1192 1424 1222 docere
1447 1197 1479 1221 et
1499 1190 1677 1221 infinitivus
1700 1193 1825 1231 iungere

1061 1246 1078 1265 a
1103 1237 1209 1273 coepit.
1245 1237 1417 1266 Prudentia
1440 1234 1649 1277 eloquentiae
1671 1235 1825 1277 opposita

1060 1279 1221 1320 significat
1240 1282 1479 1319 philosophiam.
1515 1280 1566 1311 Cf.
1593 1279 1633 1311 de
1650 1280 1758 1311 Divin.
1782 1281 1822 1311 ΙΙ.

1064 1324 1092 1360 1,
1117 1322 1148 1355 4.
1171 1324 1223 1365 (ab
1239 1324 1337 1354 Oi-ell.
1363 1324 1486 1365 allam:
1513 1335 1609 1363 „cum
1629 1326 1824 1364 philosophia

1062 1369 1184 1399 dicendi
1205 1372 1297 1399 etiam
1317 1375 1491 1411 praecepta
1506 1369 1758 1400 coniunxerint“
1779 1381 1823 1400 sc.

1063 1413 1199 1444 Aristot.
1223 1419 1255 1443 et
1278 1413 1537 1455 Theophrastus.
1581 1415 1720 1445 Menttius
1742 1413 1764 1445 l.
1790 1413 1822 1443 d.

1064 1464 1234 1499 comparat
1259 1458 1294 1488 C.
1317 1459 1406 1488 Orat.
1433 1457 1493 1495 14,
1519 1455 1574 1490 46.

1130 1511 1184 1533 nec
1203 1504 1370 1540 pristinum
1391 1520 1435 1525 —
1456 1504 1622 1542 deponere,
1644 1506 1670 1534 ec
1691 1521 1735 1526 —-
1755 1512 1823 1534 ver-

1063 1546 1143 1589 sari]
1167 1548 1226 1577 Nee
1251 1547 1370 1588 (neque)
1394 1566 1437 1571 —
1458 1551 1484 1578 et
1506 1554 1634 1578 vertere
1654 1558 1824 1589 possumus

1063 1603 1141 1634 per:
1166 1593 1319 1622 einer-scits
1338 1591 1453 1633 ifindet
1466 1592 1586 1631 Etwas)
1610 1593 1691 1623 nicht
1707 1593 1821 1633 (Stati)

1063 1655 1104 1660 —
1127 1635 1346 1667 andererseits
1373 1636 1489 1678 (findet
1501 1638 1607 1668 Etwas
1621 1636 1736 1677 Stati).
1765 1638 1822 1667 In·-

1063 1681 1114 1712 fra
1139 1693 1164 1712 c.
1181 1680 1235 1717 23,
1261 1679 1314 1712 54.
1349 1682 1402 1718 29,
1428 1681 1481 1714 71.
1533 1683 1622 1714 0.M.
1640 1683 1760 1712 Miiller.
1783 1680 1824 1711 ad

1064 1725 1130 1757 Cic.
1152 1725 1193 1756 de
1208 1727 1298 1756 Orat.
1321 1727 1344 1757 I.
1366 1725 1418 1764 33,
1442 1726 1514 1758 152.
1538 1738 1570 1769 p.
1589 1726 1660 1758 100.
1694 1728 1822 1757 Passov.

1063 1769 1105 1801 ad
1125 1769 1232 1817 Tacit.
1248 1771 1400 1801 German.
1425 1781 1456 1812 p.
1471 1770 1525 1803 86.
1559 1773 1655 1802 Beier.
1672 1769 1713 1801 ad
1728 1770 1823 1801 Oftic.

1062 1816 1118 1846 ΙΙΙ.
1141 1813 1172 1853 4,
1195 1814 1248 1846 0.
1271 1826 1302 1857 p.
1317 1816 1380 1846 215
1395 1826 1442 1856 sq.
1476 1816 1574 1846 Kritz.
1598 1814 1639 1845 ad
1660 1814 1736 1845 Sall.
1758 1816 1824 1856 lug.

1064 1860 1089 1897 Ι,
1115 1860 1144 1891 5.
1167 1871 1200 1901 p.
1214 1861 1245 1891 ὅ.
1282 1861 1408 1891 Ramsh.
1432 1860 1489 1890 Gr.
1513 1860 1552 1890 L.
1578 1860 1606 1901 (5.
1629 1860 1700 1891 Ιῦὅ.
1737 1861 1824 1891 Kzih

1781 1057 1822 1087 V.

1063 1914 1127 1936 ner.
1154 1905 1210 1935 Gr.
1240 1905 1274 1935 L.
1301 1904 1330 1936 s.
1356 1905 1436 1942 135,
1549 1904 1604 1935 Sic
1635 1903 1825 1946 saepissime

1064 1948 1151 1991 apud
1173 1949 1336 1980 Graecos:
1363 1960 1438 1981 oure
1461 1967 1506 1972 -—
1530 1948 1576 1982 τέ.
1626 1949 1725 1980 [socr.
1750 1950 1822 1980 Pii-0

1063 2006 1096 2036 p.
1130 1994 1213 2026 171:
1263 1988 1350 2026 οῧτ
1386 1989 1424 2026 civ
1459 2005 1518 2026 ουτ
1520 2005 1555 2031 ος
1564 1992 1684 2047 ἔσζε
1699 1990 1824 2035 ταύτην

1062 2036 1271 2081 ποιησασῖαι
1291 2035 1465 2080 ἐρωτήσω,
1490 2049 1592 2081 ημεις
1612 2050 1631 2071 τ
1663 2051 1702 2072 αν
1724 2036 1824 2079 ἔγιω-

1065 2094 1123 2124 με)
1147 2095 1177 2116 κ.
1192 2085 1263 2115 τ.).
1303 2084 1341 2114 V.
1363 2067 1519 2124 Hiirtung.
1543 2083 1675 2114 Griech.
1701 2083 1823 2114 Partik.

1064 2129 1103 2158 Γ.
1122 2129 1143 2158 Ι.
1169 2139 1201 2169 p
1225 2126 1296 2159 193.
1319 2134 1351 2158 et
1375 2139 1434 2158 nos
1457 2127 1489 2159 in
1513 2128 1570 2159 Gr.
1587 2129 1703 2159 Graec.
1726 2129 1766 2159 T.
1783 2128 1824 2158 ΙΙ.

1063 2172 1091 2214 51.
1110 2170 1195 2209 743,
1221 2171 1254 2203 3.
1289 2172 1361 2213 (Gi.
1385 2172 1487 2203 schol.
1515 2173 1544 2214 §-
1567 2173 1651 2211 321,
1676 2172 1722 2213 2.)
1771 2172 1825 2203 Sic

1061 2227 1095 2246 se
1119 2215 1286 2257 excipiunt
1308 2220 1335 2247 et
1354 2235 1394 2239 —-
1416 2226 1469 2248 nec
1492 2217 1623 2259 (neque).
1671 2216 1763 2248 Infra
1785 2218 1825 2248 V.

1061 2259 1311 2298 3³5‚11>:et
1344 2259 1476 2291 dicebat
1509 2271 1563 2292 ‘nec
1600 2260 1723 2293 deerat
1782 2263 1822 2294 V.

1061 2307 1158 2336 Beier.
1179 2304 1330 2336 adOffic.
1353 2306 1376 2336 I.
1393 2307 1446 2344 31,
1465 2305 1517 2338 72.
1542 2304 1663 2348 p.169.
1696 2307 1823 2337 Ramsh.

1063 2355 1096 2380 et
1130 2352 1266 2383 Kiitmer.
1302 2349 1336 2381 ll.
1373 2349 1428 2380 (1(1.
1488 2350 1562 2381 Pari
1597 2350 1698 2381 modo
1737 2349 1825 2392 apud

1064 2394 1226 2426 Graecos:
1263 2393 1300 2427 τέ
1322 2413 1365 2418 --
1389 2390 1475 2428 οὒτε.
1524 2396 1572 2426 De
1605 2406 1641 2426 re
1667 2395 1711 2426 cf.
1737 2395 1823 2426 infra

1066 2440 1106 2469 lI.
1131 2440 1172 2477 3,
1197 2438 1228 2472 9.

1133 2487 1161 2515 in
1179 2494 1271 2524 quam
1289 2486 1534 2516 exercitationem
1553 2488 1598 2516 ita
1615 2495 1670 2517 nos
1691 2486 1824 2516 studiose

1063 2530 1219 2570 dedimus]
1253 2529 1292 2559 H.
1313 2540 1340 2559 e.
1367 2529 1409 2560 ad
1433 2541 1528 2571 quam
1553 2529 1823 2560 exercitationem

1063 2580 1191 2604 tantum
1212 2573 1355 2604 studium
1375 2574 1581 2605 contulimus.
1617 2574 1719 2605 Cicer.
1738 2574 1823 2604 Cae-

1064 2619 1113 2650 cil.
1136 2620 1173 2650 2:
1201 2618 1255 2661 qui
1278 2630 1329 2649 me
1351 2617 1393 2649 ad
1419 2617 1649 2649 defendendos
1673 2618 1821 2650 homines

1063 2664 1103 2695 ab
1124 2663 1259 2695 ineunte
1278 2669 1387 2694 aetate
1408 2662 1580 2695 dedissem.
1622 2662 1662 2693 de
1685 2665 1774 2695 Orat.
1795 2664 1820 2694 Ι.

1062 2709 1124 2746 21,
1149 2708 1211 2741 95:
1238 2718 1336 2750 quum
1355 2717 1389 2737 se
1412 2707 1453 2737 ad
1474 2707 1683 2745 audiendum,
1706 2708 1822 2750 legen-

1062 2753 1139 2784 dum
1156 2751 1427 2794 scribendumque
1446 2751 1585 2783 dederit.
1609 2754 1668 2783 ΙΙΙ.
1686 2752 1736 2790 16,
1757 2751 1822 2786 59:

1064 2798 1241 2840 (Socrates)
1275 2807 1372 2839 quum
1404 2796 1577 2838 prudentia
1607 2803 1640 2827 et
1673 2797 1823 2828 acumine

1061 2849 1093 2873 et
1125 2847 1297 2873 venustate
1329 2847 1363 2871 et
1396 2841 1597 2879 subtilitate,
1634 2847 1704 2872 tum
1740 2852 1820 2873 vero

1060 2886 1264 2929 eloquentia,
1302 2884 1479 2918 varietate.
1515 2886 1629 2929 copia,
1665 2897 1761 2928 quam
1785 2897 1820 2917 se

1060 2942 1186 2974 cunque
1208 2930 1240 2961 in
1262 2936 1387 2972 partem
1409 2930 1563 2967 dedisset,
1588 2930 1731 2962 omnium
1753 2929 1819 2961 suit

1058 2975 1155 3007 facile
1188 2975 1348 3017 princeps,
1405 2975 1458 3006 Sic
1490 2975 1577 3018 apud
1603 2975 1817 3008 Ciceronem:

1348 833 1499 863 Ceterum
1520 838 1554 863 et
1575 832 1617 863 ad
1638 835 1765 864 scientia
1789 839 1823 863 et
1859 833 1862 836 '
