1832 3137
671 58 1013 92 PnoLEGoMENA.
1569 50 1618 92 13

172 143 229 181 Ex
262 141 491 180 recentioris
521 140 658 178 aetatis
690 139 932 177 editionibus
966 140 1012 178 de
1048 139 1184 177 critica
1222 139 1378 177 ratione
1409 141 1616 179 consului-

59 224 143 248 mus
174 210 261 248 has:

171 276 304 327 (Em.)
339 276 623 324 Ernestianam3
653 273 765 326 (IV.)
792 274 1020 312 Wolfianam
1040 289 1135 324 scc.;
1167 273 1301 327 (Sclz.)
1321 275 1616 326 Schiitzianam5

59 344 168 396 (Or.)
187 345 425 382 Orellianam
447 342 567 394 (Opp.
588 356 690 379 oum.
705 341 839 378 Turici
858 345 978 380 1828.
1000 350 1037 380 et
1059 343 1117 380 ed.
1136 343 1324 394 peculiar.
1346 343 1442 380 ibid.
1459 345 1618 396 1829.);

60 411 164 465 (Kl.)
203 412 446 449 Klotzianam
478 409 584 461 (Lps.
627 413 745 448 1855.
783 415 820 446 et
856 409 1029 446 eiusdem
1065 410 1285 461 Nachtriige
1322 410 1418 448 ibid.
1459 413 1618 465 1843.);

61 479 202 530 (Mos.)
234 480 491 517 Moserianam
511 477 762 529 (Hanoverae
788 475 943 527 1856.);
973 474 1400 528 (T12)Tregderianam
1426 477 1619 530 (Hauniae

64 547 214 599 1841.).
244 548 331 585 Huc
358 547 548 585 accedunt
569 542 722 597 (Isse-S.)
736 544 788 581 A.
807 545 847 581 S.
865 544 1146 595 [Veserzbergic'
1167 546 1453 584 emendationes
1464 547 1619 585 Tuscu-

60 616 251 653 lanarum.
305 615 348 652 V.
384 613 502 664 praes.
535 612 580 650 ad
613 612 705 650 edit.
738 617 911 649 nostram
943 611 1006 649 IV.

196 903 812 950 TUSCULANARUM
858 903 1486 952 DISPUTATIONUM

702 994 816 1026 LIBRI
844 995 986 1033 PRlMI,

471 1060 539 1094 Qt‘l
561 1060 638 1087 EST
658 1060 711 1086 DE
732 1059 1044 1086 CONTEMNENDA
1065 1060 1223 1091 MORTE,

632 1119 1064 1156 CONSPECTUS.

179 1224 205 1259 l.
264 1223 523 1268 Pnoomnmn,
555 1221 596 1257 in
621 1234 701 1269 quo
725 1219 862 1256 Cicero
884 1221 1055 1257 Graecae
1079 1220 1357 1272 philosophiae
1381 1223 1528 1261 Latinis
1553 1226 1623 1263 lit-

63 1290 155 1326 teris
179 1289 436 1326 illustrandae
455 1287 661 1324 consilium
685 1287 851 1336 exponit
869 1288 1214 1338 Romanorumque
1238 1289 1456 1339 ingenium,
1486 1306 1625 1342 mores,

63 1370 142 1394 rem
177 1363 214 1393 et
247 1355 494 1393 domesticam
528 1361 566 1391 et
600 1354 818 1405 publicam,
855 1353 1008 1391 litteras
1043 1362 1224 1406 artesque
1259 1370 1346 1394 cum
1382 1358 1626 1398 Graecorum

64 1430 277 1474 comparat.
309 1437 392 1473 cap.
429 1427 444 1460 1
467 1426 574 1460 —-4.

175 1491 219 1528 H.
283 1491 534 1528 Disru'm'rio.
604 1490 774 1526 Ponitur
805 1490 853 1526 ab
895 1490 1095 1528 auditore:
1138 1505 1285 1529 MALUM
1321 1506 1408 1530 EssE
1442 1508 1625 1533 MORTEM.

66 1558 308 1606 Quaeritur,
339 1558 442 1595 eisne
466 1572 570 1594 mors
591 1557 733 1595 malum
757 1557 828 1605 sit,
866 1558 933 1608 qui
958 1558 1032 1595 iam
1057 1560 1204 1596 mortui
1227 1561 1325 1609 sint,
1358 1575 1406 1598 an
1429 1562 1501 1610 eis,
1534 1565 1626 1613 qui-

67 1627 140 1662 bus
174 1625 420 1662 moriendum
454 1626 515 1662 sit.
581 1626 743 1662 Malam
774 1632 902 1662 autem
940 1640 1020 1662 eam
1054 1626 1131 1663 vin]
1169 1626 1306 1676 habet,
1348 1635 1395 1666 ut
1429 1630 1529 1667 idem
1564 1632 1626 1680 sit,

67 1693 174 1743 quod
201 1695 413 1737 miserum,
447 1693 631 1742 quoniam
660 1706 766 1730 mors
794 1706 841 1729 ex
863 1693 915 1730 eis
936 1694 1044 1731 malis
1067 1701 1143 1742 est,
1176 1709 1274 1745 quae
1298 1697 1473 1735 sensibus
1492 1700 1627 1749 perci-

67 1761 241 1811 piantur.
301 1760 418 1806 Quod
443 1760 476 1797 si
502 1760 625 1810 igitur
651 1774 756 1797 mors
774 1760 954 1810 utrisque
978 1761 1120 1799 malurn
1151 1770 1221 1800 aut
1242 1764 1424 1801 miserum
1450 1772 1527 1813 est,
1565 1780 1627 1804 se—

65 1828 224 1878 quitur,
266 1834 313 1864 ut
335 1841 465 1865 omnes
486 1828 617 1865 miseri
647 1828 726 1865 sint
749 1834 786 1864 et
809 1841 890 1864 non
916 1828 1044 1864 solum
1064 1829 1214 1876 miseri,
1253 1831 1319 1867 sed
1342 1832 1457 1868 etiam
1479 1847 1628 1883 semper

65 1895 216 1941 miseri,
255 1895 439 1944 quoniam
464 1909 542 1931 non
571 1895 695 1930 solnm
720 1894 747 1930 ii
772 1894 902 1931 miseri
922 1901 1034 1941 sunt,
1073 1896 1140 1945 qui
1161 1898 1322 1945 vivunt,
1359 1899 1426 1936 sed
1451 1900 1566 1937 etiam
1588 1901 1627 1947 ii,

67 1963 132 2012 qui
167 1961 315 1997 mortui
344 1968 451 1997 sunt.
482 1975 515 1998 c.
539 1967 575 1998 5.
606 1960 645 2012 5.
671 1965 707 1999 9.

179 2027 379 2065 Sententia
412 2029 614 2079 proposita
652 2029 855 2066 refellitur.
914 2030 1088 2067 Primum
1120 2031 1428 2081 demonstratur,

187 2100 222 2133 1.
286 2097 454 2132 Mortem
481 2111 559 2133 non
583 2112 666 2133 esse
691 2098 847 2134 malam
870 2112 993 2148 neque
1014 2101 1070 2136 eis·
1083 2126 1095 2142 ‚
1137 2104 1208 2150 qni
1232 2103 1318 2137 iam
1344 2106 1497 2140 mortui
1517 2113 1627 2149 sant,

67 2179 189 2214 neque
213 2166 293 2207 eis,
326 2166 396 2213 qud
415 2164 550 2201 adlmc
577 2167 728 2201 υἰιίιηί.
790 2165 884 2201 Nam
915 2167 957 2216 a)
979 2179 1076 2216 quae
1102 2167 1149 2204 de
1177 2168 1375 2206 deteriore
1401 2178 1492 2220 post
1519 2185 1628 2209 mor—

68 2238 143 2268 tem
167 2237 273 2268 statu
299 2231 507 2279 feruntur,
540 2238 745 2283 poetarum
774 2239 812 2270 et
835 2233 1037 2283 pictorum
1060 2242 1276 2272 commenta
1300 2243 1394 2273 sunt
1416 2244 1453 2274 et
1477 2239 1629 2277 idcirco

69 2299 181 2335 nobis
199 2312 277 2335 non
304 2299 524 2336 metuenda.
546 2314 576 2337 c.
589 2304 626 2338 5.
648 2298 837 2351 5.10.-
867 2300 906 2353 b)
929 2302 1062 2351 Neque
1087 2308 1171 2339 tum
1196 2316 1300 2338 mors
1320 2305 1502 2341 miserum
1525 2304 1627 2358 (nia-

67 2365 164 2413 lum)
187 2372 314 2415 potest
335 2379 426 2413 esse,
456 2367 486 2404 si
508 2366 684 2404 homines
706 2375 798 2418 post
819 2375 983 2405 mortem
1006 2369 1105 2405 nulli
1128 2376 1232 2405 sunt.
1292 2370 1387 2406 Nam
1420 2370 1458 2423 a)
1480 2378 1632 2412 mortui

68 2432 97 2469 si
126 2432 224 2469 nulli
250 2438 364 2479 sunt,
395 2445 464 2469 nec
491 2434 626 2470 mortis
653 2449 805 2472 sensum
836 2442 1003 2486 possunt
1030 2435 1194 2483 habere,
1226 2450 1297 2474 nec
1316 2439 1420 2476 vitae
1448 2441 1629 2480 fortunas

72 2499 291 2547 recordari,
323 2499 376 2536 ita
399 2500 489 2549 quia
515 2501 674 2538 omnino
700 2517 775 2539 non
799 2510 910 2549 sunt,
944 2516 990 2539 ne
1017 2503 1146 2540 miseri
1168 2504 1323 2554 quidem
1347 2519 1426 2544 esse
1448 2517 1628 2558 possunt.

71 2569 171 2617 Ergo
194 2570 365 2604 mortuis
391 2581 495 2604 mors
526 2582 602 2604 non
629 2576 685 2606 est
707 2570 862 2606 malum.
888 2584 918 2605 c.
935 2576 973 2610 6.
996 2569 1184 2621 5.11.-
1207 2586 1238 2609 c.
1258 2577 1295 2612 7.
1339 2575 1471 2624 Neque
1502 2575 1542 2627 β)
1566 2580 1629 2614 m'-

69 2643 224 2678 Ἡραίαν,
259 2648 379 2683 quun]
402 2636 649 2673 moriendum
667 2638 737 2683 sit,
770 2637 897 2673 miseri
915 2644 1028 2685 sunt,
1060 2639 1172 2689 quia,
1204 2642 1388 2690 quoniam
1410 2651 1498 2693 post
1518 2658 1628 2681 mor-

69 2708 144 2739 teni
167 2701 267 2739 nihil
294 2708 351 2739 est
375 2704 483 2751 mali,
518 2717 563 2740 ne
586 2718 690 2740 mors
717 2704 871 2753 quidem
894 2711 951 2743 est
968 2707 1124 2744 malum.
1186 2708 1308 2746 Morti
1333 2717 1460 2747 auten]
1483 2711 1628 2760 proxi-

71 2783 172 2806 mum
196 2777 346 2820 tempus
369 2778 426 2808 est
447 2778 536 2821 post
559 2778 734 2818 mortem,
766 2771 806 2809 in
831 2786 930 2823 quo,
959 2774 1017 2812 uti
1044 2775 1193 2813 dictum
1213 2783 1291 2824 est,
1322 2778 1410 2814 mali
1435 2778 1535 2814 nihil
1558 2785 1628 2816 est.

71 2837 127 2873 Ita
150 2851 197 2874 ne
217 2838 462 2875 moriendum
484 2839 638 2889 quiden]
661 2852 741 2876 esse
759 2840 900 2878 malum
925 2848 1001 2891 est,
1031 2842 1072 2880 id
1092 2849 1147 2880 est
1168 2844 1289 2892 enim,
1320 2844 1627 2895 perveniendum

72 2915 150 2941 esse
180 2905 225 2942 ad
258 2905 322 2953 id,
354 2906 461 2956 quod
494 2920 572 2944 non
605 2913 661 2944 est
691 2907 845 2945 malum.
877 2922 908 2946 c.
931 2912 969 2946 8.
1000 2907 1074 2961 (Cf.
1101 2925 1133 2948 c.
1153 2910 1237 2962 54.)
