1863 3221
267 112 317 154 16
868 118 1213 152 PRoLEeoMENA.

262 218 413 243 necesse
436 210 506 242 est.
537 216 568 239 e.
593 206 659 239 25.
681 199 723 252 §.
748 204 816 240 60.
840 204 907 239 61.
929 221 986 228 —
1043 199 1084 252 β)
1107 201 1235 238 Porro
1252 199 1432 250 reliquae
1457 200 1577 237 animi
1603 200 1820 249 facultates,

262 287 362 324 quae
384 279 444 310 tot
465 285 527 309 res
550 276 586 307 et
607 275 737 306 tantas
759 268 960 317 efficiunt,
990 282 1072 305 non
1094 281 1143 305 ex
1161 267 1236 305 hac
1259 273 1414 305 terrena
1435 268 1671 317 mortalique
1691 274 1729 305 et
1752 282 1819 306 ca-

262 342 364 379 duca
389 346 531 377 natura
562 342 766 375 concretae
788 349 868 374 esse
892 342 1079 386 possunt,
1111 334 1178 372 sed
1198 334 1301 372 clare
1323 335 1557 383 ostendunt,
1588 334 1764 372 divinam
1781 347 1821 373 se

264 408 406 446 habere
430 407 510 444 vim
534 406 583 443 ob
605 417 764 454 eamque
783 417 865 441 rem
889 403 1052 441 interire
1077 417 1158 440 non
1187 415 1313 453 posse.
1346 416 1379 439 c.
1395 407 1462 440 25.
1485 401 1524 454 ὃ.
1549 406 1614 441 62.
1643 416 1676 440 c.
1697 406 1765 441 26.

373 484 410 536 c)
426 484 603 522 Tertium
622 489 907 533 argumentum,
937 497 964 519 a
983 483 1165 532 simplici
1183 482 1316 518 animi
1333 488 1486 518 natura
1502 481 1679 518 ductum.
1720 481 1818 518 Ani-

262 568 346 591 mus
370 552 536 603 simplex
558 558 632 600 est,
663 551 717 587 ita
740 564 811 588 nec
836 549 965 588 dividi
991 555 1142 599 potest,
1174 562 1245 586 nec
1271 548 1453 597 interire,
1484 555 1541 585 est
1567 550 1669 585 enim
1689 548 1821 585 inter—

260 622 339 658 itus
370 620 483 670 quasi
508 619 697 656 discessus
722 626 760 655 et
784 618 948 655 secretio
982 630 1116 654 earum
1139 617 1332 667 partium,
1372 629 1471 665 quae
1496 622 1586 652 ante
1616 615 1822 652 interitum

261 688 464 726 iunctione
481 687 613 736 aliqua
630 686 880 723 tenebantur.
912 699 944 722 c.
964 688 1030 722 27.
1050 682 1090 735 §.
1110 687 1176 722 66.
1237 683 1339 734 (Hoc
1359 689 1653 734 argumentum,
1685 682 1821 734 paucis

261 757 347 794 aliis
377 754 614 802 interiectis,
646 768 678 791 c.
699 756 765 791 29.
788 751 828 803 §-
853 756 919 791 71.
949 751 1093 789 iterum
1125 750 1480 802 commemoratur.)

374 833 432 885 (5)
457 832 658 870 Sententia
683 831 909 882 proposita,
945 831 1182 867 immortales
1205 843 1285 867 esse
1313 830 1478 876 animos,
1519 828 1747 866 defenditur
1773 828 1822 865 ab

263 902 334 949 eis,
365 914 464 951 quae
496 907 636 937 contra
666 913 749 937 eam
778 898 914 935 afferri
943 898 1110 949 possint.

373 978 410 1029 a)
439 979 559 1025 Quod
575 979 745 1029 primum
769 977 885 1015 obiici
908 977 1043 1027 possit,
1075 976 1245 1013 animum
1269 991 1349 1013 non
1371 976 1504 1013 videre
1526 977 1690 1012 formam
1714 987 1823 1011 suam

263 1062 334 1086 nec
353 1048 471 1094 scire,
509 1047 579 1083 ubi
603 1045 773 1094 habitet,
812 1045 854 1082 id
876 1045 961 1082 leve
987 1050 1055 1081 est.
1117 1045 1210 1081 Nam
1236 1050 1280 1080 ut
1312 1043 1470 1090 oculus,
1502 1042 1558 1079 sic
1583 1044 1753 1089 animus,
1784 1054 1824 1078 se

262 1130 343 1152 non
366 1115 524 1161 videns,
555 1114 630 1150 alia
652 1113 798 1160 cernit,
830 1112 1035 1149 facultates
1060 1117 1164 1147 certe
1190 1124 1278 1147 suas
1301 1111 1421 1148 videt.
1453 1124 1485 1147 c.
1512 1114 1579 1148 27.
1599 1108 1640 1159 §.
1663 1112 1731 1147 66.
1754 1112 1823 1147 67.

264 1185 311 1221 Et
330 1189 376 1220 ut
396 1182 503 1229 deus,
535 1182 605 1218 etsi
624 1180 748 1217 oculis
770 1179 897 1216 videri
919 1192 999 1216 non
1022 1184 1164 1228 potest,
1195 1177 1423 1227 agnoscitur
1445 1190 1494 1214 ex
1513 1177 1701 1227 operibus
1723 1177 1822 1225 suis,

263 1252 316 1288 ita
337 1264 386 1287 ex
411 1248 559 1286 divinis
585 1248 702 1285 animi
723 1247 980 1284 facultatibus
1006 1245 1087 1282 eius
1110 1245 1170 1282 vis
1196 1245 1330 1282 divina
1354 1245 1592 1295 agnoscitur.
1624 1258 1657 1281 c.
1684 1248 1750 1282 28.
1802 1266 1822 1270 -

263 1317 355 1370 (Hic
375 1317 519 1354 iterum
546 1316 712 1353 affertur
736 1320 1007 1364 argumentum
1034 1311 1339 1349 immortalitatis
1365 1325 1385 1347 a
1408 1312 1573 1361 simplici
1606 1311 1723 1347 animi
1750 1325 1823 1348 na-

264 1393 355 1423 tura
377 1386 554 1422 ductum.
578 1405 634 1410 -
692 1384 790 1419 Tum
811 1388 1032 1431 sequuntur
1056 1379 1229 1416 Socratis
1252 1386 1288 1416 et
1309 1379 1467 1415 Catonis
1498 1378 1671 1428 exempla
1686 1407 1695 1425 ‚
1727 1391 1825 1427 quae

264 1453 463 1490 luculente
500 1451 795 1497 demonstrant,
834 1449 930 1486 haec
963 1449 1010 1485 de
1049 1448 1269 1484 animorum
1293 1445 1586 1482 immortalitate
1607 1445 1825 1496 persuasio,

264 1535 363 1571 quae
385 1519 505 1556 firmis
533 1518 686 1555 nitatur
709 1516 972 1568 argumentis,
1015 1521 1201 1565 quantam
1228 1514 1273 1551 ad
1308 1513 1628 1550 contemnendam
1661 1519 1826 1549 mortem

263 1589 344 1626 vim
368 1588 510 1625 habere
541 1585 666 1637 possit
684 1591 801 1634 atque
824 1584 1100 1621 efficacitatem.
1123 1604 1179 1609 -
1236 1580 1408 1618 Socratis
1433 1580 1626 1618 sententia
1659 1580 1707 1616 de
1736 1580 1824 1616 ani-

263 1669 418 1694 morum
440 1661 530 1706 post
549 1660 712 1690 mortem
737 1659 843 1689 statu
865 1652 1094 1702 exponitur.
1115 1672 1170 1678 —
1212 1649 1370 1686 Catonis
1391 1648 1610 1698 exemplum
1632 1647 1826 1695 admonet,

264 1730 310 1761 ut
329 1736 455 1773 pauca
475 1722 661 1758 dicantur
683 1721 730 1757 de
747 1726 885 1766 morte,
918 1733 1033 1769 quam
1057 1719 1143 1767 quis
1166 1717 1240 1754 sibi
1262 1718 1344 1767 ipse
1367 1715 1587 1753 consciscit.
1610 1736 1666 1742 —-
1725 1715 1825 1751 Sen-

265 1790 408 1828 tentia:
452 1797 581 1825 totam
610 1788 945 1838 philosophorum
979 1789 1111 1822 vitam
1145 1786 1517 1821 commentationem
1549 1785 1692 1818 morti-s·
1727 1797 1824 1825 esse,

265 1858 416 1908 egregie
443 1856 684 1893 illustratur.
716 1869 746 1891 c.
773 1858 826 1892 29
847 1852 987 1902 —51.)

377 1933 419 1986 b)
451 1936 548 1971 'sum
571 1933 810 1971 refelluntur
836 1933 987 1974 Stoici,
1029 1930 1098 1981 qui
1122 1930 1271 1967 animos
1294 1942 1448 1966 manere
1473 1928 1631 1975 dicunt,
1670 1940 1790 1977 quum
1809 1940 1829 1965 e

265 2016 435 2054 corpore
457 2001 714 2047 excesserint,
753 2000 819 2036 sed
847 2013 928 2036 non
957 2012 1124 2049 semper:
1164 1997 1270 2048 quod
1296 1997 1473 2047 ineptum
1496 2002 1571 2044 est,
1603 1995 1701 2031 dant
1728 1995 1828 2031 enim

267 2072 327 2117 id,
359 2069 467 2119 quod
491 2068 769 2104 difficillimum
792 2067 833 2103 in
869 2080 1000 2103 caussa
1022 2072 1099 2112 est,
1139 2078 1250 2115 posse
1278 2064 1449 2101 animum
1479 2076 1633 2100 manere
1661 2074 1829 2114 corpore

266 2144 488 2185 vacantem,
529 2135 679 2172 tollunt
713 2140 841 2170 autern
873 2133 932 2181 id,
973 2133 1079 2183 quod
1116 2132 1228 2169 facile
1263 2137 1341 2179 est,
1378 2145 1442 2167 eos
1476 2143 1626 2180 semper
1658 2142 1827 2166 manere.

268 2221 298 2243 c.
321 2209 389 2244 51.
413 2208 479 2242 52.
504 2201 544 2254 §-
561 2206 627 2241 78.
688 2202 857 2251 Itemque
877 2200 1084 2237 Panaetius
1106 2201 1356 2246 confutatur,
1387 2197 1468 2247 qui,
1499 2197 1604 2247 quod
1631 2203 1667 2233 et
1692 2209 1827 2233 nasce—

266 2280 406 2310 rentur
429 2271 561 2318 animi,
593 2269 689 2306 etin
710 2270 891 2305 morbum
914 2268 1109 2316 caderent,
1141 2281 1206 2304 eos
1230 2267 1346 2304 etiam
1368 2264 1531 2302 interire
1556 2263 1828 2301 concludebat.

268 2356 299 2378 c.
325 2345 392 2379 52.
420 2338 459 2391 §-
487 2342 553 2378 79.
585 2351 617 2374 e.
641 2340 708 2375 55.

379 2423 419 2458 5.
479 2418 616 2455 Cicero
639 2416 688 2453 ad
706 2414 976 2467 propositum:
1009 2416 1052 2450 in
1077 2420 1199 2449 morte
1223 2412 1333 2448 nillil
1353 2426 1434 2447 esse
1460 2411 1584 2453 mali,
1618 2422 1828 2460 regressus,
1857 2428 1863 2433 ι

269 2487 544 2537 quaestionem,
578 2497 692 2534 quam
715 2484 791 2520 iam
811 2496 930 2533 supra
954 2481 1149 2532 attigerat,
1181 2494 1292 2522 niam,
1324 2494 1371 2515 ne
1390 2481 1427 2515 si
1446 2481 1642 2515 intereant
1668 2476 1830 2527 quidem.

270 2557 429 2597 (mimi,
469 2556 512 2590 iri
535 2554 660 2589 malis
684 2550 869 2588 ducenda
894 2553 950 2586 sit
981 2563 1109 2591 mol-S,
1149 2553 1351 2585 retractat.
1410 2547 1466 2583 Ne
1486 2545 1540 2581 sic
1566 2544 1716 2593 quidem
1740 2556 1824 2579 ma-

270 2622 349 2658 lum
379 2628 430 2658 est
465 2634 582 2657 mors.
643 2620 754 2666 Nam,

381 2698 417 2750 a)
451 2699 509 2734 uti
534 2711 653 2748 supra
673 2697 981 2734 demonstratum
1007 2701 1082 2739 est,
1113 2695 1143 2731 si
1167 2694 1317 2731 animus
1336 2690 1391 2727 sic
1412 2689 1572 2738 interit,
1602 2695 1649 2726 ut
1672 2702 1829 2739 corpus,

270 2773 361 2818 post
379 2772 541 2802 mortem
566 2765 717 2801 nullum
740 2777 893 2804 sensum
914 2762 1110 2800 habemus.
1162 2761 1235 2812 (Cf.
1260 2771 1381 2809 supra
1403 2771 1435 2794 c.
1456 2755 1538 2806 11.)
1559 2771 1591 2794 c.
1612 2760 1680 2795 54.
1702 2754 1743 2807 ᾗ.
1761 2759 1828 2793 82.

384 2831 423 2884 b)
454 2833 538 2883 Ipse
559 2838 687 2868 autem
705 2831 823 2868 animi
841 2845 860 2867 a
880 2843 1051 2881 corpore
1070 2829 1256 2867 discessus
1278 2826 1309 2862 si
1329 2825 1374 2861 fit
1391 2838 1477 2861 cum
1497 2824 1646 2871 dolore,
1680 2823 1711 2860 is
1730 2836 1828 2873 per·-

272 2915 387 2951 quam
415 2906 472 2937 est
504 2899 687 2949 exiguus,
728 2904 767 2934 at
793 2898 1025 2947 plerumque
1052 2897 1096 2934 fit
1130 2896 1213 2933 sine
1243 2906 1378 2941 sensu,
1410 2904 1694 2941 nonnunquam
1715 2890 1827 2928 etiam

272 2981 359 3006 cum
389 2968 603 3018 voluptate.
637 2980 668 3003 e.
693 2968 759 3004 54.
790 2962 829 3014 §-
856 2967 922 3001 82.
