1832 3137
609 132 768 165 LIBER
790 133 846 166 IV.
871 132 934 173 33,

960 132 1015 166 70.
1525 125 1580 168 38
1591 129 1599 167 1

159 212 260 249 Cm'4
297 213 337 249 in
369 224 479 249 mmm
509 213 581 258 sit,
616 226 720 263 quem
747 215 827 251 esse
856 215 1055 252 (lemenlem
1086 216 1188 262 velit,

157 285 268 333 Quem
297 287 456 334 sapere,
490 298 594 335 quem
625 288 796 324 insanire
809 286 827 310 ⁵
842 316 852 332 ,
887 300 992 337 quem
1023 290 1060 326 e'le
1092 288 1256 326 morbum
1289 290 1422 335 ι’)ιίίοῖ,

156 358 268 406 Quem
299 360 432 395 eontra
462 360 607 403 amari,
642 372 746 409 quem
777 359 922 408 (impeti,
957 374 1060 410 quem
1092 363 1278 400 arcesse'et·
1294 363 1329 400 ὅ.

41 434 110 470 69.
146 425 181 469 Ο
204 429 442 483 praeclaram
465 429 766 470 emendatricem
786 429 914 480 vitae,
948 432 1160 484 poeticam!
1196 447 1293 487 quae
1310 447 1505 485 amorem,
1539 433 1606 474 fla-

1544 505 1606 548 De

42 575 242 615 comoedia
269 575 430 629 loquor,
464 589 584 629 quae,
618 575 650 615 si
674 575 769 615 haec
791 575 935 629 flagitia
954 590 1031 616 non
1055 578 1329 631 probaremus,
1374 580 1475 620 nulla
1502 587 1608 621 esset

42 501 125 556 gitii
148 508 187 542 et
205 501 373 543 levitatis
394 509 591 542 auctorem
606 534 616 553 ‚
651 502 689 542 in
711 502 875 543 concilio
895 503 1054 544 deorum
1075 505 1338 547 collocandum
1362 514 1481 562 putet.

44 647 218 688 omniuo.
281 646 383 701 Quid
416 649 469 688 ait
500 662 553 688 ex
585 648 782 703 tragoedia
816 648 994 703 princeps
1025 649 1090 689 ille
1120 651 1466 704 Argonautarum?

161 724 212 760 Τά
244 736 300 760 me
328 725 467 760 amoris
497 722 618 772 vitigis
634 752 643 769 ,
680 736 788 773 quam
819 723 972 760 lionoris
1001 724 1204 761 servavisti
1225 728 1375 774 gratia.

45 792 147 847 Quid
174 795 295 847 ergo?
337 794 396 834 hic
419 808 527 834 amor
548 792 716 834 Medeae
742 800 886 848 quanta
914 793 1158 835 miseriarum
1183 796 1373 837 excitavit
1400 796 1602 838 incendia!

41 866 173 920 Atque
197 880 242 907 ea
263 873 393 907 tamen
419 866 518 922 apud
542 867 656 907 alium
684 872 836 921 po'e'tam
863 867 964 922 patri
990 867 1120 909 dicere
1143 869 1282 920 audet,
1324 883 1368 910 se
1395 869 1602 924 coniugem

44 939 228 1004 habuisse

155 1015 266 1053 Illum
280 1044 290 1061 ‚
324 1017 447 1053 Amor
475 1028 580 1066 quem
610 1016 786 1061 dederat,
821 1017 890 1066 qni
908 1017 999 1066 plns
1023 1017 1145 1067 pollet
1168 1019 1367 1068 potiorque
1397 1019 1457 1056 e'st
1476 1024 1602 1068 patre.

155 1084 366 1127 XXXIII.

45 1159 118 1200 hoc
153 1159 299 1213 flagitio
332 1160 483 1200 versari
517 1159 642 1214 ipsum
669 1160 845 1200 videmus
880 1159 1031 1201 lovem.

430 1092 499 1128 70.
542 1084 624 1127 Sed
655 1092 790 1141 po'e‘tas
815 1087 949 1128 ludere
972 1088 1173 1138 sinamus,
1208 1103 1372 1142 quorum
1406 1089 1544 1130 sabulis
1568 1090 1608 1129 iu

1095 1160 1157 1201 Ad
1190 1162 1401 1216 magistros
1433 1162 1605 1213 virtutis,

44 1232 316 1287 philosophos,
356 1234 584 1284 veniamus,
626 1233 689 1287 qui
715 1247 885 1273 amorem
913 1241 1056 1287 negant
1078 1234 1201 1289 stupri
1225 1248 1313 1275 esse
1338 1243 1377 1275 et
1399 1235 1438 1275 in
1464 1249 1511 1276 eo
1531 1235 1608 1276 liti-

45 1313 140 1360 gant
180 1320 265 1346 cum
299 1305 494 1361 Epicuro,
535 1321 612 1346 non
652 1307 834 1356 multum,
877 1314 919 1346 nt
949 1307 1079 1361 opinio
1120 1321 1204 1347 mea
1238 1308 1336 1358 fert,
1376 1308 1605 1349 mentiente.

47 1376 146 1432 Quis
170 1386 228 1419 est
253 1379 356 1419 euim
379 1379 454 1420 iste
475 1393 586 1419 amor
603 1379 822 1420 amicitiae?
853 1393 922 1419 cur
942 1393 1067 1433 neque
1088 1381 1300 1420 deformem
1319 1381 1608 1422 adolescentem

137 1499 159 1535 4
188 1504 266 1535 Ern.
293 1501 379 1534 coni.
405 1504 519 1535 Cuius:

49 1559 162 1580 omnes
186 1548 256 1579 fere
280 1547 376 1579 codd.
392 1573 400 1588 ‚
425 1548 524 1579 etiam
544 1549 619 1579 Vat.
643 1547 680 1580 R.
705 1548 739 1579 P.
768 1548 853 1579 Gud.
875 1547 903 1579 1.
925 1548 985 1585 11.;
1012 1549 1066 1579 Or.
1093 1559 1120 1579 c.
1142 1547 1242 1580 duob.
1270 1550 1350 1579 Oxx.
1375 1555 1408 1579 et
1429 1547 1609 1590 compluri-

47 1594 106 1625 bus
132 1592 207 1625 edd.
233 1599 314 1625 vett
337 1595 468 1633 sanari,·
503 1592 586 1624 aliae
620 1591 695 1623 edd.
720 1599 800 1624 vett.
832 1602 957 1624 sanare
1002 1592 1193 1624 Sententiae
1225 1592 1273 1624 sic
1296 1592 1357 1624 sibi
1389 1593 1608 1635 respondent:

553 1501 643 1545 quod
665 1502 722 1534 Kl.
748 1502 897 1544 recepit,
932 1514 1018 1534 nunc
1047 1508 1156 1534 autem
1180 1501 1213 1534 in
1237 1502 1321 1536 Add.
1346 1502 1464 1534 reiicit.
1511 1502 1532 1534 5
1556 1502 1611 1535 Sic

53 1639 84 1678 1)
110 1637 298 1669 dementem
321 1648 391 1668 esse
411 1644 444 1668 et
465 1648 602 1679 sapere;
626 1635 692 1678 2)
683 1636 903 1676 1nsanire,in
925 1637 1031 1669 morb.
1053 1637 1110 1669 ini.
1132 1644 1165 1668 et
1187 1649 1279 1680 seqq.
1325 1634 1347 1668 6
1371 1638 1425 1669 Sic
1447 1639 1501 1669 Or.
1529 1649 1555 1669 c.
1578 1638 1609 1670 b.

48 1684 119 1714 MS.
141 1682 172 1714 in
193 1694 294 1725 marg.
319 1685 391 1713 Asc
406 1680 436 1713 2.
463 1682 642 1724 (accersier)
667 1688 700 1712 et
723 1681 799 1712 edd.
822 1689 904 1714 vett.
928 1682 965 1714 E.
989 1683 1048 1719 D.;
1077 1683 1114 1714 Ρ.
1137 1693 1189 1724 ap.
1202 1683 1297 1713 Wes.
1322 1685 1478 1714 accersiri.
1502 1685 1610 1715 Arces-

48 1730 103 1761 siri
125 1728 273 1770 plerique
307 1726 424 1765 codd,

49 1774 247 1816 (arcessiri),
270 1782 359 1812 quem
379 1774 490 1812 expeti.

48 1851 181 1895 quidem
203 1851 330 1882 formae
352 1856 427 1881 suut
446 1849 643 1893 scriptoium
666 1850 735 1881 fere
756 1862 811 1882 re-

50 1897 253 1934 centiorum,
288 1906 355 1927 non
387 1895 628 1938 antiquiorum,
665 1895 810 1938 exceptis

51 1941 223 1974 adiectivis
248 1940 420 1972 materiam
445 1940 654 1980 notantibus,
690 1947 726 1972 ut
750 1943 810 1981 ser-

46 1997 138 2026 reus,
161 1987 324 2026 lapideus,
350 1991 428 2017 cett.

119 2034 210 2063 Totus
233 2030 320 2073 vero]
349 2031 395 2060 De
418 2039 489 2061 vero
514 2042 543 2060 v.
557 2029 599 2061 ad
626 2031 649 2060 1.
676 2027 728 2068 41,
756 2028 810 2063 95.

117 2086 177 2116 quo
191 2077 312 2107 nomine
334 2076 396 2105 alio
409 2077 504 2114 possit
518 2074 688 2117 appellari]
710 2075 811 2106 Recte

53 2122 180 2161 Wolfius
204 2120 303 2151 docet
339 2119 511 2150 commode
545 2119 689 2151 Graecos
723 2119 812 2151 iuter

51 2164 129 2210 εἷρᾷν
149 2172 182 2196 et
202 2166 307 2208 φιλεῖν
325 2164 538 2206 distinguere.

118 2212 211 2242 deum
230 2211 297 2251 qui]
323 2211 406 2240 Sunt
419 2208 541 2240 semnii
562 2208 705 2241 iambici.
739 2209 811 2241 Ge-

50 2254 130 2287 mini
159 2266 271 2287 versus
303 2265 340 2285 ex
363 2253 527 2296 Euripidis
558 2254 691 2293 fabula,
729 2265 812 2297 quae

50 2299 304 2342 Augeinscripta
324 2306 405 2337 erat,
425 2298 600 2330 laudantur
614 2299 702 2342 apud
715 2299 810 2330 Stob.

51 2347 154 2377 Serm.
178 2346 269 2376 LXI.
278 2356 326 2398 'Pp'
331 2344 415 2376 3:57:
442 2344 494 2386 qui
519 2344 565 2376 sic
588 2355 623 2375 se
648 2344 786 2375 habent:

88 2387 233 2432 Ἔρωτα
257 2386 286 2423 ’δ’
307 2384 377 2425 ὅςτ.
380 2399 396 2425 ς
418 2387 464 2430 μὴ
492 2387 570 2422 ἐτεὸν
588 2388 690 2441 κρίνει
708 2388 810 2430 μέγαν

98 2433 170 2467 Καὶ
187 2435 252 2466 τῶν
272 2446 304 2467 α
296 2430 424 2466 ’άντων
430 2431 602 2485 δαιμόιων
612 2429 810 2486 υπέρτατον,

88 2473 144 2512 ἪΗ
169 2477 288 2516 σκαιός
311 2476 399 2510 ἐστω
424 2472 447 2519 η’
472 2478 582 2510 καλῶν
607 2473 742 2519 ἄπειρος
767 2489 812 2510 ων

100 2520 175 2557 Ουκ
192 2520 261 2557 οἶδε
278 2520 334 2556 τὸν
351 2521 505 2564 μέγιστον
522 2518 691 2563 οἷυὲἳρώποι
682 2533 710 2559 ς
725 2517 812 2555 ἓτεὸν.

55 2569 152 2601 Unde
173 2567 349 2600 Caecilium
369 2578 425 2598 sua
451 2566 581 2609 petisse,
603 2565 814 2598 arbitraban-

54 2621 107 2646 tur
122 2613 288 2646 Ciceronis
313 2611 477 2651 editores3
502 2618 536 2643 at
561 2618 650 2643 recte
669 2613 815 2642 Davisius

54 2665 190 2698 monet,
228 2657 405 2689 Caecilium
441 2667 508 2688 non
545 2655 736 2699 Euripidem
772 2655 815 2687 ob

57 2703 170 2736 oculos
192 2702 356 2739 habuisse,
381 2701 440 2733 sed
463 2702 538 2732 Men
544 2701 700 2739 mdium
727 2699 815 2731 cuius

57 2745 321 2790 Συναριστώσαις
342 2759 360 2779 e
374 2746 564 2779 testimonio
582 2745 680 2777 Nonii
699 2744 816 2776 Latine

58 2799 212 2824 v.erterat
260 2791 443 2824 Menander
472 2798 581 2823 autem
614 2789 816 2832 Euripidem,

61 2837 218 2869 Caecilius
240 2837 457 2869 Menandrum
487 2835 648 2868 imitando
679 2846 816 2877 expres-

59 2882 111 2913 sit.
159 2882 246 2913 Nam
264 2881 362 2913 etiam
382 2882 415 2913 in
440 2881 496 2913 illa
507 2879 682 2913 Menandri
704 2879 816 2911 fabula

57 2925 188 2958 Amoris
219 2932 367 2969 potestas
394 2926 597 2967 celebratur,
633 2924 680 2956 uti
704 2923 817 2957 videre

57 2971 136 3004 lieet
163 2982 202 3003 ex
226 2970 371 3004 Stobaeo
394 2970 416 3003 l.
441 2970 473 3003 d.

461 1726 559 1758 etiam
581 1728 655 1758 vat.
679 1726 718 1758 R.
743 1726 830 1757 Gud.
855 1725 906 1765 1.;
943 1727 1120 1769 pleraeque
1153 1727 1229 1758 edd.
1252 1733 1331 1759 vett.
1355 1737 1444 1767 quem
1466 1730 1612 1760 accersiri

916 1852 973 1882 Cui
987 1853 1019 1882 in
1033 1860 1130 1882 manu
1143 1852 1181 1882 sii
1195 1851 1271 1892 ete]
1292 1851 1326 1881 ln
1342 1850 1430 1883 cuius
1444 1856 1612 1893 potestate

846 1895 899 1933 sit,
926 1906 1021 1937 quem
1045 1895 1232 1926 dementem
1255 1906 1324 1926 esse
1347 1895 1438 1933 velit,
1460 1907 1534 1927 eum
1547 1895 1611 1927 de-

846 1947 990 1971 mentem
1010 1951 1080 1971 esse
1101 1939 1152 1970 vel
1178 1951 1252 1971 eum
1274 1939 1461 1972 dementem
1488 1941 1608 1972 facere.

914 1985 941 2026 ᾖ.
962 1983 1017 2017 69.
1058 1986 1146 2016 nulla
1175 1989 1249 2016 esset
1277 1986 1414 2028 omnino]
1441 1985 1612 2028 'intelligit

846 2030 1027 2061 Romanam
1051 2036 1085 2061 et
1099 2030 1300 2061 Graecorum
1320 2030 1537 2062 recentiorem
1555 2041 1611 2062 co-

846 2074 1022 2113 moediam,
1047 2085 1115 2106 non
1139 2080 1306 2114 veterem,
1332 2075 1436 2117 qualis
1461 2081 1511 2106 est
1531 2074 1611 2106 Ari-

845 2119 1028 2162 stophanis.

915 2166 960 2196 Tu
995 2163 1058 2207 me]
1102 2165 1160 2195 Est
1194 2169 1390 2196 tetrameter
1422 2164 1611 2196 trochaicus

848 2209 1068 2241 catalecticus.
1124 2208 1222 2250 Apud
1259 2209 1372 2252 Enrip.
1409 2209 1498 2241 Med.
1534 2210 1612 2243 530.

846 2254 894 2286 sic
920 2256 993 2286 Iaso
1019 2253 1172 2285 Medeam
1197 2253 1394 2308 alloquitur:

1233 2295 1354 2359 ''2E0‹0:
1380 2294 1410 2330 σ’
1434 2296 1611 2340 η’)άγκασε

892 2339 1014 2377 Πόνων
1027 2340 1321 2395 ἀφύκτωυτουμόν
1332 2341 1483 2375 ἐκσωσαι
1474 2342 1532 2376 δέ
1534 2354 1610 2385 μας.

846 2389 1052 2419 Vocabulum
1095 2390 1199 2427 mayis
1244 2387 1526 2429 pronuntiandum
1561 2394 1611 2419 est

845 2435 943 2473 mayi.
989 2434 1028 2464 V.
1054 2432 1096 2463 ad
1122 2432 1210 2470 1.9,
1241 2434 1289 2464 10.

915 2479 1020 2518 Illum]
1054 2478 1108 2507 Est
1133 2483 1263 2508 tetram.
1287 2476 1393 2509 troch.
1420 2476 1572 2510 catalect.

917 2522 994 2552 Car.
1018 2522 1184 2552 XXXlll.
1212 2521 1308 2562 §.To
1332 2531 1463 2560 quorum
1479 2522 1627 2565 fabulis]-

849 2568 936 2598 Bene
965 2568 1090 2606 Wolfius
1113 2565 1212 2596 docet
1235 2567 1361 2606 fabulas
1390 2566 1421 2597 h.
1440 2566 1460 2597 l.
1483 2566 1611 2598 intelli-

849 2610 973 2653 gendas
999 2622 1069 2641 esse
1092 2609 1231 2653 μύὲους,
1257 2621 1322 2642 non
1344 2610 1489 2642 scenicas
1511 2611 1610 2643 fabu—

851 2657 916 2687 las:
943 2654 1032 2697 quod
1057 2654 1084 2686 si
1109 2662 1214 2693 esset,
1248 2655 1441 2687 Ciceronem
1464 2656 1610 2699 scriptu—

850 2711 922 2732 rum
947 2700 1046 2731 fuisse
1070 2703 1102 2732 in
1125 2702 1249 2740 fabulis.

916 2749 1030 2785 negant
1061 2747 1160 2784 stupri
1194 2744 1271 2788 esse]
1308 2745 1412 2777 Stoici
1444 2745 1608 2784 dicebant,

850 2800 996 2822 amorem
1013 2788 1061 2832 μή
1082 2787 1165 2823 εἶναι
1185 2789 1369 2829 συνουσίας,
1384 2787 1468 2824 emet
1487 2789 1608 2831 φιλίας.

852 2835 1283 2876 Diog.Laert.V1[.150.
1332 2835 1435 2866 Addit
1463 2836 1611 2866 Davisius

852 2879 1056 2911 Athenaeum
1079 2880 1220 2923 X111.p
1197 2891 1230 2923 p.
1252 2878 1329 2913 561.
1381 2879 1470 2910 Idem
1494 2879 1610 2910 statuit

851 2924 1045 2956 Aristoteles
1069 2936 1122 2967 ap.
1149 2924 1245 2966 Diog.
1272 2925 1310 2956 L.
1335 2924 1384 2962 V,
1409 2923 1461 2955 31.

917 2972 950 3002 in
968 2979 1002 3002 eo
1022 2971 1146 3010 lieiyanc
1164 2979 1236 3003 cum
1253 2968 1402 3010 Epicuro]
1426 2966 1608 3009 „Epicurus
