1863 3221
233 110 321 146 XV!
887 114 1130 146 PRAEFATIO

230 216 459 269 utramque
487 211 655 269 partem
680 205 875 252 excussis
899 205 1014 251 inter
1041 220 1174 266 seque
1197 210 1481 267 comparatis,
1519 213 1680 269 quanta
1703 226 1784 270 po—

229 300 294 347 tui
317 298 502 345 maxima
528 296 777 357 diligentia,
815 295 1058 342 examinavi
1085 300 1127 341 et
1149 296 1220 342 vel
1248 296 1441 344 breviter
1466 299 1513 344 in
1541 298 1783 360 scripturae

230 390 441 437 varietate
478 387 572 444 vel,
617 384 691 431 ubi
727 401 837 447 opus
877 390 995 443 erat,
1041 384 1184 431 fusius
1216 386 1261 430 in
1298 386 1652 434 adnotationibus
1681 404 1785 434 sen-

229 479 412 525 tentiam
440 492 580 522 meam
604 475 740 522 libere
767 479 894 535 atque
916 476 1103 537 ingenue
1127 475 1391 536 exprompsi.
1462 471 1587 524 Hanc
1607 478 1785 540 ingres-

231 585 306 615 sus
346 567 462 615 viam
493 566 576 612 etsi
608 565 713 611 mihi
749 565 903 612 videor
938 565 1055 611 haud
1094 565 1325 611 admodum
1360 566 1510 626 paucis
1543 567 1650 614 locis
1693 584 1783 615 non

227 657 388 704 iniuria
411 655 675 704 dissensisse
700 656 749 701 ab
775 653 969 715 Orellio,
1003 659 1149 701 tamen
1170 655 1307 701 satius
1329 655 1431 701 duxi
1451 656 1784 717 praestantissi-

228 764 343 794 mam
377 747 496 793 illam
521 745 823 792 recensionem
856 744 1093 802 illibatam,
1142 760 1270 803 quam
1305 744 1374 792 hic
1399 745 1489 792 illic
1513 746 1783 793 immutatam

227 842 441 899 repetere.

361 927 533 973 Deinde
563 927 707 973 omnia
743 942 1023 986 quaecunque
1056 930 1158 988 post
1189 926 1383 987 priorem
1409 927 1645 974 editionem
1670 942 1784 974 nova

227 1019 273 1064 in
319 1017 460 1063 lucem
496 1016 761 1077 prodierunt
797 1016 991 1062 subsidia
1030 1017 1264 1079 diligenter
1302 1018 1496 1075 excussi,
1541 1021 1614 1074 ut,
1664 1016 1784 1076 quic-

229 1107 333 1167 quid
361 1106 589 1153 videretur
618 1121 668 1151 ex
706 1106 768 1151 eis
801 1106 908 1151 utile
936 1122 982 1151 ac
1009 1106 1285 1152 fructuosum
1316 1107 1363 1152 in
1389 1107 1548 1152 horum
1570 1106 1784 1152 librorum

227 1196 297 1243 vel
322 1194 514 1242 criticam
536 1194 608 1242 vel
637 1193 1047 1254 interpretationem
1072 1195 1444 1257 redundaturum,
1482 1195 1569 1254 eis,
1606 1195 1681 1255 qui
1707 1195 1786 1241 hac

228 1289 377 1332 essent
401 1284 590 1330 editione
621 1283 772 1341 usuri,
808 1287 1058 1344 promptum
1088 1288 1205 1330 esset
1233 1288 1275 1329 et
1301 1288 1515 1345 paratum.
1589 1283 1786 1343 Quorum

228 1374 525 1422 subsidiorum
560 1373 802 1434 principem
834 1372 977 1419 locum
1007 1373 1173 1419 obtinet
1207 1373 1364 1419 horum
1394 1373 1612 1419 librorlun
1635 1373 1785 1431 editio,

229 1466 278 1511 ab
301 1464 468 1511 Orellio
494 1479 607 1509 anno
634 1462 1011 1509 MDCGGXXIX.
1053 1462 1204 1509 Turici
1224 1462 1386 1524 publici
1407 1462 1516 1509 iuris
1537 1462 1664 1521 facta,
1702 1478 1786 1523 qua

228 1558 403 1616 praeter
439 1553 626 1599 aliorum
669 1553 888 1599 editorum
923 1552 1229 1598 adnotationes
1267 1543 1397 1598 etiam
1432 1552 1511 1599 Fr.
1549 1552 1605 1599 A.
1636 1552 1785 1599 Wolfii

229 1644 477 1691 scholarum
513 1647 715 1704 excerpta
760 1658 855 1688 cum
902 1642 1085 1688 editoris
1133 1642 1441 1688 additamentis
1491 1642 1785 1688 continentur.

231 1733 346 1780 Tum
367 1734 415 1779 in
440 1733 611 1778 criticae
638 1747 817 1777 munere
847 1732 929 1777 rite
951 1731 1116 1777 tuendo
1141 1731 1364 1792 egregium
1391 1731 1498 1776 mihi
1519 1731 1788 1792 praesidium

230 1826 499 1884 paraverunt
539 1821 752 1868 Reinoldi
773 1820 966 1878 Klotzii,
1015 1819 1102 1866 viri
1145 1820 1386 1866 acutissimi
1416 1824 1458 1865 et
1490 1820 1541 1865 (10
1578 1820 1785 1867 Cicerone

229 1912 450 1974 praeclare
472 1910 633 1969 meriti,
668 1909 905 1956 Lectiones
930 1908 1175 1954 Tullianae.
1230 1909 1422 1970 Largam
1442 1925 1576 1970 porro
1598 1909 1787 1956 utilissi-

230 2017 400 2048 marum
432 2004 473 2045 et
508 2000 563 2045 ad
599 1998 791 2044 criticam
827 2002 870 2042 et
896 1998 950 2043 ad
977 1997 1302 2058 grammaticam
1334 1998 1551 2044 rationem
1577 1999 1787 2046 observa-

230 2091 399 2137 tionum
421 2092 613 2149 segetem
633 2086 971 2148 suppeditarunt
989 2086 1096 2131 mihi
1116 2086 1310 2132 Thomae
1329 2087 1591 2147 Wopkensii
1608 2087 1788 2135 Lectio-

230 2195 309 2225 nes
336 2177 593 2236 Tullianae,
628 2192 651 2222 a
677 2175 961 2222 Ferdinando
989 2174 1167 2221 Handio
1198 2176 1321 2221 docte
1347 2179 1389 2220 et
1411 2175 1633 2236 eleganter
1656 2177 1788 2223 ador-

229 2272 372 2315 natae.

365 2356 567 2416 Denique
589 2369 740 2401 omnes
760 2354 925 2415 prioris
946 2353 1152 2400 editionis
1174 2354 1480 2400 adnotationes
1501 2355 1642 2402 denuo
1664 2370 1789 2402 accu-

234 2446 455 2491 ratissima
491 2445 677 2490 lectione
711 2443 1018 2504 pervestigans
1053 2443 1190 2489 multa
1226 2443 1399 2502 addidi,
1449 2459 1556 2504 quae
1589 2450 1788 2505 praeter-

234 2534 368 2580 missa
392 2537 532 2589 erant,
554 2533 651 2590 alia,
677 2547 785 2591 quae
806 2531 940 2577 latius
966 2531 1080 2577 dicta
1102 2537 1243 2590 erant,
1267 2532 1453 2589 co'ercui,
1497 2548 1605 2592 quae
1633 2534 1789 2580 obseu—

234 2623 327 2668 rius
363 2621 629 2682 significata,
679 2635 786 2678 quae
824 2636 915 2666 non
948 2624 1064 2666 recte
1112 2621 1345 2681 explicata,
1394 2636 1501 2679 quae
1547 2622 1788 2669 levioribus

237 2710 506 2772 argumentis
556 2713 857 2769 superstructa
903 2709 1184 2767 viderentur,
1242 2709 1491 2768 illustrare,
1542 2712 1787 2769 emendare,

238 2798 493 2846 confirmare
520 2797 694 2856 studui,
731 2796 913 2843 consilio
937 2797 1142 2844 adhibitis
1164 2798 1250 2856 eis,
1287 2813 1395 2857 quae
1417 2814 1440 2844 a
1462 2799 1571 2846 viris
1593 2815 1683 2846 non
1705 2800 1788 2845 mi-
