1832 3137
628 121 793 153 Linea
818 121 873 154 ιν.
900 120 962 163 10,
987 120 1043 156 23.
1544 113 1629 158 339

59 201 191 242 derata
218 198 359 239 iudicia
384 198 550 250 mentis3
595 199 653 240 sie
687 199 774 240 huic
806 200 962 241 inimica
988 200 1288 256 intemperantia
1321 215 1476 243 omnem
1505 203 1622 244 animi

59 279 200 313 statum
225 271 461 323 inflammat,
495 273 716 323 conturbat,
746 274 905 324 incitat3
938 274 1068 328 itaque
1092 281 1131 315 et
1149 275 1413 329 aegritudines
1435 282 1475 317 et
1494 282 1622 318 metus

57 351 96 386 et
124 345 299 399 reliquae
331 345 644 399 perturbationes
676 360 811 386 omnes
841 347 1054 400 gignuntur
1084 362 1135 388 ex
1166 362 1228 388 ea.

170 416 228 458 X.
262 424 331 459 25.
368 416 702 471 Quemadmodum
730 433 843 473 quum
867 420 1026 472 sanguis
1054 428 1259 475 corruptus
1284 429 1365 473 est,
1400 429 1466 463 aut
1487 422 1622 478 pituita

55 491 247 532 redundat
277 499 343 531 aut
383 491 494 542 bilis,
543 492 581 531 in
614 505 778 546 corpore
820 491 943 531 morbi
975 494 1342 548 aegrotationesque
1382 503 1618 548 naseuntur3

52 564 108 605 sie
135 578 339 619 pravarum
377 565 603 619 opinionum
628 564 873 605 conturbatio
903 572 943 604 et
956 565 1138 628 ipsarum
1165 567 1265 607 iuter
1291 581 1333 608 se
1361 570 1619 623 repugnantia

54 638 221 679 sanitate
252 638 393 692 spoliat
436 639 604 678 animum
637 638 858 691 nimbisque
890 638 1104 690 perturb-m
1167 638 1234 679 Ex
1264 641 1432 694 perturb
1425 642 1618 684 itionibus

54 718 183 751 autem
207 711 369 766 primum
394 711 517 751 morbi
540 711 821 760 conficiuntur,
857 724 955 764 quae
982 718 1126 751 vocant
1148 712 1199 751 illi
1220 710 1441 764 νοσήματα,
1475 729 1614 769 eaque,

51 796 148 838 quae
173 791 265 823 sunt
290 784 346 824 eis
368 783 515 823 morbis
540 784 759 833 contraria,
806 797 903 837 quae
935 783 1079 824 habent
1110 785 1156 823 ad
1184 798 1249 825 res
1276 792 1403 825 certas
1436 786 1616 827 vitiosam
1670 836 1674 837 ⁷

54 857 310 897 offensionem
339 863 453 910 atque
479 857 696 907 fastidium,
741 855 879 911 (lein-de
904 857 1218 911 aegrotationes,
1252 872 1350 911 quae
1377 859 1619 913 appellantur

51 943 73 970 a
97 928 245 971 Stoicis
265 926 561 983 ἆρῤωστήματα,
591 930 716 983 iisque
734 931 746 954 ¹
769 929 860 969 item
888 930 1089 984 oppositae
1113 931 1333 971 contrariae
1359 932 1613 973 offensiones.

141 1054 186 1086 X.
234 1055 249 1085 1
278 1053 331 1085 Sic
357 1053 470 1084 Duisb.
510 1054 660 1094 (hiisque)
696 1064 777 1084 unus
808 1055 866 1083 Ox.
891 1053 1008 1097 (isque)
1035 1055 1128 1085 Mon.
1153 1052 1182 1085 1.
1208 1055 1280 1097 (iis,
1317 1066 1381 1086 orn.
1406 1055 1479 1098 que)
1512 1067 1613 1098 marg.

54 1101 98 1130 As
85 1110 131 1132 sc.
155 1097 187 1132 2,
211 1105 245 1129 et
268 1098 344 1130 edd.
368 1105 450 1131 vett.
475 1100 507 1129 S.
518 1099 553 1129 E
569 1098 731 1136 Hxvolf.;
760 1100 814 1129 Or.
840 1110 866 1129 c.
893 1099 979 1140 vulg.
1001 1101 1119 1139 hisque.

50 1188 116 1209 non
130 1183 264 1220 potest3
290 1176 377 1219 apud
391 1175 544 1227 antiquos
557 1182 672 1218 poetas
687 1182 814 1207 utrum-

50 1233 113 1265 que
134 1222 329 1253 vocabulum
351 1221 490 1264 saepius
499 1220 608 1263 iungi,
633 1220 711 1251 sitis
733 1232 814 1252 con-

50 1273 128 1298 stat.
181 1269 218 1297 Π
217 1278 258 1299 es
285 1278 391 1310 comp.
415 1268 512 1298 Lucr.
536 1267 567 1304 ὃ,
591 1264 666 1297 295.
709 1265 752 1297 Pl
747 1272 813 1297 tut

54 1312 148 1354 Capt.
172 1313 214 1343 11.
238 1313 270 1349 3,
291 1312 345 1344 27.
383 1311 496 1343 Pseud.
521 1311 560 1341 V.
590 1311 619 1348 1,
640 1310 702 1343 ³6.
729 1312 816 1342 cordi

50 1364 149 1400 atque
167 1360 273 1388 animo
293 1367 352 1387 suo
376 1356 605 1399 obsequentes.
643 1356 816 1397 Deprava—

48 1402 176 1434 tionem
195 1401 375 1443 scripturae
392 1403 466 1432 Wes.
487 1400 535 1431 sic
547 1400 705 1441 explicat:
733 1411 814 1442 pro-

51 1452 127 1490 pter
140 1446 287 1488 superius
304 1445 386 1476 illud
406 1447 514 1477 odium
535 1444 729 1487 antiquioris
750 1444 814 1476 ati-

52 1492 140 1524 cuius
160 1491 211 1523 cd.
235 1491 350 1522 lacuna
370 1490 521 1522 vocabuli
542 1492 648 1521 animo
668 1496 744 1531 post
767 1492 815 1522 in-

49 1540 123 1569 timo
146 1535 256 1568 omissi
285 1535 317 1566 in
342 1536 524 1578 archetypo
552 1534 637 1566 salso
662 1535 815 1577 suppleta

51 1589 120 1620 est,
153 1588 210 1613 aut
242 1581 342 1612 etiarn
367 1579 599 1623 compendium
630 1580 814 1622 scripturae

53 1629 117 1670 (aio
143 1638 214 1658 cum
240 1626 359 1657 lineola
383 1626 542 1668 quadum,
577 1632 612 1655 ut
635 1626 674 1656 V.
694 1625 734 1663 θ’,
762 1625 810 1658 17.

51 1675 101 1704 οἱα
126 1684 152 1703 c.
174 1671 230 1703 lin.
253 1682 313 1713 pio
334 1671 484 1701 omnibus
505 1670 537 1700 111
559 1670 625 1711 RP)
651 1669 766 1700 male
757 1681 810 1700 111-

49 1717 230 1749 tellectum.

116 1764 315 1801 Distinguunt
339 1762 417 1792 illud
441 1763 551 1799 etiam,
583 1764 617 1791 ut
641 1762 736 1791 libido
759 1759 812 1802 sit]

51 1807 105 1839 Sic
132 1813 223 1838 recte
251 1808 304 1837 Or.
334 1818 406 1838 cum
432 1805 564 1848 optimis
591 1805 688 1837 codd.
714 1805 812 1846 legit3

50 1852 109 1884 sed
132 1853 211 1883 illud
245 1862 312 1882 11011
336 1857 427 1882 recte
450 1850 528 1882 mihi
554 1849 684 1881 videtur
706 1850 814 1880 inter-

51 1897 190 1940 pretari:
221 1899 263 1928 sie
284 1898 413 1928 macheu
436 1898 516 1928 auch
535 1898 600 1927 die
625 1896 814 1927 Unterschei-

49 1944 156 1983 dung,
185 1948 221 1972 ut
245 1953 340 1984 pion.
366 1943 446 1972 illud
469 1952 536 1972 non
561 1939 603 1971 ad
626 1942 815 1971 deside-rium

49 1986 262 2019 referendum
285 1986 348 2022 sit,
372 1985 430 2016 sed
455 1985 497 2016 ad
521 1985 690 2027 sequentia
714 1995 814 2026 prae—

50 2039 156 2074 paret.
206 2032 307 2062 [mmo
331 2011 525 2070 distinguunt
546 2031 625 2061 illud
648 2032 740 2061 elium
764 2035 815 2060 cst

49 2078 193 2108 dividunt
211 2077 398 2107 desiderium
413 2077 506 2106 etiam
528 2075 610 2118 (11.1),
636 2082 670 2105 ut
688 2074 730 2105 sit
751 2080 814 2105 etc.

49 2121 221 2153 Sententia
243 2131 395 2163 expressa
419 2126 468 2151 est
490 2120 588 2151 haec:
630 2119 690 2150 Alii
712 2119 814 2150 Stoici

50 2166 84 2197 111
109 2165 251 2198 libidinis
283 2165 430 2208 partibus
462 2171 592 2207 ponunt
616 2171 650 2195 et
674 2166 814 2202 indigen-

49 2214 127 2243 tiam
157 2217 190 2242 et
222 2212 420 2242 desiderium.
468 2212 550 2241 Sunt
573 2217 684 2241 tamen
716 2209 814 2240 etiam

49 2256 123 2294 alii,
149 2255 202 2299 qui
227 2257 433 2295 indiyentiam
457 2254 631 2292 omittant,
657 2266 755 2297 quum
777 2265 815 2285 ea

50 2313 158 2333 rerum
185 2301 328 2343 ipsarum
349 2299 411 2339 sit,
445 2300 477 2331 h.
496 2312 522 2331 e.
548 2299 711 2343 significet
733 2301 815 2339 defe-

50 2350 133 2378 ctum
157 2345 290 2376 alicuius
314 2344 380 2382 rei,
415 2350 450 2375 ut
474 2345 658 2383 honorum,
693 2350 728 2375 ut
752 2355 815 2386 pe-

53 2390 177 2422 cuniae.
219 2390 329 2428 Quare
352 2389 478 2420 nomini
499 2391 644 2422 desiderii
665 2389 816 2420 latiorem

53 2435 228 2467 subiiciunt
253 2434 444 2470 notionem,
481 2440 516 2464 ut
549 2445 615 2465 nou
643 2434 750 2465 solum
773 2433 816 2464 sit

52 2480 158 2512 libido
183 2479 270 2517 eius,
297 2478 349 2521 qui
371 2477 517 2509 nondum
542 2478 644 2515 adsit,
672 2477 816 2515 videndi,

53 2525 112 2557 sed
137 2524 236 2556 etiam
262 2523 406 2554 omnium
432 2534 541 2553 earum
570 2535 698 2561 rerum,
736 2534 818 2565 quae

54 2576 210 2612 tanquam
230 2568 421 2611 praedicata
445 2567 738 2610 (κατηγορήματα)
764 2567 818 2597 di-

57 2621 174 2647 cuntur
198 2614 239 2645 de
263 2613 425 2656 quodam,
463 2612 508 2643 uti
544 2612 675 2655 quidam
701 2612 820 2643 dicitur

56 2662 166 2692 habere
188 2661 326 2691 divilias.
373 2657 471 2698 Quod
493 2658 518 2688 si
539 2657 637 2699 igitur
659 2656 819 2699 quispiam

56 2704 192 2735 libidine
223 2704 367 2746 agitatur
400 2704 468 2734 sive
502 2702 632 2733 divitias
665 2701 818 2738 habendi,

57 2748 127 2780 sive
145 2749 289 2780 honores
311 2747 471 2790 capiendi,
498 2759 571 2779 eum
592 2759 657 2778 non
680 2748 821 2786 indiyen-

60 2795 132 2832 tia,
161 2793 219 2824 sed
243 2795 395 2825 desiderio
420 2793 537 2835 agitari
561 2792 686 2824 dicunt.
736 2793 822 2833 Ergo

60 2848 100 2868 ex
130 2837 262 2869 illorum
286 2839 472 2870 Stoicorum
504 2844 616 2869 mente
646 2835 823 2868 dicendum

61 2888 127 2913 est:
164 2884 303 2915 desidero
325 2885 435 2915 habere
454 2885 639 2923 pecuniam,
663 2883 695 2913 d.
717 2890 825 2920 capere

60 2928 204 2966 honores,
225 2938 290 2959 non
315 2929 455 2960 desidero
474 2930 654 2968 pecuniam,
678 2928 825 2964 honores,-

61 2977 176 3003 eontra
200 2982 272 3003 non
298 2974 420 3011 indigeo
444 2974 554 3004 habere
584 2973 769 3012 pecuniam,
803 2973 824 3002 i.

850 1186 958 1216 capere
973 1178 1110 1208 honores.
1136 1176 1234 1216 Quod
1252 1176 1292 1208 de
1311 1179 1495 1219 indigentia,
1517 1189 1614 1222 quam

852 1220 949 1254 σπάνι
951 1234 965 1254 a
989 1222 1109 1264 appell
1112 1222 1222 1261 ibant,
1250 1222 1373 1254 dictum
1397 1230 1467 1262 est,
1501 1235 1615 1255 verum

851 1272 916 1302 est3
942 1267 1032 1308 quod
1055 1266 1095 1297 de
1118 1268 1289 1306 desiderio,
1315 1279 1442 1310 quem
1434 1265 1536 1302 πόξτοο
1557 1267 1613 1299 di-

851 1311 989 1349 cebant,
1024 1311 1232 1353 nugatorium
1258 1319 1318 1344 est.
1368 1313 1453 1344 Nam
1477 1320 1509 1344 et
1533 1315 1614 1344 desi-

849 1358 970 1387 derium
995 1363 1028 1387 et
1051 1354 1157 1394 πόὲος
1189 1357 1379 1398 saepissime
1408 1358 1497 1400 apud
1522 1357 1615 1400 opti-

850 1411 921 1431 mae
946 1407 1044 1432 notae
1066 1401 1245 1442 scriptores
1269 1402 1311 1432 ad
1335 1402 1422 1444 ipsas
1448 1414 1497 1433 res
1521 1402 1614 1433 refe-

850 1451 976 1475 runtur.
1024 1445 1186 1476 Nimirum
1211 1446 1243 1476 in
1270 1447 1431 1478 eiusmodi
1462 1447 1554 1478 tricis
1579 1453 1614 1478 et

849 1489 984 1532 argutiis
1010 1490 1146 1521 mirifice
1171 1490 1423 1522 delectabantur
1445 1490 1558 1522 Stoici.

917 1536 944 1578 ξ.
966 1535 1019 1567 22.
1056 1538 1225 1576 gignuntur
1242 1546 1280 1567 ex
1294 1536 1345 1579 ea]
1373 1537 1418 1567 De
1439 1536 1614 1567 verborum

849 1579 1070 1611 collocatione
1095 1592 1124 1611 v.
1151 1591 1211 1611 nos
1235 1580 1555 1623 i11G1.L.(i-lt)'7‚
1582 1580 1611 1614 1.

917 1625 994 1656 CAP.
1012 1627 1058 1656 X.
1086 1627 1111 1669 §
1135 1625 1188 1658 >3
1215 1623 1464 1668 monstrata]
1491 1627 1613 1668 Eper-

846 1670 1089 1701 turbationibus
1112 1670 1174 1701 t1ia
1197 1670 1376 1701 exsistunt:
1403 1670 1613 1709 mo1bi‚ae-

848 1716 1074 1757 grotationes,
1105 1715 1314 1746 ostensiones.
1365 1715 1474 1746 Morbi
1498 1722 1531 1746 et:
1554 1727 1614 1746 ae—

849 1760 1056 1801 grotationes
1088 1760 1247 1790 exsistunt
1271 1771 1287 1790 e
1308 1759 1444 1791 libidine
1476 1772 1514 1791 ac
1538 1760 1612 1792 lae-

847 1804 941 1841 titia,
977 1804 1176 1836 offensiones
1199 1816 1215 1835 e
1237 1811 1337 1836 metu.
1383 1805 1613 1837 Perturbatio—

849 1862 906 1881 nes
929 1857 1005 1880 sunt
1034 1855 1145 1880 motus
1173 1848 1272 1880 animi
1301 1849 1400 1879 subiti
1433 1856 1465 1880 et
1497 1848 1613 1881 conci-

848 1895 927 1926 tati:
964 1894 1017 1936 qui
1041 1894 1181 1935 neglecti
1206 1905 1303 1944 quum
1333 1894 1611 1934 inveteraverunt,

849 1939 998 1970 efficiunt
1018 1939 1152 1970 morbos
1179 1936 1342 1981 (αοσῆυατ
1346 1940 1400 1979 α);
1436 1939 1490 1982 qui
1514 1950 1613 1982 quum

848 1983 979 2026 penitus
1016 1984 1050 2014 111
1083 1983 1193 2014 animo
1228 1965 1420 2014 insedetuiit
1453 1990 1486 2015 et
1521 1984 1613 2027 quasi

851 2040 1010 2060 summum
1032 2040 1080 2071 gl
1072 2028 1169 2059 idum
1193 2028 1307 2070 adepti
1331 2035 1426 2068 suut,
1453 2029 1614 2060 exsistunt

848 2074 1092 2117 aegrotationes
1119 2069 1411 2115 (αρρωστήματα),
1436 2085 1518 2116 quae
1539 2073 1615 2105 ani-

849 2131 937 2150 mum
958 2118 1003 2149 ita
1025 2118 1187 2150 afflictum
1209 2124 1242 2149 et
1263 2118 1405 2149 hactum
1426 2125 1553 2159 tenent,
1578 2124 1615 2150 ut

849 2164 887 2196 iis
911 2163 1062 2195 resistere
1094 2174 1160 2194 11011
1193 2162 1307 2206 possit.
1355 2163 1479 2194 Mmbis
1503 2170 1614 2195 autem

850 2216 883 2240 et
915 2208 1198 2251 aegrotationibus
1230 2207 1415 2239 contrariae
1447 2215 1523 2239 sunt
1556 2209 1614 2240 of-

851 2254 1036 2293 fensiones,
1073 2253 1189 2296 quibus
1218 2264 1269 2284 res
1297 2260 1402 2283 certas
1428 2252 1613 2284 fastidimus

852 2305 885 2331 et
929 2299 1141 2330 detestamur.
1201 2298 1250 2328 De
1296 2297 1532 2328 offensionibus
1568 2297 1612 2329 cf.

852 2346 1050 2376 Tiedemann.
1073 2345 1204 2385 System
1222 2341 1254 2372 d.
1270 2341 1443 2372 Stoischen
1458 2342 1539 2373 Phil.
1557 2343 1613 2373 111.

877 2388 978 2422 ).‘67.
1026 2389 1129 2418 Porto
1161 2385 1363 2417 monendum
1389 2393 1438 2417 est
1461 2386 1503 2417 (le
1524 2393 1612 2418 stru-

853 2440 961 2465 etura·
987 2434 1097 2470 morbi,
1118 2441 1197 2471 quae
1217 2434 1329 2462 vocant
1350 2433 1394 2462 illi
1415 2442 1521 2473 νοση
1534 2443 1614 2473 μα

851 2490 920 2511 τας
947 2477 1037 2519 quod
1060 2483 1109 2507 est
1129 2486 1230 2517 genus
1253 2475 1418 2517 quoddam
1439 2476 1616 2508 attractio-

853 2523 913 2559 nis,
939 2533 1004 2564 quo
1024 2532 1207 2563 pronomen
1222 2519 1394 2551 relativum
1409 2531 1510 2562 genus
1523 2533 1617 2553 suum

853 2578 918 2598 uon
940 2566 982 2597 ad
1005 2565 1243 2602 antecedentis,
1267 2564 1326 2596 sed
1345 2565 1513 2608 sequentis
1535 2566 1617 2598 sub-

854 2610 987 2643 stantivi
1011 2622 1111 2653 genus
1138 2610 1347 2641 conformare
1369 2610 1465 2642 solet.
1512 2613 1617 2654 Supra

856 2657 879 2686 1.
905 2655 939 2693 1,
969 2654 1002 2686 1:
1034 2657 1136 2686 studt'o
1158 2655 1359 2697 sapientiae,
1384 2666 1463 2695 quae
1483 2658 1618 2695 philoso-

852 2703 928 2740 phia
951 2700 1080 2732 dicitur.
1118 2700 1169 2731 Cf.
1192 2700 1235 2736 ad
1255 2701 1278 2731 1.
1303 2700 1354 2736 lO,
1372 2700 1426 2732 20.
1460 2700 1501 2732 de
1517 2702 1618 2743 Legg.

858 2747 890 2783 Ι,
918 2745 958 2778 7:
1000 2745 1119 2776 animal
1155 2745 1221 2777 hoc
1254 2744 1431 2787 providum
1454 2765 1497 2769 —
1522 2756 1618 2787 quem

857 2801 1011 2821 vocamus
1032 2789 1218 2821 hominem.
1255 2789 1310 2821 ubi
1330 2789 1444 2832 inepte
1470 2791 1617 2827 wyttenb.

859 2846 967 2878 comp.
981 2837 1116 2868 Terent.
1133 2835 1234 2867 Andr.
1251 2836 1308 2866 111.
1326 2835 1358 2873 5,
1380 2836 1414 2867 l.
1438 2837 1547 2872 scelus,
1566 2835 1620 2872 qui

858 2892 911 2912 me
945 2879 1101 2923 perdidit.
1155 2881 1196 2912 V.
1228 2881 1333 2912 Hand.
1368 2878 1409 2910 ad
1434 2877 1618 2920 Wopkens.

862 2927 971 2958 Lectt.
986 2925 1116 2968 Tull.p
1121 2922 1211 2963 .4.‚3
1240 2926 1378 2957 creuzer.
1399 2929 1433 2953 et
1445 2924 1555 2954 Moser.
1576 2921 1618 2953 ad

862 2937 1295 3013 1mgg.t.d.‚Bpremium=1d
1312 2969 1381 2998 Fat
1400 2979 1426 2997 c.
1442 2967 1469 2998 1
1485 2978 1516 3008 p.
1529 2965 1620 3008 3sq..

1195 3020 1247 3052 92
1274 3014 1295 3035 ⁷*
