1863 3221
223 86 305 131 242

227 190 304 217 non
333 177 439 228 quo4
467 172 673 228 fugiendus
696 171 769 222 sit,

801 93 966 126 LIBER
991 94 1034 126 11.
1058 91 1123 134 27,
1146 91 1201 127 65.

809 170 961 223 (omnia
985 170 1087 211 enim
1113 170 1213 211 bene
1238 172 1339 213 facta
1360 173 1401 213 in
1425 173 1511 215 luce
1531 187 1574 215 se
1603 173 1787 215 collocari

228 248 406 300 v01u11t3)
437 247 505 287 sed
530 253 659 286 tamen
686 243 831 284 nullum
857 244 1049 284 theatrum
1072 243 1207 283 virtuti
1232 245 1472 287 conscientia
1495 247 1624 288 maius
1652 254 1726 288 est.

340 316 526 359 XXVII.

228 393 428 442 dolorum,
467 404 581 444 quam
604 403 720 443 saepe
749 389 824 430 iam
851 389 968 430 animi
988 388 1206 429 intentione
1230 389 1311 429 dixi
1343 404 1431 431 esse
1457 392 1706 443 firmandam,
1747 392 1788 433 in

578 323 648 358 65.
682 316 812 371 Atque
829 316 867 356 in
885 316 1017 371 primis
1035 316 1266 357 meditemur
1281 318 1387 369 illud,
1418 326 1459 359 ut
1485 319 1582 359 haec
1600 319 1787 373 patientia

229 465 332 506 omni
362 476 509 519 genere
545 477 588 503 se
623 462 867 517 aequabilem
905 462 1100 518 praebeat.
1166 460 1294 517 Saepe
1324 463 1426 509 enim
1451 464 1582 514 multi,
1628 464 1692 518 qui
1724 472 1791 505 aut

229 545 388 594 propter
406 536 593 578 victoriae
619 535 889 590 cupiditatem,
924 543 990 576 aut
1013 543 1171 591 propter
1191 535 1341 589 gloriae
1358 538 1375 563 1
1404 543 1470 576 aut
1497 536 1635 588 etiam,
1669 544 1711 577 ut
1730 537 1791 578 ius

229 624 340 651 suum
362 617 401 651 et
423 609 643 650 libertatem
666 616 867 659 tenerent,
900 608 1064 650 vulnera
1089 615 1331 663 exceperunt
1356 609 1511 649 fortiter
1535 616 1574 650 et
1601 609 1788 662 tulerunt,

230 683 345 724 iidem
375 682 520 724 omissa
552 682 801 722 contentione
830 681 1002 722 dolorem
1029 681 1153 722 morbi
1180 683 1283 722 ferre
1315 696 1391 722 non
1414 688 1590 736 possunt.
1650 681 1793 736 Neque

231 756 334 797 enim
356 756 485 806 illum,
520 769 633 809 quem
658 755 771 795 facile
795 754 986 804 tulerant,
1018 755 1170 795 ratione
1195 761 1261 795 aut
1282 754 1473 809 sapientia
1498 755 1689 806 tulerant,
1723 756 1794 796 sed

232 828 360 869 studio
384 828 511 883 potius
536 835 573 868 et
598 828 737 881 gloria.

324 1023 345 1055 4
370 1035 398 1054 v.
424 1022 507 1054 Adn.
555 1023 702 1056 XXVII.

236 1068 336 1099 etiam
367 1067 516 1109 optimis,
554 1073 590 1097 ut
611 1068 649 1097 R.
675 1068 707 1098 P.
733 1066 819 1097 Gud.
847 1066 874 1097 1.
897 1067 947 1100 b.;

236 1112 383 1144 nonnull.
411 1111 486 1142 edd.
512 1118 612 1149 vett.;
635 1113 768 1151 9l0riam
796 1112 833 1142 D.
856 1111 887 1141 in
915 1110 965 1143 ecl.

302 1199 363 1222 non
382 1199 441 1229 quo
460 1190 626 1230 suyiendus
641 1190 694 1229 sit]
723 1188 776 1220 Sic
791 1195 881 1220 recte
898 1188 996 1230 vulgo

236 1233 375 1275 legitur,
411 1234 554 1265 Wolfius
586 1234 726 1265 mutavit
756 1233 788 1264 in
819 1244 879 1265 non
903 1235 998 1273 quod,

239 1279 286 1311 uti
309 1285 359 1310 est
381 1278 414 1310 in
439 1278 524 1309 Gud.
547 1278 579 1310 2.
604 1277 703 1308 Vind.
728 1278 802 1309 cod.
831 1278 940 1309 Ursini
967 1284 998 1309 et

238 1322 402 1356 nonnullis
426 1322 501 1354 61111.
525 1328 607 1354 vett.
642 1322 732 1353 Idem
755 1322 840 1353 infra
866 1324 922 1355 III.
944 1322 997 1360 22,

238 1366 290 1400 54.
318 1379 344 1399 c.
369 1374 524 1410 quattuor
555 1367 773 1398 deterioribus
807 1367 903 1398 codd.
927 1366 1000 1397 edi-

238 1412 305 1443 dit:
332 1422 390 1443 ηοη
413 1414 496 1451 quod
515 1422 576 1454 pro
598 1411 686 1453 vulg.
708 1421 770 1442 ‘non
794 1422 864 1450 quo.
914 1412 1001 1441 lutei

239 1463 409 1498 utramque
439 1455 570 1487 dicendi
594 1455 757 1486 rationem
788 1455 853 1486 hoc
881 1454 997 1486 discri-

239 1512 314 1532 men
337 1500 466 1531 videtur
496 1499 721 1531 intercedere:
758 1501 780 1532 I.
802 1502 868 1531 Non
889 1511 948 1541 quo
973 1511 999 1530 c.

240 1545 325 1577 coni.
358 1544 493 1587 ponitur
517 1545 569 1586 1),
603 1545 657 1575 ubi
689 1546 850 1576 consilium
873 1544 1000 1587 signifi-

241 1591 379 1622 nandum
403 1596 471 1626 est,
498 1596 568 1620 tum
590 1589 623 1620 in
643 1589 748 1620 altero
774 1589 921 1620 membro
945 1600 999 1620 se-

242 1634 295 1677 qui
318 1635 420 1665 solet:
454 1636 507 1666 sed
531 1638 584 1673 ut,
616 1636 669 1665 sed
690 1643 746 1673 ne,
780 1640 815 1664 ut
837 1633 938 1665 Acad.
959 1635 999 1668 ΙΙ,

240 1679 293 1717 42,
323 1679 400 1711 151:
427 1678 659 1710 introducebat
680 1678 778 1710 etiam
805 1678 998 1717 Carneades,

239 1734 299 1757 non
322 1734 381 1763 quo
403 1726 547 1763 probaret
580 1723 613 1766 (i.
640 1735 666 1754 e.
695 1734 760 1753 nou
786 1734 825 1754 eo
852 1722 998 1761 consilio,

242 1768 289 1809 ut)
304 1793 311 1806 ,
339 1770 392 1799 secl
417 1772 448 1798 u!
471 1775 656 1809 opponeret
680 1767 814 1805 Stoicis,
839 1778 1000 1798 summum

240 1813 361 1843 bouum
386 1824 455 1842 esse
478 1818 540 1842 etc.
568 1831 611 1836 -——
645 1812 678 1852 2)
706 1811 759 1842 ubi
783 1812 875 1843 notio
897 1811 1000 1853 signi-

241 1857 355 1888 ficatur
374 1856 624 1898 particularum:
651 1866 712 1887 non
731 1858 833 1896 quasi,
857 1858 939 1888 nicht
956 1858 1002 1887 als

240 1904 287 1941 ob,
312 1907 347 1931 ut
368 1900 409 1931 de
430 1903 518 1932 Orat.
544 1903 585 1932 II.
612 1901 659 1939 15,
679 1898 740 1933 74:
766 1911 827 1931 non
849 1911 908 1940 quo
930 1912 980 1931 me
984 1912 1001 1931 a

240 1945 371 1989 quidem
384 1948 499 1977 infersit
524 1947 642 1988 (neque
657 1944 742 1976 enim
766 1951 854 1976 aetas
874 1944 908 1975 id
930 1956 1001 1976 11161

241 1990 407 2021 desiderat
432 1990 516 2031 —)‚
552 1990 610 2021 sed
641 1996 751 2020 tamen
784 1989 845 2020 ista
882 1996 936 2021 tua
958 2008 1000 2013 —

241 2041 368 2066 tantum
390 2034 612 2075 cognoscendi
633 2033 742 2064 studio
765 2033 925 2064 adductus
944 2044 1001 2064 re—

241 2078 347 2121 quiro.
374 2095 416 2101 —
453 2079 490 2110 II.
516 2080 582 2109 Non
603 2079 685 2117 quod
707 2091 732 2110 c.
755 2078 838 2109 coni.
856 2078 999 2120 ponitur,

244 2122 298 2153 ubi
321 2121 412 2152 notio
437 2121 622 2153 declaratur
644 2121 894 2163 particularum:
919 2125 1002 2154 nicht

243 2167 403 2204 desshalb,
427 2168 519 2205 weil,-
553 2173 622 2196 tum
651 2166 683 2195 in
716 2165 821 2197 altero
853 2167 1000 2197 membro

244 2210 335 2253 sequi
369 2209 475 2241 solet:
518 2212 571 2242 sed
605 2212 711 2250 quod,
747 2212 800 2241 sed
832 2213 928 2250 quia,
967 2217 1001 2240 ut

244 2254 346 2287 Acad.
381 2255 421 2286 II.
449 2252 511 2293 40,
539 2255 619 2286 125:
662 2266 715 2286 me
748 2266 904 2293 accusaS,
941 2265 1003 2286 non

242 2301 325 2340 quod
348 2298 412 2329 tuis
439 2298 620 2330 rationibus
648 2310 714 2330 non
744 2302 916 2339 assentiar,
950 2301 1003 2330 sed

245 2345 328 2384 quod
351 2342 459 2374 nullis.
505 2345 609 2386 Supra
633 2345 672 2375 II.
696 2343 758 2382 23,
784 2343 843 2375 56:
877 2343 1003 2386 pugiles

243 2406 288 2412 —
305 2387 541 2429 ingemiscunt,
573 2399 634 2420 non
655 2390 738 2428 quod
758 2390 901 2428 doleant,
935 2391 1004 2420 ant-

244 2442 331 2464 move
354 2435 573 2472 succumbam,
601 2435 653 2464 sed
676 2435 749 2472 quia
773 2432 1005 2475 profundenda

246 2487 327 2507 voce
344 2488 440 2508 omne
456 2488 573 2519 eorpus
586 2477 782 2509 intenditur.
814 2478 900 2509 Hinc
916 2489 1004 2508 sem-

246 2531 306 2561 per
327 2520 462 2551 dicitur:
496 2532 557 2554 ηοη
578 2524 714 2561 idcirco,
745 2525 827 2562 quod
848 2540 910 2562 --,
943 2533 1006 2554 non

243 2566 334 2603 ideo,
356 2567 438 2603 quod
458 2584 519 2605 —‚
545 2577 604 2597 non
626 2576 679 2606 eo,
701 2569 782 2606 quod
803 2587 865 2607 —‚
889 2578 950 2599 non
970 2569 1006 2598 ob

246 2618 316 2640 eam
345 2618 509 2647 caussam,
544 2612 626 2649 quod
646 2630 708 2650 -α,
742 2622 803 2643 non
834 2614 869 2644 id
904 2614 947 2654 (v.
974 2623 1002 2642 c

245 2652 379 2694 indigne
400 2652 500 2693 fero),
525 2656 617 2692 quod.
651 2656 826 2698 Νι1111]111111
847 2668 907 2688 non
922 2658 1004 2696 quod

243 2696 290 2728 ita
311 2697 442 2736 dicitur,
467 2703 502 2727 ut
524 2698 583 2728 sit:
610 2710 676 2729 non
702 2711 741 2731 eo
765 2704 818 2741 (eo
840 2701 1002 2741 consiliol,
1037 2699 1058 2732 4

245 2748 291 2772 ut.
338 2742 379 2772 V.
412 2741 587 2816 exemplaL
588 2753 605 2773 a
631 2745 885 2787 Ramshornioss.
916 2747 1001 2786 let,

243 2797 263 2818 a
293 2785 388 2817 nobis
418 2785 451 2816 in
480 2786 537 2817 Gr.
633 2787 661 2820 (5.
688 2788 759 2820 155.
790 2790 869 2820 Not.
894 2792 946 2827 2.,
984 2802 1002 2821 a

244 2832 363 2862 Kritzio
396 2830 437 2861 ad
460 2830 536 2862 Sall.
561 2830 630 2861 Cat.
653 2828 760 2870 34ss
744 2855 792 2870 -.,
830 2834 869 2864 ab
896 2836 1002 2866 Oltone

243 2874 285 2906 ad
306 2875 378 2906 Fin.
400 2876 454 2907 IV.
479 2875 507 2916 1,
529 2874 580 2914 2.,
606 2874 704 2906 allata
725 2882 757 2906 et
778 2877 1001 2909 doctissimum

243 2930 413 2952 censorem
446 2919 699 2962 Gottingensem
745 2920 778 2951 in
816 2924 894 2953 Gotc.
927 2925 1002 2955 Anz.

799 825 933 881 Itaque
957 827 1110 868 barbari
1141 828 1292 882 quidam
1320 834 1358 868 et
1382 828 1572 868 immanes
1598 829 1702 869 ferro
1728 828 1795 869 de-

234 908 386 943 certare
422 900 612 942 acerrime
646 907 830 955 possunt,
875 907 1080 953 aegrotare
1117 900 1284 941 viriliter
1322 914 1400 941 non
1437 907 1604 954 queunt3

1649 899 1794 942 Graeci

751 1021 763 1053 1
792 1022 844 1053 Sic
869 1024 922 1053 Or.
948 1034 975 1053 c.
997 1022 1142 1064 plurimis
1167 1022 1242 1054 edd.
1262 1029 1343 1054 vett.
1364 1028 1397 1053 et
1417 1022 1567 1053 omnibus
1591 1022 1660 1054 fere
1683 1023 1795 1062 codd.,

984 1069 1102 1106 9loriae
1132 1077 1269 1098 amorem
1302 1067 1396 1108 pauci
1427 1067 1610 1098 deteriores
1645 1067 1742 1099 codd.
1763 1074 1796 1100 et

989 1112 1020 1142 2.
1048 1122 1065 1141 6
1090 1111 1176 1142 coni.
1223 1112 1262 1143 V.
1292 1111 1374 1142 Adn.

1035 1189 1130 1221 1031.
1155 1201 1187 1240 p.
1207 1186 1302 1222 1446.
1349 1191 1415 1221 Non
1436 1200 1495 1229 quo
1524 1188 1593 1220 sine
1615 1189 1716 1221 dubio
1737 1201 1797 1232 per

1033 1234 1267 1265 attlactionem
1290 1240 1402 1265 natum
1427 1240 1476 1265 est
1507 1245 1545 1265 ex
1568 1245 1627 1266 71οη
1652 1244 1684 1265 eo
1705 1236 1798 1274 quod.

1036 1278 1225 1322 Comparari
1246 1285 1358 1320 potest
1373 1279 1534 1310 Giaecum
1559 1275 1611 1320 ἐφ’
1637 1290 1663 1322 ῳ
1690 1285 1722 1310 et
1744 1276 1797 1321 ἐφ’

1034 1334 1101 1366 ῳτε
1135 1334 1195 1364 pio
1221 1322 1275 1356 ἐπὶ
1299 1322 1408 1366 τούτῳ
1435 1320 1465 1356 c‘.
1513 1324 1551 1356 V.
1573 1325 1704 1363 Krilyer.
1736 1325 1798 1356 Un-

1035 1358 1254 1407 tersuchunyen
1289 1369 1416 1399 (111111.
1451 1370 1589 1399 Gramm.
1622 1367 1797 1399 11[.Heft.

1061 1410 1159 1444 ,260-
1183 1418 1216 1442 et
1238 1410 1303 1444 ‘207
1317 1423 1366 1453 sq.
1415 1411 1563 1454 Denique
1586 1411 1797 1450 monendum,

1035 1423 1095 1497 pio
1118 1467 1178 1487 non
1198 1457 1280 1495 quod
1306 1459 1379 1497 (non
1401 1456 1473 1496 quo)
1488 1481 1495 1494 ,
1520 1458 1573 1487 sed
1594 1458 1676 1496 quod
1699 1467 1798 1498 saepe

1035 1500 1069 1531 in
1091 1500 1197 1531 altero
1218 1501 1367 1531 membro
1395 1513 1412 1532 a
1437 1501 1594 1531 Cicerone
1624 1501 1700 1542 poni
1731 1502 1797 1540 sed,

1035 1546 1087 1576 sed
1109 1549 1230 1584 tamen,
1265 1545 1310 1575 1111
1342 1545 1374 1577 h.
1399 1545 1420 1575 l.
1472 1545 1523 1575 Cf.
1547 1546 1572 1576 I.
1598 1547 1635 1582 1,
1664 1544 1700 1577 1:
1737 1555 1799 1577 non

1034 1592 1108 1629 quia
1138 1589 1349 1632 philosophia
1382 1589 1515 1620 Graecis
1546 1595 1579 1620 et
1612 1589 1730 1620 litteris
1764 1595 1798 1621 et

1035 1633 1227 1665 doctoribus
1242 1634 1367 1676 percipi
1382 1646 1446 1665 non
1465 1640 1594 1676 posset;
1618 1636 1671 1666 sed
1689 1645 1798 1665 meum

1034 1689 1164 1720 semper
1192 1678 1348 1709 iudicium
1375 1679 1439 1710 fuit
1470 1685 1544 1710 cett.
1579 1680 1630 1710 ΙΙΙ.
1654 1678 1718 1717 22,
1744 1676 1798 1711 54.

1036 1722 1076 1753 de
1112 1724 1165 1753 Or.
1190 1724 1227 1753 II.
1258 1725 1315 1760 125,
1342 1722 1395 1756 74.
1443 1723 1514 1755 Alia
1545 1723 1638 1754 huius
1669 1723 1798 1765 generis

1036 1766 1184 1809 exempla
1198 1767 1399 1809 collegerunt
1413 1770 1524 1800 Mamer
1537 1768 1578 1799 ad
1592 1771 1624 1800 h.
1637 1769 1655 1799 l.
1679 1780 1710 1810 p.
1720 1765 1798 1800 234.

1039 1814 1106 1843 Otto
1130 1811 1171 1842 ad
1196 1811 1265 1842 Fin.
1292 1813 1344 1843 IV.
1368 1812 1396 1851 1,
1420 1815 1450 1843 ).
1488 1815 1628 1853 Seyffert.
1649 1811 1799 1844 adLael.

1037 1857 1078 1894 (l,
1104 1856 1156 1887 51.
1194 1868 1227 1898 p.
1250 1858 1316 1888 210
1338 1868 1389 1943 sqp
1443 1859 1568 1889 lordan.
1602 1857 1644 1888 ad
1680 1868 1729 1889 or.
1765 1868 1797 1899 p.

1040 1900 1177 1931 Caecim
1201 1901 1263 1939 20,
1289 1900 1341 1933 50.
1395 1902 1492 1933 .255.

1101 1954 1132 1976 se
1153 1947 1296 1976 collocari
1317 1946 1436 1987 volunt]
1463 1946 1502 1976 V.
1528 1945 1570 1976 ad
1595 1947 1617 1976 I.
1642 1943 1695 1982 41,
1720 1944 1775 1978 98.

1103 1989 1269 2032 theatrum]
1292 1989 1332 2020 de
1350 1991 1589 2032 spectatoribus
1608 1990 1798 2032 intelligen-

1036 2033 1122 2064 dum.
1171 2035 1210 2065 V.
1234 2033 1319 2065 Adu.
1340 2034 1373 2065 in
1396 2036 1419 2067 l.
1443 2033 1506 2074 44,
1535 2034 1607 2067 106.

1105 2078 1182 2109 CAP.
1205 2079 1350 2109 XXVII.
1379 2081 1407 2122 ᾖ.
1423 2078 1476 2111 65.
1518 2083 1643 2119 propter
1664 2078 1796 2122 9loriae]

1035 2124 1194 2153 Nissenius
1226 2130 1395 2164 comparat
1422 2125 1477 2154 III.
1505 2124 1567 2161 32,
1592 2124 1653 2157 77:
1690 2130 1723 2155 et
1758 2123 1799 2154 de

1037 2166 1201 2197 communi
1226 2167 1417 2198 conditione
1441 2167 1548 2205 vitae,
1587 2174 1620 2198 et
1652 2167 1798 2210 proprie,

1035 2210 1062 2241 si
1085 2210 1163 2252 quid
1184 2210 1226 2240 sit
1250 2213 1287 2242 de
1309 2214 1427 2251 ipsius,
1461 2211 1515 2254 qui
1537 2218 1699 2250 maereat,
1727 2211 1798 2242 dis-

1037 2255 1229 2296 putandum.
1276 2256 1331 2286 IV.
1353 2255 1416 2293 51,
1442 2255 1503 2288 65:
1538 2259 1585 2287 Ac
1618 2256 1659 2287 de
1689 2256 1798 2287 malo-

1036 2311 1108 2331 rum
1131 2299 1287 2341 opinione
1306 2299 1474 2331 hacteuus.
1512 2300 1689 2332 Videamus
1712 2311 1799 2332 nunc

1038 2346 1075 2376 de
1100 2347 1259 2376 bonorum.

1105 2391 1199 2420 iidem
1223 2390 1339 2420 omissa
1371 2390 1465 2430 cett.]
1502 2390 1687 2421 Pronomen
1718 2391 1800 2421 idem

1039 2445 1137 2476 saepe
1169 2433 1376 2465 adversativa
1409 2433 1440 2464 vi
1482 2437 1597 2476 (tamen
1629 2436 1711 2466 idem
1747 2433 1799 2465 vel

1039 2480 1121 2509 ide-m
1139 2478 1253 2513 lamen)
1278 2485 1460 2520 usurpatur.
1498 2479 1586 2510 Infra
1607 2480 1646 2510 V.
1670 2480 1718 2516 10,
1734 2478 1796 2510 30:

1040 2534 1104 2554 non
1129 2522 1294 2560 concedo,
1321 2529 1373 2560 ut,
1399 2534 1497 2565 quum
1521 2534 1569 2561 ea,
1598 2534 1679 2565 quae
1701 2533 1798 2563 supra

1040 2566 1242 2603 enumeravi,
1280 2567 1312 2597 in
1349 2567 1441 2598 malis
1475 2572 1664 2604 numerent,
1702 2567 1798 2597 iidem

1040 2612 1170 2650 dicant,
1206 2622 1336 2652 semper
1357 2612 1489 2642 beatum
1511 2622 1581 2642 esse
1601 2610 1797 2652 sapientem.

1039 2657 1133 2688 Plura
1165 2656 1301 2688 contulit
1327 2658 1486 2695 Wopkens.
1510 2656 1618 2686 Lectt.
1642 2654 1729 2687 Tull.
1754 2656 1796 2695 II,

1094 2713 1125 2743 p.
1148 2701 1223 2734 197:
1260 2700 1314 2731 ubi
1344 2702 1487 2732 Handius
1519 2699 1631 2730 laudat
1656 2701 1799 2740 Il'olfium

1037 2745 1079 2776 ad
1102 2748 1235 2777 Sueton.
1261 2744 1383 2775 Domit.
1406 2745 1437 2777 5.
1473 2745 1510 2776 V.
1533 2756 1592 2775 nos
1616 2744 1648 2775 in
1673 2744 1731 2776 Gr.
1757 2744 1797 2776 L.

1037 2791 1065 2833 ᾗ.
1094 2790 1175 2828 123,
1201 2789 1232 2822 5.

1106 2836 1216 2866 Graeci
1235 2836 1338 2864 autem
1358 2835 1504 2871 homines,
1530 2835 1604 2874 non]
1631 2835 1684 2864 Or.
1699 2844 1725 2864 c.
1739 2833 1797 2864 W.

1036 2879 1136 2910 verba
1158 2877 1308 2909 distinxit
1331 2877 1395 2908 sic:
1433 2877 1548 2908 Graeci
1571 2884 1698 2916 autem,
1735 2877 1802 2908 ho-

1036 2923 1140 2956 mines
1165 2929 1227 2955 etc.
1277 2924 1381 2954 Immo
1404 2921 1569 2964 iungenda
1591 2928 1666 2954 sunt
1692 2924 1803 2955 Graeci
