<?xml version="1.0" encoding="UTF-8"?>
<!DOCTYPE html PUBLIC "-//W3C//DTD XHTML 1.0 Transitional//EN"
    "http://www.w3.org/TR/xhtml1/DTD/xhtml1-transitional.dtd">
<html xmlns="http://www.w3.org/1999/xhtml" xml:lang="en" lang="en">
 <head>
  <title>
</title>
<meta http-equiv="Content-Type" content="text/html;charset=utf-8" />
  <meta name='ocr-system' content='tesseract 3.04.00' />
  <meta name='ocr-capabilities' content='ocr_page ocr_carea ocr_par ocr_line ocrx_word'/>
</head>
<body>
  <div class='ocr_page' id='page_1' title='image "./tusculanaedisput00ciceuoft_0317.png"; bbox 0 0 1832 3137; ppageno 0'>
   <div class='ocr_carea' id='block_1_1' title="bbox 1543 107 1626 152">
    <p class='ocr_par' dir='ltr' id='par_1_1' title="bbox 1543 107 1626 152">
     <span class='ocr_line' id='line_1_1' title="bbox 1543 107 1626 152; baseline 0.012 -1"><span class='ocrx_word' id='word_1_1' title='bbox 1543 107 1626 152; x_wconf 78' lang='lat'><strong>269</strong></span> 
     </span>
    </p>
   </div>
   <div class='ocr_carea' id='block_1_2' title="bbox 68 195 1627 325">
    <p class='ocr_par' dir='ltr' id='par_1_2' title="bbox 68 195 1627 325">
     <span class='ocr_line' id='line_1_2' title="bbox 69 195 1627 253; baseline 0.001 -14"><span class='ocrx_word' id='word_1_2' title='bbox 69 198 126 239; x_wconf 90' lang='lat' dir='ltr'><strong>sic</strong></span> <span class='ocrx_word' id='word_1_3' title='bbox 151 196 355 253; x_wconf 81' lang='lat' dir='ltr'><strong>aegritudo</strong></span> <span class='ocrx_word' id='word_1_4' title='bbox 375 195 416 237; x_wconf 88' lang='lat' dir='ltr'><strong>in</strong></span> <span class='ocrx_word' id='word_1_5' title='bbox 442 196 595 248; x_wconf 87' lang='lat' dir='ltr'><strong>auimo,</strong></span> <span class='ocrx_word' id='word_1_6' title='bbox 635 211 777 238; x_wconf 90' lang='lat' dir='ltr'><strong>nomen</strong></span> <span class='ocrx_word' id='word_1_7' title='bbox 803 197 915 238; x_wconf 86' lang='lat' dir='ltr'><strong>habet</strong></span> <span class='ocrx_word' id='word_1_8' title='bbox 943 212 1021 238; x_wconf 92' lang='lat' dir='ltr'><strong>non</strong></span> <span class='ocrx_word' id='word_1_9' title='bbox 1045 197 1262 239; x_wconf 88' lang='lat' dir='ltr'><strong>seiunctum</strong></span> <span class='ocrx_word' id='word_1_10' title='bbox 1287 211 1309 238; x_wconf 88' lang='lat' dir='ltr'><strong>a</strong></span> <span class='ocrx_word' id='word_1_11' title='bbox 1332 197 1481 240; x_wconf 90' lang='lat' dir='ltr'><strong>dolore.</strong></span> <span class='ocrx_word' id='word_1_12' title='bbox 1543 198 1627 240; x_wconf 94' lang='lat' dir='ltr'><strong>Do-</strong></span> 
     </span>
     <span class='ocr_line' id='line_1_3' title="bbox 68 269 1625 325; baseline 0.001 -14"><span class='ocrx_word' id='word_1_13' title='bbox 68 271 162 311; x_wconf 90' lang='lat' dir='ltr'><strong>loris</strong></span> <span class='ocrx_word' id='word_1_14' title='bbox 186 269 300 311; x_wconf 92' lang='lat' dir='ltr'><strong>huius</strong></span> <span class='ocrx_word' id='word_1_15' title='bbox 320 269 472 324; x_wconf 83' lang='lat' dir='ltr'><strong>igitur⁸</strong></span> <span class='ocrx_word' id='word_1_16' title='bbox 499 271 611 324; x_wconf 89' lang='lat' dir='ltr'><strong>origo</strong></span> <span class='ocrx_word' id='word_1_17' title='bbox 632 270 744 310; x_wconf 91' lang='lat' dir='ltr'><strong>nobis</strong></span> <span class='ocrx_word' id='word_1_18' title='bbox 767 271 997 325; x_wconf 82' lang='lat' dir='ltr'><strong>explicanda</strong></span> <span class='ocrx_word' id='word_1_19' title='bbox 1019 278 1104 322; x_wconf 88' lang='lat' dir='ltr'><strong>est,</strong></span> <span class='ocrx_word' id='word_1_20' title='bbox 1146 271 1184 312; x_wconf 90' lang='lat' dir='ltr'><strong>id</strong></span> <span class='ocrx_word' id='word_1_21' title='bbox 1208 278 1269 313; x_wconf 91' lang='lat' dir='ltr'><strong>est</strong></span> <span class='ocrx_word' id='word_1_22' title='bbox 1291 286 1430 313; x_wconf 83' lang='lat' dir='ltr'><strong>caussa</strong></span> <span class='ocrx_word' id='word_1_23' title='bbox 1454 272 1625 314; x_wconf 88' lang='lat' dir='ltr'><strong>efficiens</strong></span> 
     </span>
    </p>
   </div>
   <div class='ocr_carea' id='block_1_3' title="bbox 67 344 1628 474">
    <p class='ocr_par' dir='ltr' id='par_1_3' title="bbox 67 344 1628 474">
     <span class='ocr_line' id='line_1_4' title="bbox 1453 344 1628 387; baseline -0.006 0"><span class='ocrx_word' id='word_1_24' title='bbox 1453 344 1558 387; x_wconf 90' lang='lat' dir='ltr'><strong>Nam</strong></span> <span class='ocrx_word' id='word_1_25' title='bbox 1585 353 1628 387; x_wconf 91' lang='lat' dir='ltr'><strong>ut</strong></span> 
     </span>
     <span class='ocr_line' id='line_1_5' title="bbox 67 416 1627 474; baseline 0.002 -17"><span class='ocrx_word' id='word_1_26' title='bbox 67 417 231 468; x_wconf 89' lang='lat' dir='ltr'><strong>medici,</strong></span> <span class='ocrx_word' id='word_1_27' title='bbox 265 430 403 458; x_wconf 81' lang='lat' dir='ltr'><strong>caussa</strong></span> <span class='ocrx_word' id='word_1_28' title='bbox 422 416 544 456; x_wconf 87' lang='lat' dir='ltr'>morbi</span> <span class='ocrx_word' id='word_1_29' title='bbox 564 418 746 467; x_wconf 88' lang='lat' dir='ltr'><strong>inventa,</strong></span> <span class='ocrx_word' id='word_1_30' title='bbox 781 417 1022 457; x_wconf 86' lang='lat' dir='ltr'><strong>curationem</strong></span> <span class='ocrx_word' id='word_1_31' title='bbox 1043 431 1132 458; x_wconf 88' lang='lat' dir='ltr'><strong>esse</strong></span> <span class='ocrx_word' id='word_1_32' title='bbox 1154 420 1353 460; x_wconf 89' lang='lat' dir='ltr'><strong>inventam</strong></span> <span class='ocrx_word' id='word_1_33' title='bbox 1376 426 1537 474; x_wconf 84' lang='lat' dir='ltr'><strong>putant3</strong></span> <span class='ocrx_word' id='word_1_34' title='bbox 1570 420 1627 461; x_wconf 90' lang='lat' dir='ltr'><strong>sic</strong></span> 
     </span>
    </p>
   </div>
   <div class='ocr_carea' id='block_1_4' title="bbox 644 116 1054 159">
    <p class='ocr_par' dir='ltr' id='par_1_4' title="bbox 644 116 1054 159">
     <span class='ocr_line' id='line_1_6' title="bbox 644 116 1054 159; baseline 0 -9"><span class='ocrx_word' id='word_1_35' title='bbox 644 118 805 151; x_wconf 87' lang='lat' dir='ltr'>LIBER</span> <span class='ocrx_word' id='word_1_36' title='bbox 830 119 887 152; x_wconf 85' lang='lat'><strong>111.</strong></span> <span class='ocrx_word' id='word_1_37' title='bbox 917 117 976 159; x_wconf 89' lang='lat'><strong>11,</strong></span> <span class='ocrx_word' id='word_1_38' title='bbox 1001 116 1054 152; x_wconf 78' lang='lat'><strong>24.</strong></span> 
     </span>
    </p>
   </div>
   <div class='ocr_carea' id='block_1_5' title="bbox 67 343 1393 401">
    <p class='ocr_par' dir='ltr' id='par_1_5' title="bbox 67 343 1393 401">
     <span class='ocr_line' id='line_1_7' title="bbox 67 343 1393 401; baseline 0.003 -18"><span class='ocrx_word' id='word_1_39' title='bbox 67 343 351 397; x_wconf 82' lang='lat' dir='ltr'>aegritudinem</span> <span class='ocrx_word' id='word_1_40' title='bbox 374 343 413 383; x_wconf 90' lang='lat' dir='ltr'><strong>in</strong></span> <span class='ocrx_word' id='word_1_41' title='bbox 434 343 579 394; x_wconf 88' lang='lat' dir='ltr'><strong>animo,</strong></span> <span class='ocrx_word' id='word_1_42' title='bbox 614 350 794 397; x_wconf 88' lang='lat' dir='ltr'><strong>tanquam</strong></span> <span class='ocrx_word' id='word_1_43' title='bbox 817 344 1126 397; x_wconf 79' lang='lat' dir='ltr'>aegrotationem</span> <span class='ocrx_word' id='word_1_44' title='bbox 1150 345 1189 385; x_wconf 90' lang='lat' dir='ltr'><strong>in</strong></span> <span class='ocrx_word' id='word_1_45' title='bbox 1214 359 1393 401; x_wconf 91' lang='lat' dir='ltr'><strong>corpore.</strong></span> 
     </span>
    </p>
   </div>
   <div class='ocr_carea' id='block_1_6' title="bbox 67 489 1585 547">
    <p class='ocr_par' dir='ltr' id='par_1_6' title="bbox 67 489 1585 547">
     <span class='ocr_line' id='line_1_8' title="bbox 67 489 1585 547; baseline 0.003 -17"><span class='ocrx_word' id='word_1_46' title='bbox 67 503 163 542; x_wconf 90' lang='lat' dir='ltr'><strong>nos,</strong></span> <span class='ocrx_word' id='word_1_47' title='bbox 198 503 336 530; x_wconf 81' lang='lat' dir='ltr'><strong>caussa</strong></span> <span class='ocrx_word' id='word_1_48' title='bbox 366 489 622 544; x_wconf 86' lang='lat' dir='ltr'><strong>aegritudinis</strong></span> <span class='ocrx_word' id='word_1_49' title='bbox 654 496 832 544; x_wconf 88' lang='lat' dir='ltr'><strong>reperta,</strong></span> <span class='ocrx_word' id='word_1_50' title='bbox 866 490 1044 530; x_wconf 88' lang='lat' dir='ltr'><strong>medendi</strong></span> <span class='ocrx_word' id='word_1_51' title='bbox 1077 491 1297 532; x_wconf 79' lang='lat' dir='ltr'><strong>facultatem</strong></span> <span class='ocrx_word' id='word_1_52' title='bbox 1328 493 1585 547; x_wconf 82' lang='lat' dir='ltr'><strong>reperiemus.</strong></span> 
     </span>
    </p>
   </div>
   <div class='ocr_carea' id='block_1_7' title="bbox 67 635 1627 694">
    <p class='ocr_par' dir='ltr' id='par_1_7' title="bbox 67 635 1627 694">
     <span class='ocr_line' id='line_1_9' title="bbox 67 635 1627 694; baseline 0.002 -17"><span class='ocrx_word' id='word_1_53' title='bbox 67 636 211 677; x_wconf 88' lang='lat' dir='ltr'><strong>tudinis</strong></span> <span class='ocrx_word' id='word_1_54' title='bbox 238 637 387 687; x_wconf 91' lang='lat' dir='ltr'><strong>solum,</strong></span> <span class='ocrx_word' id='word_1_55' title='bbox 429 637 497 677; x_wconf 88' lang='lat' dir='ltr'><strong>sed</strong></span> <span class='ocrx_word' id='word_1_56' title='bbox 527 636 643 676; x_wconf 88' lang='lat' dir='ltr'><strong>etiam</strong></span> <span class='ocrx_word' id='word_1_57' title='bbox 670 636 905 690; x_wconf 88' lang='lat' dir='ltr'><strong>reliquarum</strong></span> <span class='ocrx_word' id='word_1_58' title='bbox 935 635 1106 676; x_wconf 87' lang='lat' dir='ltr'><strong>omnium</strong></span> <span class='ocrx_word' id='word_1_59' title='bbox 1130 637 1486 690; x_wconf 80' lang='lat' dir='ltr'><strong>perturbationum,</strong></span> <span class='ocrx_word' id='word_1_60' title='bbox 1530 653 1627 694; x_wconf 88' lang='lat' dir='ltr'><strong>quae</strong></span> 
     </span>
    </p>
   </div>
   <div class='ocr_carea' id='block_1_8' title="bbox 67 562 1630 1422">
    <p class='ocr_par' dir='ltr' id='par_1_8' title="bbox 67 562 1630 1422">
     <span class='ocr_line' id='line_1_10' title="bbox 322 562 1627 621; baseline 0.003 -18"><span class='ocrx_word' id='word_1_61' title='bbox 322 569 392 604; x_wconf 79' lang='lat'><strong>24.</strong></span> <span class='ocrx_word' id='word_1_62' title='bbox 441 562 516 603; x_wconf 88' lang='lat' dir='ltr'><strong>Est</strong></span> <span class='ocrx_word' id='word_1_63' title='bbox 540 563 658 617; x_wconf 89' lang='lat' dir='ltr'><strong>igitur</strong></span> <span class='ocrx_word' id='word_1_64' title='bbox 678 577 817 603; x_wconf 80' lang='lat' dir='ltr'><strong>caussa</strong></span> <span class='ocrx_word' id='word_1_65' title='bbox 836 562 962 602; x_wconf 81' lang='lat' dir='ltr'><strong>omnis</strong></span> <span class='ocrx_word' id='word_1_66' title='bbox 987 563 1026 602; x_wconf 91' lang='lat' dir='ltr'><strong>in</strong></span> <span class='ocrx_word' id='word_1_67' title='bbox 1049 564 1253 617; x_wconf 89' lang='lat' dir='ltr'><strong>opinione,</strong></span> <span class='ocrx_word' id='word_1_68' title='bbox 1286 580 1359 606; x_wconf 90' lang='lat' dir='ltr'><strong>nec</strong></span> <span class='ocrx_word' id='word_1_69' title='bbox 1381 580 1478 607; x_wconf 89' lang='lat' dir='ltr'><strong>vero</strong></span> <span class='ocrx_word' id='word_1_70' title='bbox 1500 566 1627 621; x_wconf 86' lang='lat' dir='ltr'><strong>aegri-</strong></span> 
     </span>
     <span class='ocr_line' id='line_1_11' title="bbox 67 708 1627 765; baseline 0.002 -15"><span class='ocrx_word' id='word_1_71' title='bbox 67 717 158 750; x_wconf 90' lang='lat' dir='ltr'><strong>suut</strong></span> <span class='ocrx_word' id='word_1_72' title='bbox 175 723 321 764; x_wconf 84' lang='lat' dir='ltr'><strong>genere</strong></span> <span class='ocrx_word' id='word_1_73' title='bbox 343 716 540 763; x_wconf 89' lang='lat' dir='ltr'><strong>quattuor,</strong></span> <span class='ocrx_word' id='word_1_74' title='bbox 573 709 748 764; x_wconf 88' lang='lat' dir='ltr'><strong>partibus</strong></span> <span class='ocrx_word' id='word_1_75' title='bbox 769 709 913 763; x_wconf 87' lang='lat' dir='ltr'><strong>plures.</strong></span> <span class='ocrx_word' id='word_1_76' title='bbox 974 708 1077 749; x_wconf 85' lang='lat' dir='ltr'><strong>Nam</strong></span> <span class='ocrx_word' id='word_1_77' title='bbox 1100 724 1215 763; x_wconf 89' lang='lat' dir='ltr'><strong>quum</strong></span> <span class='ocrx_word' id='word_1_78' title='bbox 1236 710 1362 751; x_wconf 87' lang='lat' dir='ltr'><strong>omnis</strong></span> <span class='ocrx_word' id='word_1_79' title='bbox 1385 713 1627 765; x_wconf 82' lang='lat' dir='ltr'><strong>perturbatio</strong></span> 
     </span>
     <span class='ocr_line' id='line_1_12' title="bbox 67 782 1630 839; baseline 0.002 -16"><span class='ocrx_word' id='word_1_80' title='bbox 67 783 120 823; x_wconf 85' lang='lat' dir='ltr'><strong>sit</strong></span> <span class='ocrx_word' id='word_1_81' title='bbox 142 783 259 823; x_wconf 89' lang='lat' dir='ltr'><strong>animi</strong></span> <span class='ocrx_word' id='word_1_82' title='bbox 284 789 412 822; x_wconf 88' lang='lat' dir='ltr'><strong>motus</strong></span> <span class='ocrx_word' id='word_1_83' title='bbox 436 782 499 822; x_wconf 87' lang='lat' dir='ltr'><strong>vel</strong></span> <span class='ocrx_word' id='word_1_84' title='bbox 519 786 531 810; x_wconf 89' lang='lat'><strong>¹</strong></span> <span class='ocrx_word' id='word_1_85' title='bbox 565 782 729 822; x_wconf 89' lang='lat' dir='ltr'><strong>rationis</strong></span> <span class='ocrx_word' id='word_1_86' title='bbox 752 795 920 836; x_wconf 84' lang='lat' dir='ltr'><strong>expers,</strong></span> <span class='ocrx_word' id='word_1_87' title='bbox 962 782 1026 823; x_wconf 84' lang='lat' dir='ltr'><strong>vel</strong></span> <span class='ocrx_word' id='word_1_88' title='bbox 1053 783 1242 823; x_wconf 87' lang='lat' dir='ltr'><strong>rationem</strong></span> <span class='ocrx_word' id='word_1_89' title='bbox 1270 785 1532 839; x_wconf 82' lang='lat' dir='ltr'><strong>adspernans,</strong></span> <span class='ocrx_word' id='word_1_90' title='bbox 1565 786 1630 826; x_wconf 88' lang='lat' dir='ltr'><strong>vel</strong></span> 
     </span>
     <span class='ocr_line' id='line_1_13' title="bbox 67 855 1628 912; baseline 0.001 -15"><span class='ocrx_word' id='word_1_91' title='bbox 67 856 208 897; x_wconf 87' lang='lat' dir='ltr'><strong>rationi</strong></span> <span class='ocrx_word' id='word_1_92' title='bbox 237 869 313 896; x_wconf 91' lang='lat' dir='ltr'><strong>non</strong></span> <span class='ocrx_word' id='word_1_93' title='bbox 339 855 549 906; x_wconf 87' lang='lat' dir='ltr'><strong>obediens,</strong></span> <span class='ocrx_word' id='word_1_94' title='bbox 590 855 700 909; x_wconf 89' lang='lat' dir='ltr'><strong>isque</strong></span> <span class='ocrx_word' id='word_1_95' title='bbox 737 862 864 896; x_wconf 90' lang='lat' dir='ltr'><strong>motus</strong></span> <span class='ocrx_word' id='word_1_96' title='bbox 895 862 960 896; x_wconf 86' lang='lat' dir='ltr'><strong>aut</strong></span> <span class='ocrx_word' id='word_1_97' title='bbox 995 855 1086 896; x_wconf 90' lang='lat' dir='ltr'><strong>boni</strong></span> <span class='ocrx_word' id='word_1_98' title='bbox 1118 863 1184 897; x_wconf 89' lang='lat' dir='ltr'><strong>aut</strong></span> <span class='ocrx_word' id='word_1_99' title='bbox 1208 857 1296 897; x_wconf 89' lang='lat' dir='ltr'><strong>mali</strong></span> <span class='ocrx_word' id='word_1_100' title='bbox 1323 857 1505 912; x_wconf 89' lang='lat' dir='ltr'><strong>opinione</strong></span> <span class='ocrx_word' id='word_1_101' title='bbox 1534 859 1628 899; x_wconf 89' lang='lat' dir='ltr'><strong>cite-</strong></span> 
     </span>
     <span class='ocr_line' id='line_1_14' title="bbox 70 928 1625 983; baseline 0.003 -14"><span class='ocrx_word' id='word_1_102' title='bbox 70 931 189 980; x_wconf 74' lang='lat' dir='ltr'><strong>tur13</strong></span> <span class='ocrx_word' id='word_1_103' title='bbox 233 928 409 969; x_wconf 86' lang='lat' dir='ltr'><strong>bifariam</strong></span> <span class='ocrx_word' id='word_1_104' title='bbox 447 935 629 982; x_wconf 89' lang='lat' dir='ltr'><strong>quattuor</strong></span> <span class='ocrx_word' id='word_1_105' title='bbox 663 928 977 983; x_wconf 85' lang='lat' dir='ltr'><strong>perturbationes</strong></span> <span class='ocrx_word' id='word_1_106' title='bbox 1013 930 1228 983; x_wconf 87' lang='lat' dir='ltr'><strong>aequaliter</strong></span> <span class='ocrx_word' id='word_1_107' title='bbox 1262 931 1489 972; x_wconf 86' lang='lat' dir='ltr'><strong>distributae</strong></span> <span class='ocrx_word' id='word_1_108' title='bbox 1521 939 1625 973; x_wconf 89' lang='lat' dir='ltr'><strong>sunt.</strong></span> 
     </span>
     <span class='ocr_line' id='line_1_15' title="bbox 67 1001 1626 1059; baseline 0.004 -18"><span class='ocrx_word' id='word_1_109' title='bbox 67 1001 172 1042; x_wconf 93' lang='lat' dir='ltr'><strong>Nam</strong></span> <span class='ocrx_word' id='word_1_110' title='bbox 196 1002 295 1042; x_wconf 90' lang='lat' dir='ltr'><strong>duae</strong></span> <span class='ocrx_word' id='word_1_111' title='bbox 321 1009 412 1042; x_wconf 89' lang='lat' dir='ltr'><strong>sunt</strong></span> <span class='ocrx_word' id='word_1_112' title='bbox 444 1015 496 1042; x_wconf 80' lang='lat' dir='ltr'><strong>ex</strong></span> <span class='ocrx_word' id='word_1_113' title='bbox 522 1002 705 1056; x_wconf 88' lang='lat' dir='ltr'><strong>opinione</strong></span> <span class='ocrx_word' id='word_1_114' title='bbox 731 1002 844 1052; x_wconf 88' lang='lat' dir='ltr'><strong>boni,</strong></span> <span class='ocrx_word' id='word_1_115' title='bbox 886 1017 1047 1056; x_wconf 88' lang='lat' dir='ltr'><strong>quarum</strong></span> <span class='ocrx_word' id='word_1_116' title='bbox 1074 1003 1195 1043; x_wconf 89' lang='lat' dir='ltr'><strong>altera</strong></span> <span class='ocrx_word' id='word_1_117' title='bbox 1226 1004 1406 1059; x_wconf 88' lang='lat' dir='ltr'><strong>voluptas</strong></span> <span class='ocrx_word' id='word_1_118' title='bbox 1434 1006 1626 1059; x_wconf 87' lang='lat' dir='ltr'><strong>gestiens,</strong></span> 
     </span>
     <span class='ocr_line' id='line_1_16' title="bbox 67 1075 1628 1132; baseline 0.003 -18"><span class='ocrx_word' id='word_1_119' title='bbox 67 1075 105 1115; x_wconf 91' lang='lat' dir='ltr'><strong>id</strong></span> <span class='ocrx_word' id='word_1_120' title='bbox 131 1082 191 1115; x_wconf 89' lang='lat' dir='ltr'><strong>est</strong></span> <span class='ocrx_word' id='word_1_121' title='bbox 215 1081 372 1129; x_wconf 89' lang='lat' dir='ltr'><strong>praeter</strong></span> <span class='ocrx_word' id='word_1_122' title='bbox 392 1075 547 1114; x_wconf 89' lang='lat' dir='ltr'><strong>modum</strong></span> <span class='ocrx_word' id='word_1_123' title='bbox 569 1075 672 1115; x_wconf 88' lang='lat' dir='ltr'><strong>elata</strong></span> <span class='ocrx_word' id='word_1_124' title='bbox 693 1075 839 1115; x_wconf 83' lang='lat' dir='ltr'><strong>laetitia</strong></span> <span class='ocrx_word' id='word_1_125' title='bbox 868 1075 1051 1130; x_wconf 89' lang='lat' dir='ltr'><strong>opinione</strong></span> <span class='ocrx_word' id='word_1_126' title='bbox 1075 1077 1293 1130; x_wconf 85' lang='lat' dir='ltr'><strong>praesentis</strong></span> <span class='ocrx_word' id='word_1_127' title='bbox 1320 1078 1448 1132; x_wconf 89' lang='lat' dir='ltr'><strong>magni</strong></span> <span class='ocrx_word' id='word_1_128' title='bbox 1466 1079 1628 1119; x_wconf 89' lang='lat' dir='ltr'><strong>alicuius</strong></span> 
     </span>
     <span class='ocr_line' id='line_1_17' title="bbox 67 1148 1628 1205; baseline 0.003 -17"><span class='ocrx_word' id='word_1_129' title='bbox 67 1148 182 1199; x_wconf 87' lang='lat' dir='ltr'><strong>boni,</strong></span> <span class='ocrx_word' id='word_1_130' title='bbox 223 1148 369 1198; x_wconf 75' lang='lat' dir='ltr'><strong>altera,</strong></span> <span class='ocrx_word' id='word_1_131' title='bbox 411 1162 508 1202; x_wconf 91' lang='lat' dir='ltr'><strong>quae</strong></span> <span class='ocrx_word' id='word_1_132' title='bbox 537 1155 595 1188; x_wconf 88' lang='lat' dir='ltr'><strong>est</strong></span> <span class='ocrx_word' id='word_1_133' title='bbox 622 1148 876 1189; x_wconf 83' lang='lat' dir='ltr'><strong>immoderata</strong></span> <span class='ocrx_word' id='word_1_134' title='bbox 905 1149 1088 1203; x_wconf 82' lang='lat' dir='ltr'><strong>appetitio</strong></span> <span class='ocrx_word' id='word_1_135' title='bbox 1113 1150 1258 1204; x_wconf 87' lang='lat' dir='ltr'><strong>opinati</strong></span> <span class='ocrx_word' id='word_1_136' title='bbox 1288 1151 1418 1205; x_wconf 86' lang='lat' dir='ltr'><strong>magni</strong></span> <span class='ocrx_word' id='word_1_137' title='bbox 1441 1151 1531 1192; x_wconf 90' lang='lat' dir='ltr'><strong>boni</strong></span> <span class='ocrx_word' id='word_1_138' title='bbox 1565 1166 1628 1193; x_wconf 88' lang='lat' dir='ltr'><strong>ra-</strong></span> 
     </span>
     <span class='ocr_line' id='line_1_18' title="bbox 68 1211 1625 1279; baseline 0.003 -18"><span class='ocrx_word' id='word_1_139' title='bbox 68 1222 163 1262; x_wconf 87' lang='lat' dir='ltr'><strong>tioni</strong></span> <span class='ocrx_word' id='word_1_140' title='bbox 197 1236 273 1261; x_wconf 90' lang='lat' dir='ltr'><strong>non</strong></span> <span class='ocrx_word' id='word_1_141' title='bbox 305 1211 602 1275; x_wconf 82' lang='lat' dir='ltr'><strong>obtemperans,</strong></span> <span class='ocrx_word' id='word_1_142' title='bbox 642 1222 706 1261; x_wconf 85' lang='lat' dir='ltr'><strong>vel</strong></span> <span class='ocrx_word' id='word_1_143' title='bbox 737 1222 925 1276; x_wconf 85' lang='lat' dir='ltr'><strong>cupiditas</strong></span> <span class='ocrx_word' id='word_1_144' title='bbox 956 1229 1063 1262; x_wconf 87' lang='lat' dir='ltr'><strong>recte</strong></span> <span class='ocrx_word' id='word_1_145' title='bbox 1093 1223 1156 1262; x_wconf 79' lang='lat' dir='ltr'><strong>vel</strong></span> <span class='ocrx_word' id='word_1_146' title='bbox 1187 1223 1304 1263; x_wconf 87' lang='lat' dir='ltr'><strong>libido</strong></span> <span class='ocrx_word' id='word_1_147' title='bbox 1336 1224 1409 1264; x_wconf 90' lang='lat' dir='ltr'><strong>dici</strong></span> <span class='ocrx_word' id='word_1_148' title='bbox 1441 1227 1625 1279; x_wconf 78' lang='lat' dir='ltr'><strong>potestlt</strong></span> 
     </span>
     <span class='ocr_line' id='line_1_19' title="bbox 69 1293 1630 1348; baseline 0.003 -13"><span class='ocrx_word' id='word_1_149' title='bbox 69 1301 138 1335; x_wconf 82' lang='lat'><strong>25.</strong></span> <span class='ocrx_word' id='word_1_150' title='bbox 182 1293 292 1348; x_wconf 86' lang='lat' dir='ltr'><strong>Ergo</strong></span> <span class='ocrx_word' id='word_1_151' title='bbox 324 1294 420 1334; x_wconf 88' lang='lat' dir='ltr'><strong>haec</strong></span> <span class='ocrx_word' id='word_1_152' title='bbox 453 1294 528 1334; x_wconf 92' lang='lat' dir='ltr'><strong>duo</strong></span> <span class='ocrx_word' id='word_1_153' title='bbox 556 1308 725 1348; x_wconf 87' lang='lat' dir='ltr'><strong>genera,</strong></span> <span class='ocrx_word' id='word_1_154' title='bbox 766 1295 946 1348; x_wconf 89' lang='lat' dir='ltr'><strong>voluptas</strong></span> <span class='ocrx_word' id='word_1_155' title='bbox 976 1295 1148 1348; x_wconf 86' lang='lat' dir='ltr'><strong>gestiens</strong></span> <span class='ocrx_word' id='word_1_156' title='bbox 1182 1304 1220 1336; x_wconf 88' lang='lat' dir='ltr'><strong>et</strong></span> <span class='ocrx_word' id='word_1_157' title='bbox 1255 1296 1395 1347; x_wconf 86' lang='lat' dir='ltr'><strong>libido,</strong></span> <span class='ocrx_word' id='word_1_158' title='bbox 1438 1298 1630 1339; x_wconf 92' lang='lat' dir='ltr'><strong>bonorum</strong></span> 
     </span>
     <span class='ocr_line' id='line_1_20' title="bbox 68 1362 1626 1422; baseline 0.003 -14"><span class='ocrx_word' id='word_1_159' title='bbox 68 1367 250 1422; x_wconf 90' lang='lat' dir='ltr'><strong>opinione</strong></span> <span class='ocrx_word' id='word_1_160' title='bbox 281 1367 507 1417; x_wconf 86' lang='lat' dir='ltr'><strong>turbantur,</strong></span> <span class='ocrx_word' id='word_1_161' title='bbox 550 1374 591 1407; x_wconf 92' lang='lat' dir='ltr'><strong>ut</strong></span> <span class='ocrx_word' id='word_1_162' title='bbox 619 1367 694 1407; x_wconf 92' lang='lat' dir='ltr'><strong>duo</strong></span> <span class='ocrx_word' id='word_1_163' title='bbox 718 1362 899 1421; x_wconf 82' lang='lat' dir='ltr'><strong>reliqua,</strong></span> <span class='ocrx_word' id='word_1_164' title='bbox 935 1374 1060 1408; x_wconf 88' lang='lat' dir='ltr'><strong>metus</strong></span> <span class='ocrx_word' id='word_1_165' title='bbox 1089 1376 1128 1408; x_wconf 90' lang='lat' dir='ltr'><strong>et</strong></span> <span class='ocrx_word' id='word_1_166' title='bbox 1156 1370 1383 1422; x_wconf 87' lang='lat' dir='ltr'><strong>aegritudo,</strong></span> <span class='ocrx_word' id='word_1_167' title='bbox 1423 1372 1626 1412; x_wconf 86' lang='lat' dir='ltr'><strong>malorum.</strong></span> 
     </span>
    </p>
   </div>
   <div class='ocr_carea' id='block_1_9' title="bbox 67 1495 1631 1582">
    <p class='ocr_par' dir='ltr' id='par_1_9' title="bbox 67 1495 1631 1582">
     <span class='ocr_line' id='line_1_21' title="bbox 157 1495 1631 1540; baseline 0.003 -11"><span class='ocrx_word' id='word_1_168' title='bbox 157 1496 180 1529; x_wconf 84' lang='grc'>8</span> <span class='ocrx_word' id='word_1_169' title='bbox 215 1497 269 1529; x_wconf 88' lang='lat' dir='ltr'><strong>Sic</strong></span> <span class='ocrx_word' id='word_1_170' title='bbox 291 1499 346 1529; x_wconf 89' lang='lat' dir='ltr'><strong>Or.</strong></span> <span class='ocrx_word' id='word_1_171' title='bbox 373 1508 400 1528; x_wconf 89' lang='lat' dir='ltr'><strong>c.</strong></span> <span class='ocrx_word' id='word_1_172' title='bbox 426 1496 463 1528; x_wconf 90' lang='lat' dir='ltr'><strong>R.</strong></span> <span class='ocrx_word' id='word_1_173' title='bbox 486 1498 521 1528; x_wconf 88' lang='lat' dir='ltr'><strong>P.</strong></span> <span class='ocrx_word' id='word_1_174' title='bbox 549 1495 635 1529; x_wconf 87' lang='lat' dir='ltr'><strong>Gud.</strong></span> <span class='ocrx_word' id='word_1_175' title='bbox 662 1496 691 1529; x_wconf 90' lang='lat'><strong>1.</strong></span> <span class='ocrx_word' id='word_1_176' title='bbox 726 1499 807 1540; x_wconf 80' lang='lat' dir='ltr'><strong>Aug.</strong></span> <span class='ocrx_word' id='word_1_177' title='bbox 826 1509 887 1540; x_wconf 88' lang='lat' dir='ltr'><strong>pro</strong></span> <span class='ocrx_word' id='word_1_178' title='bbox 907 1496 995 1540; x_wconf 86' lang='lat' dir='ltr'><strong>vulg.</strong></span> <span class='ocrx_word' id='word_1_179' title='bbox 1020 1499 1083 1529; x_wconf 81' lang='lat' dir='ltr'><strong>dol.</strong></span> <span class='ocrx_word' id='word_1_180' title='bbox 1105 1500 1199 1538; x_wconf 79' lang='lat' dir='ltr'><strong>i9itur</strong></span> <span class='ocrx_word' id='word_1_181' title='bbox 1226 1500 1328 1531; x_wconf 78' lang='lat' dir='ltr'><strong>huius.</strong></span> <span class='ocrx_word' id='word_1_182' title='bbox 1376 1500 1415 1532; x_wconf 90' lang='lat' dir='ltr'><strong>V.</strong></span> <span class='ocrx_word' id='word_1_183' title='bbox 1443 1499 1527 1531; x_wconf 88' lang='lat' dir='ltr'><strong>Adn.</strong></span> <span class='ocrx_word' id='word_1_184' title='bbox 1549 1500 1582 1532; x_wconf 88' lang='lat' dir='ltr'><strong>in</strong></span> <span class='ocrx_word' id='word_1_185' title='bbox 1608 1503 1631 1533; x_wconf 86' lang='lat' dir='ltr'><strong>I.</strong></span> 
     </span>
     <span class='ocr_line' id='line_1_22' title="bbox 67 1539 530 1582; baseline -0.002 -8"><span class='ocrx_word' id='word_1_186' title='bbox 67 1539 110 1582; x_wconf 80' lang='lat'><strong>6,</strong></span> <span class='ocrx_word' id='word_1_187' title='bbox 136 1541 188 1574; x_wconf 84' lang='lat'><strong>12.</strong></span> <span class='ocrx_word' id='word_1_188' title='bbox 237 1542 299 1574; x_wconf 92' lang='lat' dir='ltr'><strong>XI.</strong></span> <span class='ocrx_word' id='word_1_189' title='bbox 350 1541 364 1573; x_wconf 92' lang='lat'>1</span> <span class='ocrx_word' id='word_1_190' title='bbox 392 1553 422 1573; x_wconf 91' lang='lat' dir='ltr'><strong>v.</strong></span> <span class='ocrx_word' id='word_1_191' title='bbox 445 1541 530 1573; x_wconf 83' lang='lat' dir='ltr'><strong>Adn.</strong></span> 
     </span>
    </p>
   </div>
   <div class='ocr_carea' id='block_1_10' title="bbox 67 1620 834 1799">
    <p class='ocr_par' dir='ltr' id='par_1_10' title="bbox 67 1620 834 1751">
     <span class='ocr_line' id='line_1_23' title="bbox 68 1620 832 1661; baseline 0.001 -9"><span class='ocrx_word' id='word_1_192' title='bbox 68 1620 215 1653; x_wconf 82' lang='lat' dir='ltr'><strong>Eandem</strong></span> <span class='ocrx_word' id='word_1_193' title='bbox 228 1620 295 1652; x_wconf 90' lang='lat' dir='ltr'><strong>vim</strong></span> <span class='ocrx_word' id='word_1_194' title='bbox 307 1620 431 1652; x_wconf 88' lang='lat' dir='ltr'><strong>habent</strong></span> <span class='ocrx_word' id='word_1_195' title='bbox 452 1622 571 1660; x_wconf 77' lang='lat' dir='ltr'><strong>formae</strong></span> <span class='ocrx_word' id='word_1_196' title='bbox 583 1631 740 1661; x_wconf 70' lang='lat' dir='ltr'><strong>generum,</strong></span> <span class='ocrx_word' id='word_1_197' title='bbox 759 1621 832 1653; x_wconf 79' lang='lat' dir='ltr'><strong>Fin.</strong></span> 
     </span>
     <span class='ocr_line' id='line_1_24' title="bbox 70 1665 834 1703; baseline 0 -5"><span class='ocrx_word' id='word_1_198' title='bbox 70 1666 176 1703; x_wconf 77' lang='lat'><strong>11‚9.</strong></span> <span class='ocrx_word' id='word_1_199' title='bbox 214 1672 247 1697; x_wconf 84' lang='lat' dir='ltr'><strong>et</strong></span> <span class='ocrx_word' id='word_1_200' title='bbox 279 1665 350 1697; x_wconf 83' lang='lat' dir='ltr'><strong>aliis</strong></span> <span class='ocrx_word' id='word_1_201' title='bbox 383 1665 476 1697; x_wconf 89' lang='lat' dir='ltr'><strong>locis.</strong></span> <span class='ocrx_word' id='word_1_202' title='bbox 525 1666 700 1697; x_wconf 73' lang='lat' dir='ltr'><strong>Nostrates</strong></span> <span class='ocrx_word' id='word_1_203' title='bbox 725 1666 834 1698; x_wconf 87' lang='lat' dir='ltr'><strong>dicere</strong></span> 
     </span>
     <span class='ocr_line' id='line_1_25' title="bbox 67 1710 322 1751; baseline -0.004 -9"><span class='ocrx_word' id='word_1_204' title='bbox 67 1710 176 1743; x_wconf 88' lang='lat' dir='ltr'><strong>solent</strong></span> <span class='ocrx_word' id='word_1_205' title='bbox 198 1713 322 1751; x_wconf 80' lang='lat' dir='ltr'><strong>species.</strong></span> 
     </span>
    </p>

    <p class='ocr_par' dir='ltr' id='par_1_11' title="bbox 135 1755 833 1799">
     <span class='ocr_line' id='line_1_26' title="bbox 135 1755 833 1799; baseline -0.001 -11"><span class='ocrx_word' id='word_1_206' title='bbox 135 1758 183 1788; x_wconf 85' lang='lat' dir='ltr'><strong>vel</strong></span> <span class='ocrx_word' id='word_1_207' title='bbox 212 1756 358 1799; x_wconf 79' lang='lat' dir='ltr'><strong>rationis]</strong></span> <span class='ocrx_word' id='word_1_208' title='bbox 396 1756 445 1786; x_wconf 92' lang='lat' dir='ltr'><strong>De</strong></span> <span class='ocrx_word' id='word_1_209' title='bbox 476 1755 641 1787; x_wconf 84' lang='lat' dir='ltr'><strong>Bouhierii</strong></span> <span class='ocrx_word' id='word_1_210' title='bbox 671 1756 833 1788; x_wconf 86' lang='lat' dir='ltr'><strong>sententia</strong></span> 
     </span>
    </p>
   </div>
   <div class='ocr_carea' id='block_1_11' title="bbox 866 1624 1634 1803">
    <p class='ocr_par' dir='ltr' id='par_1_12' title="bbox 866 1624 1634 1803">
     <span class='ocr_line' id='line_1_27' title="bbox 937 1624 1631 1666; baseline 0.009 -13"><span class='ocrx_word' id='word_1_211' title='bbox 937 1624 1055 1663; x_wconf 77' lang='lat' dir='ltr'><strong>altera,</strong></span> <span class='ocrx_word' id='word_1_212' title='bbox 1092 1633 1171 1663; x_wconf 81' lang='lat' dir='ltr'><strong>quae</strong></span> <span class='ocrx_word' id='word_1_213' title='bbox 1206 1627 1248 1655; x_wconf 76' lang='lat' dir='ltr'><strong>est</strong></span> <span class='ocrx_word' id='word_1_214' title='bbox 1282 1627 1410 1657; x_wconf 82' lang='lat' dir='ltr'><strong>immod.</strong></span> <span class='ocrx_word' id='word_1_215' title='bbox 1443 1630 1546 1666; x_wconf 72' lang='lat' dir='ltr'><strong>appel.</strong></span> <span class='ocrx_word' id='word_1_216' title='bbox 1581 1637 1631 1666; x_wconf 82' lang='lat' dir='ltr'><strong>op.</strong></span> 
     </span>
     <span class='ocr_line' id='line_1_28' title="bbox 867 1670 1634 1711; baseline 0.007 -13"><span class='ocrx_word' id='word_1_217' title='bbox 867 1670 977 1707; x_wconf 68' lang='lat' dir='ltr'><strong>‘magni</strong></span> <span class='ocrx_word' id='word_1_218' title='bbox 998 1670 1069 1699; x_wconf 81' lang='lat' dir='ltr'><strong>boni</strong></span> <span class='ocrx_word' id='word_1_219' title='bbox 1086 1672 1144 1699; x_wconf 79' lang='lat' dir='ltr'><strong>rat.</strong></span> <span class='ocrx_word' id='word_1_220' title='bbox 1167 1679 1228 1700; x_wconf 80' lang='lat' dir='ltr'><strong>non</strong></span> <span class='ocrx_word' id='word_1_221' title='bbox 1251 1672 1485 1711; x_wconf 76' lang='lat' dir='ltr'><strong>obtemperans,</strong></span> <span class='ocrx_word' id='word_1_222' title='bbox 1515 1674 1562 1703; x_wconf 86' lang='lat' dir='ltr'><strong>vel</strong></span> <span class='ocrx_word' id='word_1_223' title='bbox 1580 1682 1634 1703; x_wconf 81' lang='lat' dir='ltr'><strong>cu-</strong></span> 
     </span>
     <span class='ocr_line' id='line_1_29' title="bbox 866 1714 1632 1759; baseline 0.005 -16"><span class='ocrx_word' id='word_1_224' title='bbox 866 1714 984 1752; x_wconf 65' lang='lat' dir='ltr'><strong>piditas</strong></span> <span class='ocrx_word' id='word_1_225' title='bbox 1003 1717 1080 1744; x_wconf 78' lang='lat' dir='ltr'><strong>recte</strong></span> <span class='ocrx_word' id='word_1_226' title='bbox 1100 1715 1147 1744; x_wconf 80' lang='lat' dir='ltr'><strong>vel</strong></span> <span class='ocrx_word' id='word_1_227' title='bbox 1168 1715 1262 1745; x_wconf 67' lang='lat' dir='ltr'><strong>libido</strong></span> <span class='ocrx_word' id='word_1_228' title='bbox 1283 1716 1346 1746; x_wconf 68' lang='lat' dir='ltr'><strong>diez*</strong></span> <span class='ocrx_word' id='word_1_229' title='bbox 1364 1717 1475 1759; x_wconf 78' lang='lat' dir='ltr'><strong>potest]</strong></span> <span class='ocrx_word' id='word_1_230' title='bbox 1496 1716 1550 1747; x_wconf 89' lang='lat' dir='ltr'><strong>Sic</strong></span> <span class='ocrx_word' id='word_1_231' title='bbox 1570 1727 1632 1758; x_wconf 86' lang='lat' dir='ltr'><strong>ego</strong></span> 
     </span>
     <span class='ocr_line' id='line_1_30' title="bbox 869 1757 1634 1803; baseline 0.007 -16"><span class='ocrx_word' id='word_1_232' title='bbox 869 1768 955 1788; x_wconf 88' lang='lat' dir='ltr'><strong>nunc</strong></span> <span class='ocrx_word' id='word_1_233' title='bbox 979 1757 1022 1799; x_wconf 72' lang='lat' dir='ltr'><strong>(in</strong></span> <span class='ocrx_word' id='word_1_234' title='bbox 1041 1757 1172 1798; x_wconf 76' lang='lat' dir='ltr'><strong>ed.1V.)</strong></span> <span class='ocrx_word' id='word_1_235' title='bbox 1195 1759 1405 1790; x_wconf 85' lang='lat' dir='ltr'><strong>scribendum</strong></span> <span class='ocrx_word' id='word_1_236' title='bbox 1422 1760 1508 1798; x_wconf 81' lang='lat' dir='ltr'><strong>duxi,</strong></span> <span class='ocrx_word' id='word_1_237' title='bbox 1534 1772 1634 1803; x_wconf 81' lang='lat' dir='ltr'><strong>prae—</strong></span> 
     </span>
    </p>
   </div>
   <div class='ocr_carea' id='block_1_12' title="bbox 68 1800 840 2738">
    <p class='ocr_par' dir='ltr' id='par_1_13' title="bbox 68 1800 839 2416">
     <span class='ocr_line' id='line_1_31' title="bbox 68 1800 833 1839; baseline 0 -6"><span class='ocrx_word' id='word_1_238' title='bbox 68 1804 116 1834; x_wconf 81' lang='lat' dir='ltr'><strong>vel</strong></span> <span class='ocrx_word' id='word_1_239' title='bbox 128 1802 186 1832; x_wconf 86' lang='lat' dir='ltr'><strong>W.</strong></span> <span class='ocrx_word' id='word_1_240' title='bbox 205 1800 349 1839; x_wconf 78' lang='lat' dir='ltr'><strong>seclusit,</strong></span> <span class='ocrx_word' id='word_1_241' title='bbox 371 1800 425 1831; x_wconf 76' lang='lat' dir='ltr'><strong>alii</strong></span> <span class='ocrx_word' id='word_1_242' title='bbox 447 1800 631 1837; x_wconf 71' lang='lat' dir='ltr'><strong>eiecerunt3</strong></span> <span class='ocrx_word' id='word_1_243' title='bbox 656 1801 833 1833; x_wconf 86' lang='lat' dir='ltr'><strong>immerito.</strong></span> 
     </span>
     <span class='ocr_line' id='line_1_32' title="bbox 69 1845 833 1888; baseline -0.001 -10"><span class='ocrx_word' id='word_1_244' title='bbox 69 1845 246 1878; x_wconf 86' lang='lat' dir='ltr'><strong>Audiamus</strong></span> <span class='ocrx_word' id='word_1_245' title='bbox 271 1848 467 1878; x_wconf 71' lang='lat' dir='ltr'><strong>Mssenium:</strong></span> <span class='ocrx_word' id='word_1_246' title='bbox 503 1846 594 1877; x_wconf 78' lang='lat' dir='ltr'><strong>Haec</strong></span> <span class='ocrx_word' id='word_1_247' title='bbox 617 1846 679 1878; x_wconf 85' lang='lat' dir='ltr'><strong>tria</strong></span> <span class='ocrx_word' id='word_1_248' title='bbox 713 1858 833 1888; x_wconf 83' lang='lat' dir='ltr'><strong>genera</strong></span> 
     </span>
     <span class='ocr_line' id='line_1_33' title="bbox 69 1890 834 1934; baseline 0.001 -12"><span class='ocrx_word' id='word_1_249' title='bbox 69 1897 145 1923; x_wconf 88' lang='lat' dir='ltr'><strong>sunt</strong></span> <span class='ocrx_word' id='word_1_250' title='bbox 168 1897 315 1922; x_wconf 90' lang='lat' dir='ltr'><strong>motuum</strong></span> <span class='ocrx_word' id='word_1_251' title='bbox 338 1890 457 1928; x_wconf 81' lang='lat' dir='ltr'><strong>animi,</strong></span> <span class='ocrx_word' id='word_1_252' title='bbox 484 1902 621 1934; x_wconf 89' lang='lat' dir='ltr'><strong>quorum</strong></span> <span class='ocrx_word' id='word_1_253' title='bbox 643 1891 748 1933; x_wconf 85' lang='lat' dir='ltr'><strong>primo</strong></span> <span class='ocrx_word' id='word_1_254' title='bbox 770 1902 834 1923; x_wconf 90' lang='lat' dir='ltr'><strong>vo—</strong></span> 
     </span>
     <span class='ocr_line' id='line_1_34' title="bbox 70 1935 834 1979; baseline -0.003 -11"><span class='ocrx_word' id='word_1_255' title='bbox 70 1937 178 1979; x_wconf 84' lang='lat' dir='ltr'><strong>luptas</strong></span> <span class='ocrx_word' id='word_1_256' title='bbox 194 1935 494 1977; x_wconf 72' lang='lat' dir='ltr'><strong>comprehenditur,</strong></span> <span class='ocrx_word' id='word_1_257' title='bbox 517 1947 600 1978; x_wconf 84' lang='lat' dir='ltr'><strong>quae</strong></span> <span class='ocrx_word' id='word_1_258' title='bbox 614 1936 747 1978; x_wconf 83' lang='lat' dir='ltr'><strong>proprie</strong></span> <span class='ocrx_word' id='word_1_259' title='bbox 763 1947 834 1967; x_wconf 82' lang='lat' dir='ltr'><strong>eam</strong></span> 
     </span>
     <span class='ocr_line' id='line_1_35' title="bbox 71 1980 834 2024; baseline -0.001 -12"><span class='ocrx_word' id='word_1_260' title='bbox 71 1988 199 2024; x_wconf 84' lang='lat' dir='ltr'><strong>partem</strong></span> <span class='ocrx_word' id='word_1_261' title='bbox 232 1980 374 2011; x_wconf 89' lang='lat' dir='ltr'><strong>hominis</strong></span> <span class='ocrx_word' id='word_1_262' title='bbox 407 1980 562 2022; x_wconf 79' lang='lat' dir='ltr'><strong>attingit,</strong></span> <span class='ocrx_word' id='word_1_263' title='bbox 602 1992 684 2023; x_wconf 75' lang='lat' dir='ltr'><strong>quae</strong></span> <span class='ocrx_word' id='word_1_264' title='bbox 718 1992 834 2023; x_wconf 81' lang='lat' dir='ltr'><strong>expers</strong></span> 
     </span>
     <span class='ocr_line' id='line_1_36' title="bbox 70 2024 833 2068; baseline -0.001 -10"><span class='ocrx_word' id='word_1_265' title='bbox 70 2033 120 2058; x_wconf 86' lang='lat' dir='ltr'><strong>est</strong></span> <span class='ocrx_word' id='word_1_266' title='bbox 138 2025 294 2062; x_wconf 82' lang='lat' dir='ltr'><strong>rationis;</strong></span> <span class='ocrx_word' id='word_1_267' title='bbox 320 2024 414 2056; x_wconf 84' lang='lat' dir='ltr'><strong>alteri</strong></span> <span class='ocrx_word' id='word_1_268' title='bbox 429 2025 576 2057; x_wconf 83' lang='lat' dir='ltr'><strong>subiecta</strong></span> <span class='ocrx_word' id='word_1_269' title='bbox 595 2025 756 2068; x_wconf 84' lang='lat' dir='ltr'><strong>cupiditas</strong></span> <span class='ocrx_word' id='word_1_270' title='bbox 773 2032 833 2065; x_wconf 86' lang='lat' dir='ltr'><strong>est,</strong></span> 
     </span>
     <span class='ocr_line' id='line_1_37' title="bbox 70 2070 833 2114; baseline 0 -13"><span class='ocrx_word' id='word_1_271' title='bbox 70 2081 155 2114; x_wconf 83' lang='lat' dir='ltr'><strong>quae</strong></span> <span class='ocrx_word' id='word_1_272' title='bbox 192 2070 379 2112; x_wconf 81' lang='lat' dir='ltr'><strong>praefracte</strong></span> <span class='ocrx_word' id='word_1_273' title='bbox 418 2070 578 2101; x_wconf 81' lang='lat' dir='ltr'><strong>rationem</strong></span> <span class='ocrx_word' id='word_1_274' title='bbox 622 2077 833 2112; x_wconf 55' lang='lat' dir='ltr'><strong>aspernatum</strong></span> 
     </span>
     <span class='ocr_line' id='line_1_38' title="bbox 71 2114 832 2158; baseline -0.001 -11"><span class='ocrx_word' id='word_1_275' title='bbox 71 2115 171 2147; x_wconf 87' lang='lat' dir='ltr'><strong>tertio</strong></span> <span class='ocrx_word' id='word_1_276' title='bbox 194 2114 335 2157; x_wconf 87' lang='lat' dir='ltr'><strong>denique</strong></span> <span class='ocrx_word' id='word_1_277' title='bbox 356 2122 460 2146; x_wconf 84' lang='lat' dir='ltr'><strong>metus</strong></span> <span class='ocrx_word' id='word_1_278' title='bbox 485 2122 518 2146; x_wconf 80' lang='lat' dir='ltr'><strong>et</strong></span> <span class='ocrx_word' id='word_1_279' title='bbox 541 2115 732 2157; x_wconf 73' lang='lat' dir='ltr'><strong>aegritudO,</strong></span> <span class='ocrx_word' id='word_1_280' title='bbox 759 2115 832 2158; x_wconf 89' lang='lat' dir='ltr'><strong>qui-</strong></span> 
     </span>
     <span class='ocr_line' id='line_1_39' title="bbox 70 2159 837 2196; baseline -0.001 -4"><span class='ocrx_word' id='word_1_281' title='bbox 70 2161 130 2192; x_wconf 91' lang='lat' dir='ltr'><strong>bus</strong></span> <span class='ocrx_word' id='word_1_282' title='bbox 152 2159 236 2191; x_wconf 88' lang='lat' dir='ltr'><strong>vires</strong></span> <span class='ocrx_word' id='word_1_283' title='bbox 257 2159 398 2190; x_wconf 88' lang='lat' dir='ltr'><strong>hominis</strong></span> <span class='ocrx_word' id='word_1_284' title='bbox 423 2160 506 2191; x_wconf 83' lang='lat' dir='ltr'><strong>adeo</strong></span> <span class='ocrx_word' id='word_1_285' title='bbox 531 2167 766 2196; x_wconf 78' lang='lat' dir='ltr'><strong>extenuantur,</strong></span> <span class='ocrx_word' id='word_1_286' title='bbox 801 2167 837 2191; x_wconf 92' lang='lat' dir='ltr'><strong>ut</strong></span> 
     </span>
     <span class='ocr_line' id='line_1_40' title="bbox 72 2204 839 2247; baseline -0.001 -10"><span class='ocrx_word' id='word_1_287' title='bbox 72 2204 206 2238; x_wconf 81' lang='lat' dir='ltr'><strong>obedire</strong></span> <span class='ocrx_word' id='word_1_288' title='bbox 218 2204 337 2236; x_wconf 86' lang='lat' dir='ltr'><strong>rationi</strong></span> <span class='ocrx_word' id='word_1_289' title='bbox 351 2211 502 2247; x_wconf 79' lang='lat' dir='ltr'><strong>nequeat.</strong></span> <span class='ocrx_word' id='word_1_290' title='bbox 538 2205 666 2236; x_wconf 81' lang='lat' dir='ltr'><strong>Etenim</strong></span> <span class='ocrx_word' id='word_1_291' title='bbox 680 2206 744 2237; x_wconf 89' lang='lat' dir='ltr'><strong>duo</strong></span> <span class='ocrx_word' id='word_1_292' title='bbox 757 2205 839 2236; x_wconf 77' lang='lat' dir='ltr'><strong>haec</strong></span> 
     </span>
     <span class='ocr_line' id='line_1_41' title="bbox 71 2249 838 2293; baseline -0.003 -11"><span class='ocrx_word' id='word_1_293' title='bbox 71 2262 191 2293; x_wconf 81' lang='lat' dir='ltr'><strong>genera</strong></span> <span class='ocrx_word' id='word_1_294' title='bbox 211 2249 310 2281; x_wconf 84' lang='lat' dir='ltr'><strong>animi</strong></span> <span class='ocrx_word' id='word_1_295' title='bbox 328 2257 474 2282; x_wconf 86' lang='lat' dir='ltr'><strong>motuum</strong></span> <span class='ocrx_word' id='word_1_296' title='bbox 493 2250 552 2281; x_wconf 84' lang='lat' dir='ltr'><strong>etsi</strong></span> <span class='ocrx_word' id='word_1_297' title='bbox 572 2250 618 2282; x_wconf 92' lang='lat' dir='ltr'><strong>sic</strong></span> <span class='ocrx_word' id='word_1_298' title='bbox 638 2250 838 2292; x_wconf 85' lang='lat' dir='ltr'><strong>conspirant,</strong></span> 
     </span>
     <span class='ocr_line' id='line_1_42' title="bbox 72 2295 838 2333; baseline -0.001 -6"><span class='ocrx_word' id='word_1_299' title='bbox 72 2302 108 2327; x_wconf 87' lang='lat' dir='ltr'><strong>ut</strong></span> <span class='ocrx_word' id='word_1_300' title='bbox 132 2300 283 2326; x_wconf 90' lang='lat' dir='ltr'><strong>neutrum</strong></span> <span class='ocrx_word' id='word_1_301' title='bbox 318 2295 437 2326; x_wconf 78' lang='lat' dir='ltr'><strong>rationi</strong></span> <span class='ocrx_word' id='word_1_302' title='bbox 463 2295 616 2333; x_wconf 84' lang='lat' dir='ltr'><strong>obediat,</strong></span> <span class='ocrx_word' id='word_1_303' title='bbox 657 2296 703 2326; x_wconf 86' lang='lat' dir='ltr'><strong>ita</strong></span> <span class='ocrx_word' id='word_1_304' title='bbox 727 2302 838 2327; x_wconf 85' lang='lat' dir='ltr'><strong>tamen</strong></span> 
     </span>
     <span class='ocr_line' id='line_1_43' title="bbox 72 2339 838 2380; baseline 0 -9"><span class='ocrx_word' id='word_1_305' title='bbox 72 2339 244 2380; x_wconf 84' lang='lat' dir='ltr'><strong>differunt,</strong></span> <span class='ocrx_word' id='word_1_306' title='bbox 269 2346 303 2369; x_wconf 88' lang='lat' dir='ltr'><strong>ut</strong></span> <span class='ocrx_word' id='word_1_307' title='bbox 322 2339 354 2370; x_wconf 89' lang='lat' dir='ltr'><strong>in</strong></span> <span class='ocrx_word' id='word_1_308' title='bbox 374 2340 478 2371; x_wconf 80' lang='lat' dir='ltr'><strong>altero</strong></span> <span class='ocrx_word' id='word_1_309' title='bbox 498 2341 714 2379; x_wconf 81' lang='lat' dir='ltr'><strong>contumacia,</strong></span> <span class='ocrx_word' id='word_1_310' title='bbox 739 2339 772 2371; x_wconf 83' lang='lat' dir='ltr'><strong>in</strong></span> <span class='ocrx_word' id='word_1_311' title='bbox 786 2340 838 2371; x_wconf 85' lang='lat' dir='ltr'><strong>al—</strong></span> 
     </span>
     <span class='ocr_line' id='line_1_44' title="bbox 72 2383 836 2416; baseline -0.001 0"><span class='ocrx_word' id='word_1_312' title='bbox 72 2391 146 2416; x_wconf 89' lang='lat' dir='ltr'><strong>tero</strong></span> <span class='ocrx_word' id='word_1_313' title='bbox 169 2383 374 2414; x_wconf 80' lang='lat' dir='ltr'><strong>imbecillitas</strong></span> <span class='ocrx_word' id='word_1_314' title='bbox 394 2384 638 2416; x_wconf 84' lang='lat' dir='ltr'><strong>inobedientiae</strong></span> <span class='ocrx_word' id='word_1_315' title='bbox 656 2385 698 2416; x_wconf 89' lang='lat' dir='ltr'><strong>sit</strong></span> <span class='ocrx_word' id='word_1_316' title='bbox 714 2395 836 2415; x_wconf 83' lang='lat' dir='ltr'><strong>caussa.</strong></span> 
     </span>
    </p>

    <p class='ocr_par' dir='ltr' id='par_1_14' title="bbox 73 2428 840 2738">
     <span class='ocr_line' id='line_1_45' title="bbox 141 2428 838 2470; baseline 0.001 -11"><span class='ocrx_word' id='word_1_317' title='bbox 141 2428 260 2470; x_wconf 82' lang='lat' dir='ltr'><strong>citetur]</strong></span> <span class='ocrx_word' id='word_1_318' title='bbox 300 2428 450 2458; x_wconf 79' lang='lat' dir='ltr'><strong>Davisius</strong></span> <span class='ocrx_word' id='word_1_319' title='bbox 483 2429 515 2459; x_wconf 87' lang='lat' dir='ltr'><strong>in</strong></span> <span class='ocrx_word' id='word_1_320' title='bbox 549 2429 600 2459; x_wconf 85' lang='lat' dir='ltr'><strong>ed.</strong></span> <span class='ocrx_word' id='word_1_321' title='bbox 623 2432 654 2460; x_wconf 65' lang='grc'><strong>2.</strong></span> <span class='ocrx_word' id='word_1_322' title='bbox 693 2429 838 2460; x_wconf 79' lang='lat' dir='ltr'><strong>correxit</strong></span> 
     </span>
     <span class='ocr_line' id='line_1_46' title="bbox 73 2472 837 2512; baseline -0.001 -7"><span class='ocrx_word' id='word_1_323' title='bbox 73 2475 241 2512; x_wconf 74' lang='lat' dir='ltr'><strong>excitetur,</strong></span> <span class='ocrx_word' id='word_1_324' title='bbox 276 2472 334 2502; x_wconf 85' lang='lat' dir='ltr'><strong>sed</strong></span> <span class='ocrx_word' id='word_1_325' title='bbox 357 2472 390 2503; x_wconf 90' lang='lat' dir='ltr'><strong>in</strong></span> <span class='ocrx_word' id='word_1_326' title='bbox 416 2472 467 2504; x_wconf 85' lang='lat' dir='ltr'><strong>ed.</strong></span> <span class='ocrx_word' id='word_1_327' title='bbox 489 2473 521 2504; x_wconf 73' lang='grc' dir='ltr'><strong>ὃ.</strong></span> <span class='ocrx_word' id='word_1_328' title='bbox 546 2475 653 2504; x_wconf 81' lang='lat' dir='ltr'><strong>citetur</strong></span> <span class='ocrx_word' id='word_1_329' title='bbox 676 2474 837 2510; x_wconf 81' lang='lat' dir='ltr'><strong>restituit;</strong></span> 
     </span>
     <span class='ocr_line' id='line_1_47' title="bbox 73 2516 838 2559; baseline -0.001 -9"><span class='ocrx_word' id='word_1_330' title='bbox 73 2520 150 2550; x_wconf 87' lang='lat' dir='ltr'><strong>Ern.</strong></span> <span class='ocrx_word' id='word_1_331' title='bbox 169 2516 396 2559; x_wconf 83' lang='lat' dir='ltr'><strong>suspicabatur</strong></span> <span class='ocrx_word' id='word_1_332' title='bbox 415 2516 590 2557; x_wconf 70' lang='lat' dir='ltr'><strong>legendum</strong></span> <span class='ocrx_word' id='word_1_333' title='bbox 611 2529 680 2548; x_wconf 80' lang='lat' dir='ltr'><strong>esse</strong></span> <span class='ocrx_word' id='word_1_334' title='bbox 701 2520 838 2558; x_wconf 73' lang='lat' dir='ltr'><strong>cieatur5</strong></span> 
     </span>
     <span class='ocr_line' id='line_1_48' title="bbox 73 2561 838 2603; baseline 0 -9"><span class='ocrx_word' id='word_1_335' title='bbox 73 2562 190 2594; x_wconf 81' lang='lat' dir='ltr'><strong>Lamb.</strong></span> <span class='ocrx_word' id='word_1_336' title='bbox 215 2562 266 2595; x_wconf 86' lang='lat' dir='ltr'><strong>Fr.</strong></span> <span class='ocrx_word' id='word_1_337' title='bbox 292 2562 386 2593; x_wconf 82' lang='lat' dir='ltr'><strong>Fabr.</strong></span> <span class='ocrx_word' id='word_1_338' title='bbox 416 2561 556 2593; x_wconf 80' lang='lat' dir='ltr'><strong>HWols.</strong></span> <span class='ocrx_word' id='word_1_339' title='bbox 585 2561 616 2592; x_wconf 90' lang='lat' dir='ltr'><strong>in</strong></span> <span class='ocrx_word' id='word_1_340' title='bbox 642 2573 744 2603; x_wconf 82' lang='lat' dir='ltr'><strong>marg.</strong></span> <span class='ocrx_word' id='word_1_341' title='bbox 767 2573 838 2594; x_wconf 82' lang='lat' dir='ltr'><strong>con-</strong></span> 
     </span>
     <span class='ocr_line' id='line_1_49' title="bbox 73 2606 839 2649; baseline -0.004 -10"><span class='ocrx_word' id='word_1_342' title='bbox 73 2610 192 2640; x_wconf 80' lang='lat' dir='ltr'><strong>citetur.</strong></span> <span class='ocrx_word' id='word_1_343' title='bbox 240 2609 283 2637; x_wconf 84' lang='lat' dir='ltr'><strong>At</strong></span> <span class='ocrx_word' id='word_1_344' title='bbox 308 2607 433 2649; x_wconf 87' lang='lat' dir='ltr'><strong>optime</strong></span> <span class='ocrx_word' id='word_1_345' title='bbox 457 2618 529 2637; x_wconf 81' lang='lat' dir='ltr'><strong>sese</strong></span> <span class='ocrx_word' id='word_1_346' title='bbox 561 2606 660 2637; x_wconf 76' lang='lat' dir='ltr'><strong>habet</strong></span> <span class='ocrx_word' id='word_1_347' title='bbox 689 2606 839 2637; x_wconf 88' lang='lat' dir='ltr'><strong>codicum</strong></span> 
     </span>
     <span class='ocr_line' id='line_1_50' title="bbox 73 2650 840 2694; baseline -0.003 -11"><span class='ocrx_word' id='word_1_348' title='bbox 73 2652 246 2694; x_wconf 76' lang='lat' dir='ltr'><strong>scriptura,</strong></span> <span class='ocrx_word' id='word_1_349' title='bbox 273 2651 314 2682; x_wconf 87' lang='lat' dir='ltr'><strong>de</strong></span> <span class='ocrx_word' id='word_1_350' title='bbox 336 2663 397 2694; x_wconf 85' lang='lat' dir='ltr'><strong>qua</strong></span> <span class='ocrx_word' id='word_1_351' title='bbox 418 2653 517 2683; x_wconf 81' lang='lat' dir='ltr'><strong>Moser</strong></span> <span class='ocrx_word' id='word_1_352' title='bbox 534 2652 664 2693; x_wconf 77' lang='lat' dir='ltr'><strong>profert</strong></span> <span class='ocrx_word' id='word_1_353' title='bbox 685 2650 840 2681; x_wconf 79' lang='lat' dir='ltr'><strong>Martini—-</strong></span> 
     </span>
     <span class='ocr_line' id='line_1_51' title="bbox 74 2695 837 2738; baseline -0.003 -11"><span class='ocrx_word' id='word_1_354' title='bbox 74 2697 230 2738; x_wconf 81' lang='lat' dir='ltr'><strong>Lagunae</strong></span> <span class='ocrx_word' id='word_1_355' title='bbox 251 2696 357 2728; x_wconf 89' lang='lat' dir='ltr'><strong>Adnn.</strong></span> <span class='ocrx_word' id='word_1_356' title='bbox 382 2696 423 2728; x_wconf 79' lang='lat' dir='ltr'><strong>ad</strong></span> <span class='ocrx_word' id='word_1_357' title='bbox 449 2697 483 2727; x_wconf 85' lang='lat' dir='ltr'><strong>G.</strong></span> <span class='ocrx_word' id='word_1_358' title='bbox 509 2708 584 2738; x_wconf 85' lang='lat' dir='ltr'><strong>epp.</strong></span> <span class='ocrx_word' id='word_1_359' title='bbox 609 2695 651 2726; x_wconf 79' lang='lat' dir='ltr'><strong>ad</strong></span> <span class='ocrx_word' id='word_1_360' title='bbox 676 2695 789 2726; x_wconf 86' lang='lat' dir='ltr'><strong>Famil.</strong></span> <span class='ocrx_word' id='word_1_361' title='bbox 815 2696 837 2734; x_wconf 89' lang='lat' dir='ltr'><strong>l,</strong></span> 
     </span>
    </p>
   </div>
   <div class='ocr_carea' id='block_1_13' title="bbox 76 2739 839 2916">
    <p class='ocr_par' dir='ltr' id='par_1_15' title="bbox 76 2739 839 2916">
     <span class='ocr_line' id='line_1_52' title="bbox 76 2739 838 2772; baseline -0.004 0"><span class='ocrx_word' id='word_1_362' title='bbox 76 2741 108 2772; x_wconf 77' lang='grc' dir='ltr'><strong>ὁ.</strong></span> <span class='ocrx_word' id='word_1_363' title='bbox 129 2741 161 2771; x_wconf 87' lang='lat' dir='ltr'><strong>in</strong></span> <span class='ocrx_word' id='word_1_364' title='bbox 185 2741 327 2772; x_wconf 87' lang='lat' dir='ltr'><strong>Seebod.</strong></span> <span class='ocrx_word' id='word_1_365' title='bbox 349 2743 370 2772; x_wconf 91' lang='lat'><strong>1.</strong></span> <span class='ocrx_word' id='word_1_366' title='bbox 405 2747 438 2771; x_wconf 84' lang='lat' dir='ltr'><strong>et</strong></span> <span class='ocrx_word' id='word_1_367' title='bbox 469 2740 524 2772; x_wconf 83' lang='lat' dir='ltr'><strong>Kl.</strong></span> <span class='ocrx_word' id='word_1_368' title='bbox 552 2740 680 2771; x_wconf 83' lang='lat' dir='ltr'><strong>Annall.</strong></span> <span class='ocrx_word' id='word_1_369' title='bbox 707 2739 838 2771; x_wconf 86' lang='lat' dir='ltr'><strong>Philoll.</strong></span> 
     </span>
     <span class='ocr_line' id='line_1_53' title="bbox 77 2784 839 2828; baseline 0 -14"><span class='ocrx_word' id='word_1_370' title='bbox 77 2784 191 2827; x_wconf 85' lang='lat' dir='ltr'><strong>Suppl.</strong></span> <span class='ocrx_word' id='word_1_371' title='bbox 224 2787 264 2816; x_wconf 83' lang='lat' dir='ltr'><strong>ll.</strong></span> <span class='ocrx_word' id='word_1_372' title='bbox 289 2785 320 2818; x_wconf 81' lang='grc'><strong>3.</strong></span> <span class='ocrx_word' id='word_1_373' title='bbox 355 2798 388 2828; x_wconf 91' lang='lat' dir='ltr'><strong>p.</strong></span> <span class='ocrx_word' id='word_1_374' title='bbox 411 2785 488 2818; x_wconf 75' lang='lat'><strong>373.</strong></span> <span class='ocrx_word' id='word_1_375' title='bbox 544 2785 688 2816; x_wconf 86' lang='lat' dir='ltr'><strong>Verbum</strong></span> <span class='ocrx_word' id='word_1_376' title='bbox 720 2786 839 2816; x_wconf 78' lang='lat' dir='ltr'><strong>citandi</strong></span> 
     </span>
     <span class='ocr_line' id='line_1_54' title="bbox 77 2828 838 2872; baseline 0 -13"><span class='ocrx_word' id='word_1_377' title='bbox 77 2828 238 2870; x_wconf 81' lang='lat' dir='ltr'><strong>significat</strong></span> <span class='ocrx_word' id='word_1_378' title='bbox 268 2841 473 2872; x_wconf 76' lang='lat' dir='ltr'><strong>provocare-3</strong></span> <span class='ocrx_word' id='word_1_379' title='bbox 511 2829 581 2861; x_wconf 79' lang='lat' dir='ltr'><strong>aliis</strong></span> <span class='ocrx_word' id='word_1_380' title='bbox 619 2829 699 2860; x_wconf 87' lang='lat' dir='ltr'><strong>locis</strong></span> <span class='ocrx_word' id='word_1_381' title='bbox 732 2842 749 2859; x_wconf 81' lang='lat' dir='ltr'><strong>a</strong></span> <span class='ocrx_word' id='word_1_382' title='bbox 781 2828 838 2859; x_wconf 90' lang='lat' dir='ltr'><strong>Ci-</strong></span> 
     </span>
     <span class='ocr_line' id='line_1_55' title="bbox 79 2873 837 2916; baseline 0 -12"><span class='ocrx_word' id='word_1_383' title='bbox 79 2884 198 2905; x_wconf 88' lang='lat' dir='ltr'><strong>cerone</strong></span> <span class='ocrx_word' id='word_1_384' title='bbox 221 2873 262 2905; x_wconf 93' lang='lat' dir='ltr'><strong>de</strong></span> <span class='ocrx_word' id='word_1_385' title='bbox 284 2875 432 2916; x_wconf 87' lang='lat' dir='ltr'><strong>personis</strong></span> <span class='ocrx_word' id='word_1_386' title='bbox 457 2881 650 2916; x_wconf 81' lang='lat' dir='ltr'><strong>usurpatur,</strong></span> <span class='ocrx_word' id='word_1_387' title='bbox 688 2873 753 2905; x_wconf 87' lang='lat' dir='ltr'><strong>hoe</strong></span> <span class='ocrx_word' id='word_1_388' title='bbox 776 2885 837 2904; x_wconf 85' lang='lat' dir='ltr'><strong>au-</strong></span> 
     </span>
    </p>
   </div>
   <div class='ocr_carea' id='block_1_14' title="bbox 78 2917 761 3005">
    <p class='ocr_par' dir='ltr' id='par_1_16' title="bbox 78 2917 761 3005">
     <span class='ocr_line' id='line_1_56' title="bbox 78 2917 704 2951; baseline 0.002 -3"><span class='ocrx_word' id='word_1_389' title='bbox 78 2923 147 2949; x_wconf 85' lang='lat' dir='ltr'><strong>tem</strong></span> <span class='ocrx_word' id='word_1_390' title='bbox 170 2917 244 2949; x_wconf 90' lang='lat' dir='ltr'><strong>loco</strong></span> <span class='ocrx_word' id='word_1_391' title='bbox 269 2918 310 2949; x_wconf 90' lang='lat' dir='ltr'><strong>ad</strong></span> <span class='ocrx_word' id='word_1_392' title='bbox 335 2931 402 2950; x_wconf 86' lang='lat' dir='ltr'><strong>rem</strong></span> <span class='ocrx_word' id='word_1_393' title='bbox 425 2919 619 2951; x_wconf 77' lang='lat' dir='ltr'><strong>translatum</strong></span> <span class='ocrx_word' id='word_1_394' title='bbox 645 2924 704 2950; x_wconf 87' lang='lat' dir='ltr'><strong>est.</strong></span> 
     </span>
     <span class='ocr_line' id='line_1_57' title="bbox 146 2961 761 3005; baseline 0 -12"><span class='ocrx_word' id='word_1_395' title='bbox 146 2962 278 3005; x_wconf 78' lang='lat' dir='ltr'><strong>opinati]</strong></span> <span class='ocrx_word' id='word_1_396' title='bbox 302 2964 341 2995; x_wconf 92' lang='lat' dir='ltr'><strong>V.</strong></span> <span class='ocrx_word' id='word_1_397' title='bbox 367 2964 488 2996; x_wconf 85' lang='lat' dir='ltr'><strong>Adnot.</strong></span> <span class='ocrx_word' id='word_1_398' title='bbox 514 2964 548 2996; x_wconf 87' lang='lat' dir='ltr'><strong>in</strong></span> <span class='ocrx_word' id='word_1_399' title='bbox 574 2976 601 2995; x_wconf 93' lang='lat' dir='ltr'><strong>c.</strong></span> <span class='ocrx_word' id='word_1_400' title='bbox 625 2961 683 3001; x_wconf 72' lang='lat'><strong>14,</strong></span> <span class='ocrx_word' id='word_1_401' title='bbox 707 2961 761 2994; x_wconf 77' lang='lat'><strong>30.</strong></span> 
     </span>
    </p>
   </div>
   <div class='ocr_carea' id='block_1_15' title="bbox 867 1801 1637 3007">
    <p class='ocr_par' dir='ltr' id='par_1_17' title="bbox 867 1801 1637 2960">
     <span class='ocr_line' id='line_1_58' title="bbox 869 1801 1635 1846; baseline 0.007 -14"><span class='ocrx_word' id='word_1_402' title='bbox 869 1801 1020 1832; x_wconf 89' lang='lat' dir='ltr'><strong>euntibus</strong></span> <span class='ocrx_word' id='word_1_403' title='bbox 1037 1802 1179 1839; x_wconf 78' lang='lat' dir='ltr'><strong>Davisio,</strong></span> <span class='ocrx_word' id='word_1_404' title='bbox 1193 1804 1328 1841; x_wconf 58' lang='lat' dir='ltr'><strong>W‘olfio,</strong></span> <span class='ocrx_word' id='word_1_405' title='bbox 1343 1805 1527 1846; x_wconf 79' lang='lat' dir='ltr'><strong>Tregdero.</strong></span> <span class='ocrx_word' id='word_1_406' title='bbox 1554 1806 1635 1837; x_wconf 85' lang='lat' dir='ltr'><strong>Plu-</strong></span> 
     </span>
     <span class='ocr_line' id='line_1_59' title="bbox 867 1846 1632 1889; baseline 0.008 -13"><span class='ocrx_word' id='word_1_407' title='bbox 867 1846 939 1877; x_wconf 89' lang='lat' dir='ltr'><strong>rimi</strong></span> <span class='ocrx_word' id='word_1_408' title='bbox 964 1846 1061 1878; x_wconf 85' lang='lat' dir='ltr'><strong>codd.</strong></span> <span class='ocrx_word' id='word_1_409' title='bbox 1085 1853 1118 1877; x_wconf 89' lang='lat' dir='ltr'><strong>et</strong></span> <span class='ocrx_word' id='word_1_410' title='bbox 1140 1847 1278 1889; x_wconf 82' lang='lat' dir='ltr'><strong>optimi,</strong></span> <span class='ocrx_word' id='word_1_411' title='bbox 1305 1855 1340 1879; x_wconf 88' lang='lat' dir='ltr'><strong>ut</strong></span> <span class='ocrx_word' id='word_1_412' title='bbox 1362 1849 1399 1879; x_wconf 85' lang='lat' dir='ltr'><strong>R.</strong></span> <span class='ocrx_word' id='word_1_413' title='bbox 1424 1850 1459 1880; x_wconf 93' lang='lat' dir='ltr'><strong>P.</strong></span> <span class='ocrx_word' id='word_1_414' title='bbox 1481 1850 1569 1882; x_wconf 85' lang='lat' dir='ltr'><strong>Gud.</strong></span> <span class='ocrx_word' id='word_1_415' title='bbox 1592 1851 1632 1888; x_wconf 88' lang='lat' dir='ltr'><strong>l.‚</strong></span> 
     </span>
     <span class='ocr_line' id='line_1_60' title="bbox 870 1891 1634 1933; baseline 0.007 -11"><span class='ocrx_word' id='word_1_416' title='bbox 870 1891 1044 1922; x_wconf 80' lang='lat' dir='ltr'><strong>exhibent:</strong></span> <span class='ocrx_word' id='word_1_417' title='bbox 1081 1894 1181 1922; x_wconf 78' lang='lat' dir='ltr'><strong>altera</strong></span> <span class='ocrx_word' id='word_1_418' title='bbox 1206 1895 1361 1931; x_wconf 76' lang='lat' dir='ltr'><strong>cupiditas</strong></span> <span class='ocrx_word' id='word_1_419' title='bbox 1382 1904 1461 1933; x_wconf 79' lang='lat' dir='ltr'><strong>quae</strong></span> <span class='ocrx_word' id='word_1_420' title='bbox 1483 1898 1561 1926; x_wconf 76' lang='lat' dir='ltr'><strong>recte</strong></span> <span class='ocrx_word' id='word_1_421' title='bbox 1586 1897 1634 1927; x_wconf 82' lang='lat' dir='ltr'><strong>vel</strong></span> 
     </span>
     <span class='ocr_line' id='line_1_61' title="bbox 870 1937 1633 1979; baseline 0.007 -13"><span class='ocrx_word' id='word_1_422' title='bbox 870 1937 964 1967; x_wconf 82' lang='lat' dir='ltr'><strong>libido</strong></span> <span class='ocrx_word' id='word_1_423' title='bbox 990 1938 1052 1967; x_wconf 82' lang='lat' dir='ltr'><strong>dici</strong></span> <span class='ocrx_word' id='word_1_424' title='bbox 1077 1940 1174 1975; x_wconf 70' lang='lat' dir='ltr'><strong>potest</strong></span> <span class='ocrx_word' id='word_1_425' title='bbox 1204 1947 1283 1976; x_wconf 78' lang='lat' dir='ltr'><strong>quae</strong></span> <span class='ocrx_word' id='word_1_426' title='bbox 1311 1942 1353 1969; x_wconf 78' lang='lat' dir='ltr'><strong>est</strong></span> <span class='ocrx_word' id='word_1_427' title='bbox 1378 1941 1506 1970; x_wconf 86' lang='lat' dir='ltr'><strong>immod.</strong></span> <span class='ocrx_word' id='word_1_428' title='bbox 1529 1943 1633 1979; x_wconf 80' lang='lat' dir='ltr'><strong>appet.</strong></span> 
     </span>
     <span class='ocr_line' id='line_1_62' title="bbox 870 1983 1634 2024; baseline 0.007 -13"><span class='ocrx_word' id='word_1_429' title='bbox 870 1991 919 2020; x_wconf 67' lang='grc' dir='ltr'><strong>ορ.</strong></span> <span class='ocrx_word' id='word_1_430' title='bbox 941 1991 982 2011; x_wconf 89' lang='lat' dir='ltr'><strong>m.</strong></span> <span class='ocrx_word' id='word_1_431' title='bbox 1007 1983 1033 2011; x_wconf 89' lang='lat' dir='ltr'><strong>b.</strong></span> <span class='ocrx_word' id='word_1_432' title='bbox 1056 1985 1117 2012; x_wconf 79' lang='lat' dir='ltr'><strong>rat.</strong></span> <span class='ocrx_word' id='word_1_433' title='bbox 1145 1991 1207 2012; x_wconf 78' lang='lat' dir='ltr'><strong>non</strong></span> <span class='ocrx_word' id='word_1_434' title='bbox 1236 1984 1448 2022; x_wconf 74' lang='lat' dir='ltr'><strong>obtemperans</strong></span> <span class='ocrx_word' id='word_1_435' title='bbox 1475 1986 1522 2015; x_wconf 82' lang='lat' dir='ltr'><strong>vel</strong></span> <span class='ocrx_word' id='word_1_436' title='bbox 1547 1987 1634 2024; x_wconf 86' lang='lat' dir='ltr'><strong>cupi-</strong></span> 
     </span>
     <span class='ocr_line' id='line_1_63' title="bbox 870 2027 1635 2067; baseline 0.005 -11"><span class='ocrx_word' id='word_1_437' title='bbox 870 2027 952 2057; x_wconf 77' lang='lat' dir='ltr'><strong>ditas</strong></span> <span class='ocrx_word' id='word_1_438' title='bbox 972 2029 1049 2057; x_wconf 79' lang='lat' dir='ltr'><strong>recte</strong></span> <span class='ocrx_word' id='word_1_439' title='bbox 1070 2028 1116 2057; x_wconf 82' lang='lat' dir='ltr'><strong>vel</strong></span> <span class='ocrx_word' id='word_1_440' title='bbox 1139 2028 1232 2057; x_wconf 85' lang='lat' dir='ltr'><strong>libido</strong></span> <span class='ocrx_word' id='word_1_441' title='bbox 1253 2029 1316 2058; x_wconf 78' lang='lat' dir='ltr'><strong>clici</strong></span> <span class='ocrx_word' id='word_1_442' title='bbox 1333 2032 1441 2067; x_wconf 78' lang='lat' dir='ltr'><strong>potest.</strong></span> <span class='ocrx_word' id='word_1_443' title='bbox 1474 2029 1635 2060; x_wconf 88' lang='lat' dir='ltr'><strong>Nonnulli</strong></span> 
     </span>
     <span class='ocr_line' id='line_1_64' title="bbox 872 2069 1635 2112; baseline 0.005 -11"><span class='ocrx_word' id='word_1_444' title='bbox 872 2069 970 2102; x_wconf 88' lang='lat' dir='ltr'><strong>codd.</strong></span> <span class='ocrx_word' id='word_1_445' title='bbox 999 2076 1033 2101; x_wconf 89' lang='lat' dir='ltr'><strong>et</strong></span> <span class='ocrx_word' id='word_1_446' title='bbox 1060 2070 1220 2112; x_wconf 81' lang='lat' dir='ltr'><strong>plurimae</strong></span> <span class='ocrx_word' id='word_1_447' title='bbox 1251 2071 1326 2102; x_wconf 89' lang='lat' dir='ltr'><strong>edd.</strong></span> <span class='ocrx_word' id='word_1_448' title='bbox 1353 2078 1432 2103; x_wconf 83' lang='lat' dir='ltr'><strong>vett.</strong></span> <span class='ocrx_word' id='word_1_449' title='bbox 1465 2072 1551 2104; x_wconf 88' lang='lat' dir='ltr'><strong>inter</strong></span> <span class='ocrx_word' id='word_1_450' title='bbox 1583 2076 1635 2105; x_wconf 87' lang='lat' dir='ltr'><strong>ob-</strong></span> 
     </span>
     <span class='ocr_line' id='line_1_65' title="bbox 870 2116 1634 2158; baseline 0.007 -13"><span class='ocrx_word' id='word_1_451' title='bbox 870 2119 1044 2154; x_wconf 76' lang='lat' dir='ltr'><strong>temperans</strong></span> <span class='ocrx_word' id='word_1_452' title='bbox 1067 2121 1099 2146; x_wconf 85' lang='lat' dir='ltr'><strong>et</strong></span> <span class='ocrx_word' id='word_1_453' title='bbox 1130 2117 1176 2146; x_wconf 85' lang='lat' dir='ltr'><strong>vel</strong></span> <span class='ocrx_word' id='word_1_454' title='bbox 1196 2118 1354 2155; x_wconf 75' lang='lat' dir='ltr'><strong>cupiditas</strong></span> <span class='ocrx_word' id='word_1_455' title='bbox 1374 2116 1521 2148; x_wconf 82' lang='lat' dir='ltr'><strong>inserunt</strong></span> <span class='ocrx_word' id='word_1_456' title='bbox 1545 2129 1634 2158; x_wconf 80' lang='lat' dir='ltr'><strong>quae.</strong></span> 
     </span>
     <span class='ocr_line' id='line_1_66' title="bbox 875 2159 1636 2198; baseline 0.007 -9"><span class='ocrx_word' id='word_1_457' title='bbox 875 2160 966 2198; x_wconf 83' lang='lat' dir='ltr'><strong>Quae</strong></span> <span class='ocrx_word' id='word_1_458' title='bbox 987 2159 1095 2190; x_wconf 78' lang='lat' dir='ltr'><strong>delevi</strong></span> <span class='ocrx_word' id='word_1_459' title='bbox 1118 2160 1235 2198; x_wconf 79' lang='lat' dir='ltr'><strong>verba,</strong></span> <span class='ocrx_word' id='word_1_460' title='bbox 1261 2160 1374 2192; x_wconf 79' lang='lat' dir='ltr'><strong>addita</strong></span> <span class='ocrx_word' id='word_1_461' title='bbox 1395 2170 1471 2193; x_wconf 85' lang='lat' dir='ltr'><strong>sunt</strong></span> <span class='ocrx_word' id='word_1_462' title='bbox 1492 2174 1510 2193; x_wconf 85' lang='lat' dir='ltr'><strong>a</strong></span> <span class='ocrx_word' id='word_1_463' title='bbox 1532 2162 1636 2194; x_wconf 79' lang='lat' dir='ltr'><strong>libra-</strong></span> 
     </span>
     <span class='ocr_line' id='line_1_67' title="bbox 873 2204 1636 2249; baseline 0.005 -14"><span class='ocrx_word' id='word_1_464' title='bbox 873 2204 923 2235; x_wconf 90' lang='lat' dir='ltr'><strong>rio</strong></span> <span class='ocrx_word' id='word_1_465' title='bbox 947 2204 1136 2247; x_wconf 78' lang='lat' dir='ltr'><strong>archetypi,</strong></span> <span class='ocrx_word' id='word_1_466' title='bbox 1175 2205 1229 2247; x_wconf 87' lang='lat' dir='ltr'><strong>qui</strong></span> <span class='ocrx_word' id='word_1_467' title='bbox 1261 2205 1401 2247; x_wconf 85' lang='lat' dir='ltr'><strong>primum</strong></span> <span class='ocrx_word' id='word_1_468' title='bbox 1431 2214 1506 2249; x_wconf 86' lang='lat' dir='ltr'><strong>post</strong></span> <span class='ocrx_word' id='word_1_469' title='bbox 1536 2210 1636 2239; x_wconf 82' lang='lat' dir='ltr'><strong>altera</strong></span> 
     </span>
     <span class='ocr_line' id='line_1_68' title="bbox 873 2248 1637 2292; baseline 0.004 -12"><span class='ocrx_word' id='word_1_470' title='bbox 873 2248 915 2280; x_wconf 86' lang='lat' dir='ltr'><strong>ad</strong></span> <span class='ocrx_word' id='word_1_471' title='bbox 938 2251 1106 2289; x_wconf 72' lang='lat' dir='ltr'><strong>cupiditas,</strong></span> <span class='ocrx_word' id='word_1_472' title='bbox 1130 2249 1250 2281; x_wconf 87' lang='lat' dir='ltr'><strong>deinde</strong></span> <span class='ocrx_word' id='word_1_473' title='bbox 1273 2261 1371 2292; x_wconf 89' lang='lat' dir='ltr'><strong>quum</strong></span> <span class='ocrx_word' id='word_1_474' title='bbox 1393 2262 1428 2281; x_wconf 89' lang='lat' dir='ltr'><strong>se</strong></span> <span class='ocrx_word' id='word_1_475' title='bbox 1449 2258 1637 2283; x_wconf 84' lang='lat' dir='ltr'><strong>revocasset</strong></span> 
     </span>
     <span class='ocr_line' id='line_1_69' title="bbox 874 2294 1634 2336; baseline 0.004 -12"><span class='ocrx_word' id='word_1_476' title='bbox 874 2300 907 2324; x_wconf 87' lang='lat' dir='ltr'><strong>et</strong></span> <span class='ocrx_word' id='word_1_477' title='bbox 930 2304 1009 2333; x_wconf 81' lang='lat' dir='ltr'><strong>quae</strong></span> <span class='ocrx_word' id='word_1_478' title='bbox 1030 2294 1232 2336; x_wconf 81' lang='lat' dir='ltr'><strong>scripsisset,</strong></span> <span class='ocrx_word' id='word_1_479' title='bbox 1259 2294 1300 2325; x_wconf 84' lang='lat' dir='ltr'><strong>ad</strong></span> <span class='ocrx_word' id='word_1_480' title='bbox 1319 2299 1396 2326; x_wconf 78' lang='lat' dir='ltr'><strong>recte</strong></span> <span class='ocrx_word' id='word_1_481' title='bbox 1418 2298 1464 2326; x_wconf 79' lang='lat' dir='ltr'><strong>vel</strong></span> <span class='ocrx_word' id='word_1_482' title='bbox 1487 2298 1583 2327; x_wconf 82' lang='lat' dir='ltr'><strong>libido</strong></span> <span class='ocrx_word' id='word_1_483' title='bbox 1604 2298 1634 2328; x_wconf 79' lang='lat' dir='ltr'><strong>d.</strong></span> 
     </span>
     <span class='ocr_line' id='line_1_70' title="bbox 871 2339 1637 2378; baseline 0.003 -9"><span class='ocrx_word' id='word_1_484' title='bbox 871 2342 967 2378; x_wconf 77' lang='lat' dir='ltr'><strong>potest</strong></span> <span class='ocrx_word' id='word_1_485' title='bbox 985 2339 1168 2375; x_wconf 77' lang='lat' dir='ltr'><strong>aberravit,</strong></span> <span class='ocrx_word' id='word_1_486' title='bbox 1193 2340 1237 2369; x_wconf 90' lang='lat' dir='ltr'><strong>uti</strong></span> <span class='ocrx_word' id='word_1_487' title='bbox 1259 2339 1426 2370; x_wconf 77' lang='lat' dir='ltr'><strong>verissime</strong></span> <span class='ocrx_word' id='word_1_488' title='bbox 1447 2340 1637 2372; x_wconf 84' lang='lat' dir='ltr'><strong>observavit</strong></span> 
     </span>
     <span class='ocr_line' id='line_1_71' title="bbox 877 2383 1635 2425; baseline 0.004 -12"><span class='ocrx_word' id='word_1_489' title='bbox 877 2386 1065 2423; x_wconf 73' lang='lat' dir='ltr'><strong>Il&#39;esenbery.</strong></span> <span class='ocrx_word' id='word_1_490' title='bbox 1087 2385 1155 2414; x_wconf 85' lang='lat' dir='ltr'><strong>Em.</strong></span> <span class='ocrx_word' id='word_1_491' title='bbox 1174 2385 1196 2414; x_wconf 86' lang='grc' dir='ltr'><strong>Ι,</strong></span> <span class='ocrx_word' id='word_1_492' title='bbox 1218 2395 1249 2425; x_wconf 91' lang='lat' dir='ltr'><strong>p.</strong></span> <span class='ocrx_word' id='word_1_493' title='bbox 1267 2383 1316 2420; x_wconf 80' lang='grc'><strong>6.,</strong></span> <span class='ocrx_word' id='word_1_494' title='bbox 1344 2384 1398 2425; x_wconf 88' lang='lat' dir='ltr'><strong>qui</strong></span> <span class='ocrx_word' id='word_1_495' title='bbox 1421 2384 1519 2415; x_wconf 77' lang='lat' dir='ltr'><strong>etiam</strong></span> <span class='ocrx_word' id='word_1_496' title='bbox 1541 2396 1635 2416; x_wconf 83' lang='lat' dir='ltr'><strong>rece-</strong></span> 
     </span>
     <span class='ocr_line' id='line_1_72' title="bbox 873 2428 1634 2472; baseline 0.004 -14"><span class='ocrx_word' id='word_1_497' title='bbox 873 2434 965 2470; x_wconf 82' lang='lat' dir='ltr'><strong>ptum</strong></span> <span class='ocrx_word' id='word_1_498' title='bbox 997 2428 1192 2470; x_wconf 76' lang='lat' dir='ltr'><strong>scripturam</strong></span> <span class='ocrx_word' id='word_1_499' title='bbox 1222 2428 1386 2469; x_wconf 73' lang='lat' dir='ltr'><strong>probavit.</strong></span> <span class='ocrx_word' id='word_1_500' title='bbox 1437 2429 1516 2460; x_wconf 86' lang='lat' dir='ltr'><strong>Cod.</strong></span> <span class='ocrx_word' id='word_1_501' title='bbox 1544 2430 1634 2472; x_wconf 86' lang='lat' dir='ltr'><strong>Gry-</strong></span> 
     </span>
     <span class='ocr_line' id='line_1_73' title="bbox 871 2472 1634 2514; baseline 0.005 -12"><span class='ocrx_word' id='word_1_502' title='bbox 871 2472 1011 2514; x_wconf 83' lang='lat' dir='ltr'><strong>phianus</strong></span> <span class='ocrx_word' id='word_1_503' title='bbox 1036 2479 1067 2502; x_wconf 86' lang='lat' dir='ltr'><strong>et</strong></span> <span class='ocrx_word' id='word_1_504' title='bbox 1091 2472 1216 2513; x_wconf 79' lang='lat' dir='ltr'><strong>aliquot</strong></span> <span class='ocrx_word' id='word_1_505' title='bbox 1237 2472 1311 2504; x_wconf 89' lang='lat' dir='ltr'><strong>edd.</strong></span> <span class='ocrx_word' id='word_1_506' title='bbox 1327 2473 1560 2506; x_wconf 84' lang='lat' dir='ltr'><strong>vett.habent:</strong></span> <span class='ocrx_word' id='word_1_507' title='bbox 1587 2477 1634 2506; x_wconf 82' lang='lat' dir='ltr'><strong>al-</strong></span> 
     </span>
     <span class='ocr_line' id='line_1_74' title="bbox 871 2519 1636 2558; baseline 0.005 -11"><span class='ocrx_word' id='word_1_508' title='bbox 871 2521 937 2547; x_wconf 74' lang='lat' dir='ltr'><strong>tera</strong></span> <span class='ocrx_word' id='word_1_509' title='bbox 970 2526 1039 2555; x_wconf 81' lang='lat' dir='ltr'><strong>cup.</strong></span> <span class='ocrx_word' id='word_1_510' title='bbox 1071 2526 1150 2555; x_wconf 80' lang='lat' dir='ltr'><strong>quae</strong></span> <span class='ocrx_word' id='word_1_511' title='bbox 1177 2520 1254 2548; x_wconf 77' lang='lat' dir='ltr'><strong>recle</strong></span> <span class='ocrx_word' id='word_1_512' title='bbox 1283 2519 1330 2548; x_wconf 81' lang='lat' dir='ltr'><strong>vel</strong></span> <span class='ocrx_word' id='word_1_513' title='bbox 1361 2520 1412 2551; x_wconf 85' lang='lat' dir='ltr'><strong>lib.</strong></span> <span class='ocrx_word' id='word_1_514' title='bbox 1445 2520 1507 2550; x_wconf 85' lang='lat' dir='ltr'><strong>dici</strong></span> <span class='ocrx_word' id='word_1_515' title='bbox 1539 2523 1636 2558; x_wconf 78' lang='lat' dir='ltr'><strong>potest</strong></span> 
     </span>
     <span class='ocr_line' id='line_1_75' title="bbox 873 2562 1634 2600; baseline 0.005 -9"><span class='ocrx_word' id='word_1_516' title='bbox 873 2570 952 2600; x_wconf 81' lang='lat' dir='ltr'><strong>quae</strong></span> <span class='ocrx_word' id='word_1_517' title='bbox 973 2564 1014 2591; x_wconf 76' lang='lat' dir='ltr'><strong>est</strong></span> <span class='ocrx_word' id='word_1_518' title='bbox 1036 2562 1121 2591; x_wconf 84' lang='lat' dir='ltr'><strong>imm.</strong></span> <span class='ocrx_word' id='word_1_519' title='bbox 1143 2570 1216 2600; x_wconf 79' lang='lat' dir='ltr'><strong>app.</strong></span> <span class='ocrx_word' id='word_1_520' title='bbox 1239 2571 1287 2600; x_wconf 83' lang='lat' dir='ltr'><strong>op.</strong></span> <span class='ocrx_word' id='word_1_521' title='bbox 1309 2572 1349 2593; x_wconf 86' lang='lat' dir='ltr'><strong>m.</strong></span> <span class='ocrx_word' id='word_1_522' title='bbox 1373 2564 1399 2593; x_wconf 89' lang='lat' dir='ltr'><strong>b.</strong></span> <span class='ocrx_word' id='word_1_523' title='bbox 1421 2572 1446 2594; x_wconf 88' lang='lat' dir='ltr'><strong>r.</strong></span> <span class='ocrx_word' id='word_1_524' title='bbox 1469 2574 1499 2594; x_wconf 81' lang='grc' dir='ltr'><strong>π.</strong></span> <span class='ocrx_word' id='word_1_525' title='bbox 1522 2566 1634 2595; x_wconf 79' lang='lat' dir='ltr'><strong>obtem-</strong></span> 
     </span>
     <span class='ocr_line' id='line_1_76' title="bbox 871 2604 1634 2648; baseline 0.008 -14"><span class='ocrx_word' id='word_1_526' title='bbox 871 2614 1005 2644; x_wconf 79' lang='lat' dir='ltr'><strong>perans,</strong></span> <span class='ocrx_word' id='word_1_527' title='bbox 1037 2604 1163 2635; x_wconf 85' lang='lat' dir='ltr'><strong>omissis</strong></span> <span class='ocrx_word' id='word_1_528' title='bbox 1186 2606 1293 2636; x_wconf 85' lang='lat' dir='ltr'><strong>verbis</strong></span> <span class='ocrx_word' id='word_1_529' title='bbox 1318 2606 1438 2637; x_wconf 87' lang='lat' dir='ltr'><strong>ultimis</strong></span> <span class='ocrx_word' id='word_1_530' title='bbox 1457 2610 1505 2639; x_wconf 79' lang='lat' dir='ltr'><strong>vel</strong></span> <span class='ocrx_word' id='word_1_531' title='bbox 1529 2611 1634 2648; x_wconf 85' lang='lat' dir='ltr'><strong>cupid.</strong></span> 
     </span>
     <span class='ocr_line' id='line_1_77' title="bbox 872 2651 1635 2694; baseline 0.004 -14"><span class='ocrx_word' id='word_1_532' title='bbox 872 2653 950 2680; x_wconf 78' lang='lat' dir='ltr'><strong>recte</strong></span> <span class='ocrx_word' id='word_1_533' title='bbox 972 2651 1020 2680; x_wconf 78' lang='lat' dir='ltr'><strong>vel</strong></span> <span class='ocrx_word' id='word_1_534' title='bbox 1041 2651 1092 2681; x_wconf 83' lang='lat' dir='ltr'><strong>lib.</strong></span> <span class='ocrx_word' id='word_1_535' title='bbox 1114 2652 1151 2681; x_wconf 82' lang='lat' dir='ltr'><strong>de</strong></span> <span class='ocrx_word' id='word_1_536' title='bbox 1171 2660 1202 2689; x_wconf 83' lang='lat' dir='ltr'><strong>p.</strong></span> <span class='ocrx_word' id='word_1_537' title='bbox 1251 2651 1344 2682; x_wconf 87' lang='lat' dir='ltr'><strong>Hane</strong></span> <span class='ocrx_word' id='word_1_538' title='bbox 1364 2651 1558 2694; x_wconf 83' lang='lat' dir='ltr'><strong>scripturam</strong></span> <span class='ocrx_word' id='word_1_539' title='bbox 1579 2665 1635 2685; x_wconf 76' lang='lat' dir='ltr'><strong>re—</strong></span> 
     </span>
     <span class='ocr_line' id='line_1_78' title="bbox 876 2693 1635 2739; baseline 0.007 -16"><span class='ocrx_word' id='word_1_540' title='bbox 876 2693 964 2735; x_wconf 83' lang='lat' dir='ltr'><strong>cepit</strong></span> <span class='ocrx_word' id='word_1_541' title='bbox 997 2695 1148 2734; x_wconf 82' lang='lat' dir='ltr'><strong>Orellius,</strong></span> <span class='ocrx_word' id='word_1_542' title='bbox 1185 2694 1243 2725; x_wconf 89' lang='lat' dir='ltr'><strong>sed</strong></span> <span class='ocrx_word' id='word_1_543' title='bbox 1275 2695 1387 2728; x_wconf 84' lang='lat' dir='ltr'><strong>deleto</strong></span> <span class='ocrx_word' id='word_1_544' title='bbox 1420 2697 1528 2739; x_wconf 88' lang='lat' dir='ltr'><strong>priore</strong></span> <span class='ocrx_word' id='word_1_545' title='bbox 1558 2708 1635 2737; x_wconf 78' lang='lat' dir='ltr'><strong>quae</strong></span> 
     </span>
     <span class='ocr_line' id='line_1_79' title="bbox 872 2740 1634 2784; baseline 0.007 -16"><span class='ocrx_word' id='word_1_546' title='bbox 872 2744 949 2780; x_wconf 85' lang='lat' dir='ltr'><strong>post</strong></span> <span class='ocrx_word' id='word_1_547' title='bbox 970 2749 997 2768; x_wconf 93' lang='lat' dir='ltr'><strong>v.</strong></span> <span class='ocrx_word' id='word_1_548' title='bbox 1020 2741 1186 2778; x_wconf 75' lang='lat' dir='ltr'><strong>cupiditas.</strong></span> <span class='ocrx_word' id='word_1_549' title='bbox 1211 2740 1298 2771; x_wconf 80' lang='lat' dir='ltr'><strong>Mau.</strong></span> <span class='ocrx_word' id='word_1_550' title='bbox 1315 2741 1353 2773; x_wconf 91' lang='lat' dir='ltr'><strong>L.</strong></span> <span class='ocrx_word' id='word_1_551' title='bbox 1373 2741 1493 2784; x_wconf 81' lang='lat' dir='ltr'><strong>aliique</strong></span> <span class='ocrx_word' id='word_1_552' title='bbox 1515 2754 1532 2773; x_wconf 88' lang='lat' dir='ltr'><strong>e</strong></span> <span class='ocrx_word' id='word_1_553' title='bbox 1551 2741 1634 2773; x_wconf 84' lang='lat' dir='ltr'><strong>coni.</strong></span> 
     </span>
     <span class='ocr_line' id='line_1_80' title="bbox 873 2782 1633 2825; baseline 0.005 -13"><span class='ocrx_word' id='word_1_554' title='bbox 873 2782 1064 2814; x_wconf 86' lang='lat' dir='ltr'><strong>ediderunt:</strong></span> <span class='ocrx_word' id='word_1_555' title='bbox 1091 2786 1188 2815; x_wconf 77' lang='lat' dir='ltr'><strong>altera</strong></span> <span class='ocrx_word' id='word_1_556' title='bbox 1207 2788 1272 2816; x_wconf 84' lang='lat' dir='ltr'><strong>vel</strong></span> <span class='ocrx_word' id='word_1_557' title='bbox 1293 2796 1362 2825; x_wconf 81' lang='lat' dir='ltr'><strong>cup.</strong></span> <span class='ocrx_word' id='word_1_558' title='bbox 1383 2797 1409 2817; x_wconf 82' lang='lat' dir='ltr'><strong>r.</strong></span> <span class='ocrx_word' id='word_1_559' title='bbox 1432 2789 1479 2817; x_wconf 75' lang='lat' dir='ltr'><strong>vel</strong></span> <span class='ocrx_word' id='word_1_560' title='bbox 1501 2789 1519 2817; x_wconf 89' lang='lat' dir='ltr'><strong>l.</strong></span> <span class='ocrx_word' id='word_1_561' title='bbox 1541 2788 1571 2817; x_wconf 85' lang='lat' dir='ltr'><strong>d.</strong></span> <span class='ocrx_word' id='word_1_562' title='bbox 1590 2796 1633 2825; x_wconf 84' lang='lat' dir='ltr'><strong>p.,</strong></span> 
     </span>
     <span class='ocr_line' id='line_1_81' title="bbox 873 2829 1633 2871; baseline 0.004 -13"><span class='ocrx_word' id='word_1_563' title='bbox 873 2837 951 2867; x_wconf 82' lang='lat' dir='ltr'><strong>quae</strong></span> <span class='ocrx_word' id='word_1_564' title='bbox 971 2846 1012 2852; x_wconf 88' lang='lat'><em>-</em></span> <span class='ocrx_word' id='word_1_565' title='bbox 1031 2830 1252 2868; x_wconf 76' lang='lat' dir='ltr'><strong>obtemperans.</strong></span> <span class='ocrx_word' id='word_1_566' title='bbox 1285 2832 1376 2871; x_wconf 65' lang='lat' dir='ltr'><strong>Ergo.</strong></span> <span class='ocrx_word' id='word_1_567' title='bbox 1411 2833 1573 2862; x_wconf 70' lang='lat' dir='ltr'><strong>Klotzii</strong></span> <span class='ocrx_word' id='word_1_568' title='bbox 1601 2829 1633 2861; x_wconf 90' lang='lat' dir='ltr'><strong>in</strong></span> 
     </span>
     <span class='ocr_line' id='line_1_82' title="bbox 874 2871 1634 2915; baseline 0.003 -12"><span class='ocrx_word' id='word_1_569' title='bbox 874 2871 957 2904; x_wconf 73' lang='lat' dir='ltr'><strong>Add.</strong></span> <span class='ocrx_word' id='word_1_570' title='bbox 984 2884 1015 2915; x_wconf 90' lang='lat' dir='ltr'><strong>p.</strong></span> <span class='ocrx_word' id='word_1_571' title='bbox 1042 2874 1113 2906; x_wconf 71' lang='lat'><strong>131.</strong></span> <span class='ocrx_word' id='word_1_572' title='bbox 1138 2874 1328 2906; x_wconf 79' lang='lat' dir='ltr'><strong>coniectura</strong></span> <span class='ocrx_word' id='word_1_573' title='bbox 1351 2875 1420 2905; x_wconf 79' lang='lat' dir='ltr'><strong>sine</strong></span> <span class='ocrx_word' id='word_1_574' title='bbox 1445 2874 1544 2905; x_wconf 88' lang='lat' dir='ltr'><strong>dubio</strong></span> <span class='ocrx_word' id='word_1_575' title='bbox 1570 2873 1634 2905; x_wconf 82' lang='lat' dir='ltr'><strong>iam</strong></span> 
     </span>
     <span class='ocr_line' id='line_1_83' title="bbox 873 2916 1394 2960; baseline 0 -12"><span class='ocrx_word' id='word_1_576' title='bbox 873 2916 1002 2960; x_wconf 89' lang='lat' dir='ltr'><strong>pridem</strong></span> <span class='ocrx_word' id='word_1_577' title='bbox 1026 2917 1066 2949; x_wconf 90' lang='lat' dir='ltr'><strong>ab</strong></span> <span class='ocrx_word' id='word_1_578' title='bbox 1090 2917 1164 2960; x_wconf 89' lang='lat' dir='ltr'><strong>ipso</strong></span> <span class='ocrx_word' id='word_1_579' title='bbox 1189 2926 1239 2950; x_wconf 88' lang='lat' dir='ltr'><strong>est</strong></span> <span class='ocrx_word' id='word_1_580' title='bbox 1263 2919 1394 2950; x_wconf 82' lang='lat' dir='ltr'><strong>reiecta.</strong></span> 
     </span>
    </p>

    <p class='ocr_par' dir='ltr' id='par_1_18' title="bbox 951 2963 1632 3007">
     <span class='ocr_line' id='line_1_84' title="bbox 951 2963 1632 3007; baseline 0.004 -14"><span class='ocrx_word' id='word_1_581' title='bbox 951 2963 979 3005; x_wconf 52' lang='grc' dir='ltr'><strong>ᾗ.</strong></span> <span class='ocrx_word' id='word_1_582' title='bbox 1001 2963 1054 2995; x_wconf 75' lang='lat'><strong>25.</strong></span> <span class='ocrx_word' id='word_1_583' title='bbox 1103 2965 1252 2996; x_wconf 82' lang='lat' dir='ltr'><strong>bonorum</strong></span> <span class='ocrx_word' id='word_1_584' title='bbox 1284 2966 1425 3003; x_wconf 69' lang='lat' dir='ltr'><strong>opinione</strong></span> <span class='ocrx_word' id='word_1_585' title='bbox 1456 2964 1632 3007; x_wconf 75' lang='lat' dir='ltr'><strong>turbantur]</strong></span> 
     </span>
    </p>
   </div>
  </div>
 </body>
</html>
