1832 3137
942 130 996 166 72.
1526 123 1609 166 383

46 226 147 255 mus.
208 209 434 266 Philosophi
469 224 601 252 sumus
625 212 780 263 exorti,
815 213 875 263 (et
895 220 1057 253 auctore
1083 212 1236 266 quidem
1264 218 1400 254 nostro
1424 210 1605 263 Platone,

47 299 159 340 quem
183 299 260 326 non
291 284 432 325 iniuria
462 283 728 326 Dicaearchus
761 292 966 336 accusat,)
1007 286 1071 340 qui
1093 286 1215 326 amori
1241 286 1513 327 auctoritatem
1539 285 1606 326 tri-

334 364 403 399 72.
439 356 564 399 Stoici
590 372 685 399 vero
714 365 754 399 et
783 358 994 412 sapientem
1018 366 1233 399 amaturum
1261 373 1349 400 esse
1373 359 1529 409 dicunt,
1569 367 1609 400 et

47 445 221 472 amorem
250 431 375 486 ipsum
400 438 580 471 conatum
601 430 791 471 amicitiae
819 431 1021 472 faciendae
1039 436 1053 459 ¹
1087 445 1140 472 ex
1166 432 1457 487 pulchritudinis
1478 432 1608 487 specie

47 503 250 545 definiunt.
315 502 392 557 Qui
415 504 448 544 si
473 504 558 558 quis
581 512 642 544 est
661 504 699 544 in
721 517 850 544 rerum
871 510 1010 544 natura
1029 505 1114 545 sine
1135 506 1408 555 sollicitudine,
1442 506 1526 546 sine
1543 506 1608 546 de-

50 577 218 629 siderio,
252 577 337 618 sine
359 591 468 627 cura,
503 577 588 618 sine
607 576 792 631 suspirio,
826 575 878 616 sit
895 589 1014 627 sane3
1047 584 1161 617 vacat
1180 578 1280 619 enim
1302 578 1407 618 omni
1427 578 1605 630 libidiue;

587 133 749 166 Lmen
775 131 919 175 iv.34,
1031 131 1084 167 73.

45 359 269 399 haeremus.

49 650 146 691 haec
167 657 294 691 autem
317 651 362 691 (lc
384 649 543 690 libidine
565 649 690 689 oratio
713 655 787 689 est.

849 646 921 690 Sin
943 656 1072 689 autem
1093 657 1152 690 est
1173 651 1310 705 aliquis
1330 665 1454 702 amor,
1488 659 1529 692 ut
1550 659 1610 692 est

48 731 181 775 certe,
224 724 287 778 qui
313 723 407 764 nibil
430 723 531 764 absit
553 729 618 763 aut
645 736 723 762 non
757 721 915 762 multum
941 721 988 762 ah
1017 722 1194 774 insania,
1237 723 1360 778 qualis
1393 724 1432 764 in
1455 722 1609 765 Leuca-

47 796 108 836 dia
139 804 224 837 est:

157 892 215 899 —
242 892 299 898 —
326 871 511 921 siquidem
540 871 593 908 sit
620 872 820 922 qm‘squc'cm
849 872 954 918 deus,

161 944 266 981 (Ιιιί2
299 957 368 993 ego
398 945 467 981 sim
497 941 640 982 czirae!

47 1021 116 1057 75.
149 1014 205 1055 At
222 1015 258 1055 id
277 1022 363 1055 erat
383 1015 465 1055 deis
483 1019 500 1043 ³
527 1016 705 1056 omnibus
728 1016 937 1057 curandum
953 1048 963 1068 ,
997 1015 1317 1070 quemadmodum
1334 1015 1394 1057 hic
1416 1016 1612 1058 frueretur

47 1088 244 1143 voluptate
275 1088 480 1129 amatoria.

160 1185 216 1191 —
245 1186 301 1191 —
331 1165 413 1202 Heu
426 1164 447 1188 4
480 1165 537 1201 me'
566 1164 782 1216 infelicem!

49 1234 159 1276 Nihil
190 1235 340 1276 veriuS.
402 1233 532 1276 Probe
564 1243 602 1276 et
630 1235 721 1276 ille:

137 1347 306 1380 XXXIV.
334 1346 349 1379 1
375 1349 429 1379 Or.
454 1349 635 1389 faciundae,
659 1348 748 1380 nulla
770 1348 884 1381 addita
905 1348 1115 1381 auctoritate.
1162 1348 1183 1381 2
1209 1351 1262 1381 Or.
1278 1350 1374 1383 c.W‘.
1400 1350 1490 1390 Quoi.
1536 1346 1558 1382 3
1579 1360 1608 1381 v.

48 1392 134 1425 Adn.
180 1392 202 1424 4
225 1394 280 1424 W.
305 1394 354 1424 hei
362 1403 374 1432 ;
397 1399 432 1424 at
452 1399 542 1424 recte
565 1395 638 1425 Or.:
665 1393 787 1425 dicitur
805 1395 863 1426 heu
884 1403 953 1434 me,
976 1395 1024 1426 hei
1049 1396 1135 1427 mihi.

50 1466 187 1492 creonte
219 1471 250 1491 v.
273 1458 353 1491 edit.
380 1461 491 1492 Theod.
514 1461 626 1501 Bergk.
657 1471 690 1503 p.
715 1461 749 1493 5.
781 1467 816 1492 et

53 1504 96 1536 de
114 1504 216 1548 Ibyco
237 1506 519 1537 Schneidewinium
539 1505 574 1537 in
597 1504 688 1548 Ibyci
710 1505 815 1548 Rheg.

55 1549 291 1592 Carm.reliqq.
316 1550 467 1592 Gotting.
484 1549 577 1583 1535.
600 1550 698 1592 p.30.
722 1550 813 1582 Suid.

49 1594 83 1626 h.
107 1606 148 1648 v'.
173 1593 305 1637 γέγονεν
329 1593 642 1637 ἐρωτομανέστατος
673 1594 751 1638 περὶ
773 1593 816 1629 τὰ

51 1650 219 1681 μειρακια.

124 1684 201 1715 Cn.
220 1684 387 1715 XXXIV.
430 1687 526 1724 Atque
550 1685 673 1725 horum]
711 1685 759 1716 De
782 1696 815 1715 v.

51 1732 143 1769 atque
157 1728 363 1760 adversativa
384 1728 415 1760 vi
436 1728 548 1771 posito
564 1740 594 1760 v.
608 1728 650 1760 ad
664 1730 720 1761 III.
733 1729 766 1767 2,
779 1727 811 1761 4.

121 1773 274 1816 Platone]
323 1773 416 1805 Plato
461 1773 626 1816 duplicem
668 1774 815 1816 ponebat

50 1829 219 1857 amorem,
244 1818 383 1850 alterum
406 1818 597 1861 vulgarem,
623 1830 720 1861 quem
743 1819 814 1861 ipse

50 1862 244 1901 reiiciebat,
285 1863 424 1895 alterum
448 1870 598 1895 sanctum
622 1875 660 1895 ac
684 1875 812 1906 purum,

51 1908 106 1952 qui
119 1919 139 1939 a
151 1907 363 1951 pulchrorum
379 1920 554 1951 corporum
573 1908 714 1940 virilium
730 1919 814 1940 con-

50 1953 267 1995 templatione
285 1953 456 1995 profectus
473 1952 514 1984 ad
536 1953 813 1995 pulchritudinem

51 1998 152 2030 animi
171 1997 397 2030 adscenderet.
424 1998 565 2040 Egregie
585 2010 624 2030 ac
645 1998 742 2040 plane
759 1997 814 2029 di-

51 2043 127 2075 vine
147 2043 202 2075 hic
219 2042 261 2074 de
282 2053 394 2074 amore
413 2042 504 2074 locus
525 2050 744 2084 pertractatus
765 2049 815 2074 est

51 2087 252 2120 aPlatone'
244 2099 277 2119 m
298 2098 397 2119 aureo
418 2087 475 2119 illo
494 2087 620 2126 libello,
646 2088 699 2130 qui
714 2090 814 2130 Sym-

51 2133 183 2176 posium
217 2132 415 2164 inscribitur.
475 2135 581 2175 Saepe
620 2143 698 2164 vero
733 2133 815 2164 haec

52 2177 198 2210 Platonis
233 2177 404 2216 doctrina,
445 2189 599 2220 perverse
631 2177 812 2217 intellecta,

51 2221 86 2254 in
109 2223 228 2254 malam
251 2229 379 2265 partem
404 2222 536 2254 detorta
561 2229 621 2254 est.

118 2268 147 2310 (3.
162 2267 217 2302 Τ).
239 2270 408 2307 sapientem
426 2273 605 2299 amaturum
617 2277 680 2300 esse
692 2267 811 2310 dicunt]

52 2313 93 2345 V.
120 2306 217 2355 Diog.
245 2313 356 2344 Laert.
381 2313 452 2345 VII.
482 2313 561 2344 129:
588 2312 646 2346 καὶ
665 2312 794 2355 &catab-r]

53 2358 175 2391 σεο-»αι
193 2356 232 2392 δὲ
244 2356 300 2391 τὸ)
315 2355 418 2399 σοφὸν
435 2369 501 2390 των
515 2356 596 2390 νέων
606 2359 675 2390 τῶ)
692 2357 814 2410 ἐμφαι-

51 2399 173 2435 νόντω)
198 2400 254 2435 διὰ
278 2402 336 2434 τοῦ
362 2401 470 2439 εἴδους
500 2400 560 2443 τήν
584 2400 667 2442 πρὸς
689 2399 813 2443 aper-‹¹1›

53 2442 205 2489 ευφυίαν,
231 2442 279 2483 ω’ς
297 2456 383 2487 φησι
404 2444 523 2488 Ζηνωθ
543 2445 575 2478 ἐι
593 2446 638 2489 τῇ
652 2446 813 2490 Πολιτείᾳ

52 2491 112 2525 καὶ
133 2490 331 2545 Χρύσιππος
355 2488 388 2523 &a
411 2492 461 2552 τῷ
487 2488 641 2542 usai-a).
632 2501 672 2509 ·-
659 2490 708 2532 pl.
733 2481 814 2534 βίων

53 2535 112 2570 καὶ
133 2532 386 2576 Ἀπολλόδωρος
410 2533 442 2568 ε’)
452 2535 508 2598 τῇ
531 2532 653 2588 η’ἓτκῇ.
694 2536 813 2578 §.130.

53 2578 135 2614 εἶναι
167 2579 205 2615 δὲ
227 2579 284 2614 rea
318 2578 466 2633 ἔρωτα)
450 2591 502 2612 ew.
494 2581 543 2624 ,β
528 2577 606 2620 ὓλην
630 2579 817 2621 φιλοποιίας

53 2624 109 2660 διὰ
132 2624 253 2663 κάλλος
284 2624 388 2667 ἐμφα.
389 2622 522 2667 θέμενοι
556 2623 614 2657 καὶ
648 2637 695 2666 μη
733 2623 815 2657 εἶναι

57 2670 243 2713 συνουσίας,
259 2667 342 2704 ἀλλὰ
355 2670 477 2713 φιλίας.
504 2668 639 2701 Stobaei
652 2669 722 2700 Ecl.
737 2669 812 2700 Eth.

55 2726 88 2757 p.
110 2714 183 2749 154.
230 2715 334 2747 Stoici
358 2715 445 2746 enim
470 2713 645 2752 dicebant,
679 2713 812 2756 sapien-

55 2765 124 2791 tem
157 2767 341 2792 amaturum
383 2771 453 2792 esse
489 2759 657 2791 erectioris
693 2758 814 2790 indolis

57 2803 302 2844 adolescentes,
334 2805 389 2848 qui
412 2805 481 2848 apti
516 2811 549 2835 et
572 2803 680 2835 idonei
706 2811 814 2835 essent

55 2848 96 2880 ad
122 2849 366 2892 percipiendam
390 2849 555 2881 virtutem.
604 2849 744 2880 Omnino
759 2855 814 2880 te-

55 2892 199 2925 nendum
223 2901 282 2931 est,
305 2895 339 2926 in
365 2895 567 2933 Graecorum
592 2893 813 2936 philosopho—

54 2949 126 2970 rum
150 2937 330 2981 disciplinis
354 2939 531 2972 amicitiam
555 2938 737 2981 principem
757 2938 814 2970 lo-

55 2994 128 3016 cum
151 2983 311 3016 obtinere.
350 2984 437 3017 Hinc
455 2996 584 3029 quoque
607 2983 729 3016 factum
752 2989 811 3022 est,

849 1467 885 1492 ut
896 1459 1024 1491 divinus
1044 1460 1138 1493 Plato
1159 1472 1277 1504 purum
1297 1472 1336 1492 ac
1355 1466 1504 1492 sanctum
1524 1471 1610 1503 pue-

848 1516 962 1537 rorum
993 1516 1139 1537 amorem
1174 1506 1207 1537 in
1231 1505 1362 1548 scriptis
1386 1505 1451 1536 suis
1475 1504 1612 1537 min'fice

848 1550 1101 1593 amplexaretur.
1149 1550 1253 1582 Stoici
1277 1562 1422 1582 amorem
1454 1550 1502 1582 ita
1525 1549 1612 1581 defi-

850 1595 1005 1634 niebant,
1039 1602 1075 1627 ut
1098 1608 1192 1628 amor
1216 1603 1302 1628 esset
1325 1595 1469 1627 studium
1493 1595 1612 1627 amiei-

850 1640 935 1679 tiae3
973 1641 1039 1672 hoc
1062 1648 1174 1672 autem
1197 1640 1343 1672 studium
1367 1640 1445 1672 oriri
1469 1651 1510 1672 ex
1533 1639 1612 1683 pul-

852 1684 1048 1717 chritudinis
1077 1685 1198 1728 specie.
1243 1688 1333 1717 Zeno
1358 1685 1446 1717 enim
1470 1697 1488 1717 e
1511 1685 1612 1716 testi-

849 1730 961 1761 monio
988 1730 1149 1762 Athenaei
1179 1731 1274 1762 XIII.
1304 1742 1335 1773 p.
1359 1729 1435 1763 561.
1467 1730 1611 1770 dicebat,

848 1773 904 1808 ‘coa
917 1771 1061 1817 ’Έρωτα
1091 1774 1168 1808 ἓεό)
1190 1773 1272 1808 εἶλαι
1295 1774 1408 1818 φιλίας
1430 1774 1488 1808 καὶ
1520 1773 1612 1808 ἐλευ-

850 1819 922 1861 fitep'
925 1831 984 1872 ας,
1012 1818 1060 1853 ἔτι
1082 1819 1120 1854 δὲ
1143 1819 1202 1853 καὶ
1223 1817 1377 1862 ὁμοιοίας
1396 1830 1611 1861 παρασκευα-

851 1861 977 1906 στικόν,
1003 1860 1102 1898 ἄλλου
1122 1861 1152 1898 δ’
1172 1861 1318 1902 ουδενὸς.
1368 1864 1522 1895 Ceterum
1545 1863 1611 1895 du-

848 1908 923 1952 plex
944 1913 971 1940 et
997 1912 1038 1951 (et
1061 1919 1129 1949 sap.
1144 1913 1171 1941 et
1195 1919 1332 1941 amorem
1357 1909 1449 1951 cett.)
1476 1915 1526 1940 est
1545 1919 1610 1940 no-

847 1960 970 1985 strum:
997 1955 1083 1986 theils
1100 1972 1143 1979 —
1163 1955 1260 1994 theils,
1282 1956 1437 1986 einerseits
1452 1973 1495 1978 —
1513 1955 1611 1986 ande-

847 2002 979 2032 rerseils.

915 2046 971 2076 Sin
995 2042 1111 2086 aulem]
1139 2043 1253 2075 Oratio
1281 2055 1341 2086 per
1366 2043 1611 2076 anacoluthiam

850 2099 877 2119 c.
891 2086 945 2127 35,
969 2086 1032 2121 74:
1058 2091 1102 2120 sic
1122 2091 1217 2128 igitur
1236 2091 1346 2129 affecto
1368 2090 1443 2120 haec
1461 2090 1610 2120 adhiben-

848 2134 891 2164 da
916 2135 1036 2165 curatio
1057 2137 1110 2173 est,
1134 2133 1355 2165 continuatur.
1395 2133 1446 2164 Cf.
1470 2133 1524 2173 35,
1545 2133 1608 2166 75:

847 2181 892 2218 ut,
916 2179 943 2209 si
966 2180 1033 2209 iam
1053 2184 1116 2210 etc.
1148 2179 1187 2210 V.
1211 2180 1346 2210 Wesenb.
1372 2179 1443 2209 Em.
1470 2179 1493 2210 Ι,
1508 2175 1610 2220 p-24.

917 2234 1093 2276 Leucadia]
1121 2234 1161 2266 H.
1184 2245 1213 2266 e.
1239 2233 1349 2276 puella
1371 2246 1410 2265 ex
1433 2232 1609 2273 Leucadia,

849 2277 930 2309 Ionii
957 2278 1054 2310 maris
1078 2278 1201 2317 insula,
1239 2278 1381 2320 Turpilii
1413 2278 1531 2309 comici
1555 2278 1610 2308 fa-

847 2322 933 2361 bula,
961 2335 1057 2366 quam
1080 2335 1118 2355 ex
1146 2322 1289 2354 Alexidis
1312 2322 1477 2354 Leucadia
1497 2322 1610 2364 vertit,

848 2367 896 2399 uti
924 2367 1023 2399 docet
1055 2370 1201 2399 Davisius
1225 2366 1267 2398 ad
1300 2367 1332 2398 h.
1357 2367 1398 2404 l.‚
1435 2367 1468 2398 in
1499 2373 1609 2409 partes

847 2419 968 2444 vocato
992 2414 1176 2444 Casaubono
1196 2411 1239 2443 ad
1253 2411 1456 2443 Athenaeum
1480 2413 1538 2452 ΙΙΙ,
1558 2412 1609 2444 15.

913 2468 1090 2510 siquidem]
1128 2467 1191 2499 I-Iic
1227 2474 1260 2498 et
1292 2474 1465 2510 sequentes
1499 2479 1610 2499 versus

847 2520 923 2544 sunt
942 2512 1112 2544 trochaici.
1160 2513 1238 2543 Post
1263 2523 1291 2543 v.
1313 2522 1406 2544 curae
1427 2512 1610 2544 tollendum

849 2557 979 2588 videtur
1009 2556 1138 2599 signum
1178 2556 1436 2589 exclamationis.
1495 2557 1609 2589 Oratio

848 2601 1033 2643 interrupta
1055 2607 1125 2640 est,
1161 2608 1196 2633 ut
1222 2601 1378 2644 apodosis
1411 2604 1552 2646 (efficiet,
1576 2606 1610 2634 ut

848 2656 952 2678 amore
974 2647 1091 2688 potiar)
1117 2646 1300 2690 supplenda
1323 2647 1376 2679 sit.

918 2702 1010 2744 §.73
1035 2704 1116 2744 deis]
1143 2703 1197 2734 Sic
1216 2705 1270 2735 Or.
1297 2714 1324 2736 c.
1344 2703 1444 2746 vulg„
1469 2702 1608 2735 eodem-

849 2758 912 2789 que
934 2746 1025 2778 ducit
1046 2759 1108 2779 scr.
1133 2749 1171 2779 de
1194 2749 1260 2788 his,
1285 2759 1368 2790 quae
1388 2755 1438 2779 est
1457 2748 1488 2779 in
1515 2748 1550 2778 R.
1572 2748 1606 2778 P.

851 2791 935 2823 Gud.
962 2794 989 2824 l.
1015 2793 1054 2823 II.
1080 2792 1226 2835 aliisque.
1277 2794 1316 2824 V.
1340 2795 1372 2825 C.
1384 2795 1418 2824 L.
1433 2794 1608 2825 Schneider.

848 2837 923 2868 Lat.
934 2837 1099 2869 Formenl.
1122 2839 1145 2868 I.
1162 2849 1193 2881 p.
1205 2837 1260 2870 66.
1297 2840 1480 2870 Ramshorn.
1499 2838 1536 2868 1..
1551 2837 1608 2868 Gr.

849 2883 877 2925 ς
889 2882 943 2915 27
972 2883 1108 2914 Kahner.
1130 2850 1223 2926 §.11:3.
1245 2883 1324 2914 Not.
1337 2881 1368 2915 4.
1390 2894 1422 2925 p.
1435 2883 1489 2914 25.
1508 2881 1560 2913 ed.
1573 2880 1606 2913 2.

913 2939 1012 2971 Probe
1035 2942 1062 2971 et
1083 2938 1148 2982 ille]
1177 2939 1225 2970 De
1247 2942 1274 2971 et
1291 2950 1322 2971 v.
1343 2937 1386 2969 ad
1403 2938 1461 2969 ΙΙΙ.
1485 2936 1535 2977 13,
1552 2935 1607 2969 28.
