1832 3137
51 556 130 599 Pag.
147 554 202 589 62.

77 708 97 714 -
144 689 199 723 65.

714 120 942 156 ADDENDA.
1525 113 1607 156 525

231 198 386 242 quoniam
411 198 444 231 in
469 199 507 230 R.
533 198 668 242 aliisque
691 198 802 231 multis
827 199 923 231 codd.
947 199 1076 239 desint,
1110 199 1158 231 sic
1180 199 1316 232 scribit:
1351 203 1413 241 esl;
1451 201 1518 244 [sed
1541 212 1610 234 ma-

228 245 298 276 iora
321 245 459 285 molior]‚
483 243 610 275 abiecta
637 245 685 286 (ut
710 250 760 275 est
783 244 816 275 in
829 244 927 276 Vind.
946 244 987 285 1.)
1014 244 1174 286 particula
1199 247 1294 277 eliam
1314 250 1465 288 „qnae,“
1492 245 1610 288 inquit,

237 288 331 328 „sive
355 287 507 330 augendo
533 288 757 331 comparativo
782 288 921 320 inservit
946 290 1049 331 (noch)
1064 313 1072 328 ,
1097 300 1211 332 parum
1233 296 1325 321 recte
1347 289 1393 322 ita
1416 289 1526 332 posita
1550 297 1611 328 est,

231 332 322 375 quasi
345 343 496 372 maqnum
522 333 684 375 (difficile)
719 332 841 376 aliquid
876 333 1109 375 praecederet,
1146 334 1215 365 sive
1239 333 1403 376 prioribus
1438 334 1612 377 sequentia

230 376 425 419 simpliciter
449 377 599 420 adiungit
625 379 746 421 (auehi,
770 388 835 409 non
859 378 960 409 modo
986 378 1178 417 necessaria,
1203 379 1261 410 sed
1284 379 1336 410 vix
1363 378 1536 411 commoda
1553 385 1611 411 est.

239 421 391 453 Ceterum
414 422 680 464 supplementum
704 422 787 454 illud
812 422 1030 454 necessarium
1055 423 1205 455 librarius
1240 423 1358 466 aliquis
1383 423 1548 455 recentior
1572 434 1612 454 ex

233 465 293 505 iis,
329 477 411 543 quiae
435 474 633 509 sequuntur:
669 477 749 508 quae
772 470 843 499 sunt
865 477 921 507 ea,
955 477 1034 507 quae
1057 470 1136 500 dicis
1170 472 1207 500 te
1239 470 1405 500 maiora
1438 469 1612 500 moliri?

232 517 324 542 recte
345 523 362 542 e
383 511 512 543 finxit.·‘

239 555 322 588 lbid.
354 561 423 596 post
456 560 584 588 mortem
615 558 693 588 nihil
725 560 767 589 esi
790 558 878 588 mali.
927 556 1008 588 Dav.
1041 563 1075 588 et
1106 556 1203 588 codd.
1227 558 1322 589 Bern.
1355 557 1435 599 Reg.
1466 557 1498 590 2.
1524 563 1558 588 et
1582 553 1615 589 4.

234 601 325 632 Mon.
338 601 370 632 2.
398 601 522 632 habent
543 612 575 641 p.
600 612 642 633 m.
664 604 741 633 mali
763 603 841 634 nihil
861 604 925 637 est:
951 600 1041 644 quod
1065 601 1165 633 etiam
1189 604 1264 634 Wes.
1288 601 1308 633 l.
1324 601 1355 633 d.
1380 613 1412 644 p.
1426 601 1458 635 6.
1482 601 1614 644 probat.

232 645 272 678 R.
300 645 386 677 Gud.
410 647 437 678 1.
465 656 529 677 om.
554 648 630 677 nihil
655 650 708 678 est.
821 643 881 671 Ὗ

236 690 263 721 Ι.
288 689 321 727 9,
349 692 399 723 18.
440 691 489 721 De
514 702 544 721 v.
568 692 713 723 cordatus
739 689 784 721 cf.
811 691 846 722 O.
869 691 958 722 Jahn.
983 689 1024 721 ad
1048 689 1193 721 Persium
1217 689 1248 729 6,
1280 691 1328 723 10.

191 757 200 766 .
236 735 260 765 1.
290 735 340 771 10,
365 736 419 766 20.
445 735 475 766 in
497 736 535 765 V.
560 737 630 766 Scr.
653 736 684 766 ὃ.
734 734 841 765 Etiam
869 737 944 766 Wes.
969 734 990 765 l.
1014 734 1045 765 d.
1067 734 1142 776 p.o'.
1166 745 1274 766 verum
1295 741 1485 777 corruptum
1507 741 1614 777 putat.

238 779 379 818 „Potest
404 780 528 818 eni1n,“
552 779 669 821 inquit,
696 779 801 817 „diciz
828 781 867 810 X.
891 781 990 809 animi
1011 798 1056 802 —
1078 782 1202 818 neyavit
1226 789 1298 818 esse,
1322 789 1429 811 verum
1454 780 1532 822 (sed)
1557 790 1616 812 nu-

237 833 358 855 merum
384 824 449 865 (vel
475 823 709 864 numerumque)
736 833 818 863 esse,·
843 825 1036 862 neyavit-,
1059 832 1166 854 verum
1193 824 1272 864 (sed)
1299 825 1413 855 dimit
1433 823 1615 862 nonitem;

239 867 420 909 requiritur
443 868 640 911 asyndeton,
666 875 702 899 ut
726 868 754 911 (3.
769 868 831 901 77:
858 867 913 898 diu
938 877 1106 899 mansuros
1131 870 1219 899 aiunt
1242 867 1378 905 animos,
1404 879 1536 910 semper
1554 878 1618 899 ne-

241 916 358 955 gant.“
404 912 546 944 Manutii
572 912 761 944 coniectura
786 912 814 943 ei
838 911 939 953 magis
964 911 1143 954 probatur,
1175 911 1225 943 cui
1250 911 1317 943 veri
1341 912 1476 943 similius
1501 911 1618 943 videa-

241 964 296 988 tur
309 957 466 988 VLLVM
490 957 522 988 in
547 958 704 988 VERVM
730 967 799 988 esse
823 956 1049 998 depravatum,
1076 966 1173 998 quam
1197 955 1237 986 ab
1262 956 1328 988 ullo
1354 956 1487 988 librario
1510 966 1618 988 verum

243 1013 281 1033 ac
304 1012 371 1032 non
395 1003 448 1033 sed
472 1000 632 1040 additum,
657 1012 764 1044 comp.
787 1000 888 1032 Acad.
914 1001 951 1031 11.
979 1000 1106 1042 §.1242
1133 1012 1173 1031 au
1201 1000 1338 1042 (animus
1364 1001 1448 1042 est),
1482 1007 1518 1031 ut
1542 1001 1618 1032 Xe-

240 1053 411 1084 nocrates,
438 1057 590 1078 numerus
613 1048 698 1077 nullo
722 1055 857 1085 corpore.
904 1046 1016 1087 Itaque
1040 1045 1086 1076 sic
1108 1045 1240 1076 scribit:
1267 1055 1329 1077 esse
1353 1043 1377 1084 †
1400 1055 1507 1077 verum
1530 1056 1562 1077 n.

193 1115 200 1123 .
237 1092 261 1123 1.
291 1091 350 1129 10,
375 1092 429 1123 22.
476 1091 585 1122 Etiam
610 1091 647 1121 R.
674 1090 795 1122 habere
820 1089 950 1120 videtur
974 1094 1149 1130 orerentur,
1184 1090 1232 1120 uti
1267 1101 1305 1121 ex
1330 1089 1488 1132 Krarupii
1511 1089 1552 1121 de
1576 1090 1616 1122 R.

238 1135 371 1167 silentio
397 1135 560 1168 coniicere
585 1135 673 1166 licet.
725 1135 777 1166 Cf.
806 1137 881 1167 Wes.
908 1134 928 1166 1.
951 1134 983 1165 d.
1008 1146 1040 1177 p.
1057 1135 1088 1168 ’7.

240 1182 264 1212 1.
294 1180 344 1219 11,
369 1179 423 1212 24.
449 1187 530 1213 extr.
556 1183 692 1212 assensio
717 1182 816 1212 omnis
839 1182 893 1210 illa
916 1181 994 1210 elab.
1030 1179 1115 1211 Mos.
1138 1190 1165 1210 c.
1185 1178 1258 1210 edd.
1283 1179 1368 1211 Vict.
1392 1179 1476 1212 Rob.
1500 1179 1615 1221 Steph.

244 1226 326 1257 Dav.
353 1235 414 1257 ass,
437 1228 515 1257 illa
547 1228 682 1257 omnis
706 1227 766 1257 el.:
800 1224 889 1266 quod
913 1223 1012 1255 etiam
1040 1226 1115 1256 Wes.
1138 1223 1159 1255 1.
1185 1223 1216 1255 d.
1241 1224 1319 1266 p.7.
1345 1224 1483 1266 probat,
1520 1223 1575 1266 qui
1598 1234 1616 1255 e

247 1270 403 1312 Krarupii
428 1270 468 1301 de
494 1271 532 1302 R.
557 1270 689 1301 silentio
715 1269 866 1305 coniicit,
891 1268 923 1299 in
950 1279 989 1300 eo
1015 1280 1085 1299 esse
1110 1268 1247 1299 eandem
1270 1268 1445 1299 verborum
1470 1268 1618 1300 colloca-

242 1314 390 1352 tionem,
427 1322 660 1358 comparatque
686 1317 713 1358 §.
740 1315 794 1346 22.
818 1315 913 1345 nullo.
940 1325 972 1356 p.
992 1313 1056 1355 leg.
1083 1313 1172 1344 Man.
1197 1314 1225 1355 (3.
1244 1314 1307 1345 22:
1344 1313 1391 1351 sic
1415 1313 1460 1344 M.
1487 1331 1530 1336 —
1553 1312 1621 1344 vim

242 1378 287 1384 —
311 1370 431 1392 omnem
455 1360 596 1403 reliquit.
647 1359 736 1390 Caes·
764 1359 804 1390 G.
834 1359 874 1395 ὁ,
900 1358 940 1391 7:
977 1357 1081 1389 Aedui
1105 1377 1150 1381 —
1174 1367 1277 1390 omnes
1299 1364 1518 1389 revertuntur.
1567 1357 1620 1389 Cf.

242 1415 303 1436 nos
327 1404 360 1435 in
377 1405 434 1436 Gr.
446 1405 484 1436 L.
497 1407 524 1447 §.
543 1404 614 1440 167,
632 1403 663 1436 6.
690 1406 825 1436 Moser
849 1404 947 1434 omnis
965 1402 1202 1444 interpretatur
1225 1405 1359 1442 omnino,
1381 1404 1484 1442 plane,
1513 1413 1620 1445 comp.

247 1451 390 1481 Goerenz.
416 1448 458 1480 ad
483 1449 577 1480 Finn.
600 1449 657 1478 ΙΙΙ.
687 1448 738 1483 10,
762 1447 816 1477 35.

197 1518 205 1526 .
238 1494 262 1525 I.
296 1492 426 1535 14‚131.
451 1497 484 1524 ul
506 1495 549 1524 ai!
573 1494 606 1523 in
631 1492 828 1530 Synephebis.
872 1490 967 1531 „Ego
991 1488 1058 1521 sic:
1084 1493 1117 1521 ul
1141 1494 1185 1521 ait
1210 1490 1287 1532 [ille]
1313 1492 1347 1521 in
1372 1492 1425 1530 S.‚·
1462 1491 1505 1522 cs.
1530 1490 1620 1521 Fam.

246 1538 306 1569 lX.
327 1538 390 1574 20,
420 1538 445 1569 1.
471 1537 505 1567 in
528 1535 638 1567 Pison.
662 1534 754 1578 §.45
779 1535 820 1566 N.
836 1534 875 1565 1).
902 1535 955 1564 111.
982 1533 1099 1577 §§.6?5.
1121 1534 1173 1567 72.
1198 1535 1250 1568 75.
1276 1535 1346 1566 Cat.
1372 1535 1416 1567 M.
1438 1532 1532 1577 §.Q
1561 1534 1623 1565 Di-

245 1581 310 1613 vin.
338 1582 359 1612 1.
381 1578 475 1623 §.24
503 1580 566 1611 Off.
590 1581 612 1610 1.
632 1580 747 1622 §.15st
770 1578 810 1610 al.
836 1597 878 1601 —
903 1578 943 1609 N.
961 1580 998 1610 D.
1027 1580 1047 1609 Ι.
1066 1577 1097 1615 6,
1126 1577 1188 1617 13.,
1214 1578 1396 1609 ubiArch.:
1424 1581 1528 1618 ltaque
1547 1581 1624 1610 mihi

244 1629 314 1658 libet
337 1627 526 1664 exclamare,
550 1628 582 1656 ut
605 1627 637 1655 in
659 1624 865 1663 Synephebis,
890 1629 945 1654 aut
968 1625 1017 1654 ille
1041 1629 1118 1654 ante
1142 1625 1173 1654 in
1198 1629 1253 1654 aut
1277 1627 1319 1655 est
1344 1623 1502 1654 excidisse
1526 1623 1623 1654 vide-

245 1678 314 1703 tur:
349 1669 410 1700 nisi
445 1670 533 1701 sorte
561 1668 674 1700 Cicero
711 1680 750 1699 ex
787 1670 962 1700 exclamare
986 1667 1095 1698 durius
1119 1666 1259 1709 intelligi
1284 1667 1389 1699 voluit
1416 1670 1620 1699 exclamatur.

243 1715 364 1748 Latine
388 1713 452 1745 dici
476 1716 576 1754 inquil
609 1724 669 1756 pro
703 1715 726 1744 i.
759 1714 893 1752 aliquis,
928 1714 948 1744 i.
981 1714 1182 1743 adversarius
1219 1718 1267 1753 (ut
1290 1713 1319 1752 ᾗ.
1344 1711 1411 1750 93.)
1448 1712 1538 1742 aliud
1562 1718 1622 1743 est.

246 1760 338 1792 Lael.
365 1761 393 1802 §-
414 1758 468 1791 95.
498 1758 678 1790 subiectum
705 1757 796 1789 verbi
820 1759 917 1796 inquit
941 1767 980 1786 ex
1004 1758 1115 1787 milites
1137 1758 1262 1795 910νίοεὶ
1287 1755 1384 1787 facile
1408 1756 1622 1798 intelligitur3

247 1817 281 1848 p.
304 1807 389 1836 Sest.
414 1805 441 1845 ᾗ.
465 1804 536 1836 102.
558 1805 657 1842 inquil
680 1802 750 1833 sine
774 1800 923 1832 subiecto
948 1800 1092 1842 positum
1117 1807 1184 1838 est,
1219 1800 1309 1843 quasi
1332 1800 1565 1843 praecederet:
1602 1811 1624 1832 α

243 1854 375 1891 poeta
398 1851 554 1880 verissime
578 1849 694 1878 dictum
717 1849 798 1878 est.“
849 1847 981 1877 Wesenb.
1004 1844 1026 1876 1.
1047 1844 1078 1876 d.
1104 1856 1135 1886 p.
1155 1845 1186 1878 7.

205 1922 211 1928 .
247 1897 272 1926 Ι.
300 1895 351 1931 15,
375 1892 431 1927 3-1.
455 1893 487 1924 in
512 1893 552 1924 V.
574 1894 643 1923 Ser.
669 1897 765 1934 post:
799 1891 856 1923 Tr.
882 1909 921 1914 --
948 1892 1051 1921 Faxil.
1076 1889 1179 1921 adde:
1217 1888 1305 1932 quod
1330 1889 1399 1921 iure
1423 1889 1624 1932 improbavit

250 1941 326 1970 Wes.
352 1938 374 1971 l.
392 1938 423 1969 d.
449 1949 479 1980 p.
496 1939 526 1970 ὅ.

203 2009 210 2017 .
246 1983 329 2015 lbid.
357 1992 452 2023 quum
476 1984 638 2013 inscribere
661 1992 722 2014 non
746 1983 856 2013 liceret.
906 1982 981 2012 Wes.
1007 1978 1027 2011 1.
1049 1979 1080 2011 d.
1105 1978 1263 2010 excidisse
1282 1986 1378 2021 putat
1397 1979 1430 2010 in
1454 1979 1563 2020 arch.,
1590 1986 1626 2011 ut

249 2028 312 2060 alia
342 2027 443 2058 multa
470 2029 514 2068 (v.
537 2027 604 2057 eius
628 2027 697 2058 Em.
719 2028 742 2058 Ι.
766 2038 797 2068 p.
818 2025 974 2062 15—17,
999 2024 1069 2065 26.)
1107 2024 1154 2055 sic
1176 2024 1208 2055 h.
1231 2024 1253 2054 l.
1280 2030 1358 2055 ante
1381 2035 1441 2056 non
1465 2025 1555 2062 sive,
1589 2031 1625 2056 ut

249 2072 404 2106 Ernestio
421 2071 522 2102 visum
548 2078 608 2110 est,
634 2081 743 2103 nomen
759 2071 828 2102 sive
845 2079 954 2101 nomen
978 2079 1089 2100 suum:
1118 2070 1188 2107 „Ut
1206 2068 1327 2108 enim,“
1352 2068 1466 2111 inquit,
1493 2071 1625 2107 „inscri-

249 2121 316 2150 bere
340 2116 490 2149 absolute
516 2118 592 2159 (eine
619 2117 786 2156 Ausschrisl
809 2113 993 2154 anbrinqen)
1020 2124 1144 2155 ponere
1167 2113 1315 2150 licuerit,
1341 2113 1430 2156 quod
1451 2113 1530 2144 mihi
1548 2114 1623 2156 qui—

250 2163 324 2194 dem
348 2161 482 2193 dubium
505 2168 553 2192 est
568 2186 575 2199 ,
609 2167 720 2192 tamen
743 2160 775 2192 h.
797 2159 818 2192 l.
834 2184 842 2198 ,
877 2158 955 2201 quid
976 2157 1155 2189 inscribere
1177 2169 1243 2189 non
1274 2157 1438 2197 licuisset,
1475 2157 1538 2189 dici
1564 2170 1625 2189 ne-

249 2219 339 2239 cesse
362 2207 426 2238 fuit
458 2208 550 2249 (num
572 2212 704 2248 praeter
726 2214 836 2236 nomen
859 2203 991 2234 artificis
1022 2202 1085 2233 alia
1109 2213 1239 2245 quoque
1266 2202 1398 2233 inscribi
1420 2203 1626 2244 potuerunt),

251 2264 350 2296 quum
375 2250 567 2294 praesertim
601 2253 649 2282 sni
682 2251 815 2281 similem
837 2250 968 2288 speciem
993 2246 1193 2289 requireret,
1227 2245 1316 2288 quod
1342 2248 1415 2288 (per
1433 2246 1624 2290 chiasmum)

251 2309 290 2329 ex
315 2295 482 2328 contrario
507 2298 721 2336 poneretur.“

209 2368 215 2375 .
252 2343 276 2373 1.
305 2342 364 2378 15,
389 2340 442 2372 35.
478 2341 531 2379 qui
556 2341 665 2378 ubique
688 2341 768 2369 sunt.
815 2336 1062 2368 Observandum
1082 2342 1149 2375 est,
1187 2335 1382 2367 vocabulum
1407 2338 1516 2376 ubique
1539 2336 1627 2378 apud

255 2386 445 2418 Ciceronem
471 2390 664 2424 ceterosque
687 2382 839 2424 antiquos
859 2381 1036 2423 scriptores
1059 2387 1135 2411 ante
1147 2380 1317 2422 Virgilium
1343 2387 1376 2411 et
1397 2381 1525 2412 Livium
1547 2393 1627 2412 nus-

253 2441 349 2473 quam
372 2440 431 2472 pcr
452 2440 487 2459 se
507 2427 691 2469 significare
715 2429 856 2459 omnibus
879 2429 963 2465 locis,
987 2435 1202 2465 usquequaque
1230 2426 1394 2467 (liberast),
1421 2425 1478 2456 sed
1499 2437 1629 2468 semper

254 2487 314 2518 per
338 2472 633 2515 breviloquentiam
657 2471 819 2514 quandam
833 2471 896 2501 dici
923 2481 982 2512 pro
1008 2472 1178 2509 ubicunque
1199 2474 1240 2500 esi
1267 2473 1349 2510 (sunl
1372 2471 1474 2509 cettq,
1499 2481 1629 2513 semper

254 2526 332 2562 post
356 2517 492 2550 relativa
520 2520 605 2558 (qui,
629 2520 784 2556 quotquol,
808 2517 965 2555 quicquid,
989 2514 1033 2554 ut)
1061 2519 1117 2544 aut
1139 2513 1410 2555 interrogativum
1432 2516 1507 2554 quid
1525 2514 1628 2557 sequi,

255 2564 300 2595 uti
324 2563 356 2594 h.
371 2563 390 2594 l.
417 2573 552 2601 omnes,
574 2563 627 2601 qui
650 2563 759 2600 ubique
782 2566 875 2593 sunt,
903 2559 934 2589 11.
950 2559 970 2589 l.
996 2569 1119 2593 omnCS,
1146 2558 1199 2600 qni
1223 2564 1310 2598 sunt,
1338 2558 1520 2600 ubicunque
1542 2566 1629 2590 sunt.

258 2609 328 2640 Fin.
350 2609 403 2639 IV.
426 2607 479 2642 27,
507 2606 570 2639 74:
598 2616 710 2636 omnes
725 2629 732 2641 ,
757 2607 808 2644 qui
832 2607 942 2643 ubique
966 2609 1041 2633 sunt
1064 2602 1142 2641 nuti,
1168 2603 1199 2633 h.
1222 2614 1248 2633 c.
1274 2602 1328 2645 qui
1352 2602 1420 2633 nati
1444 2610 1531 2642 sunt,
1554 2603 1629 2635 ubi-

257 2664 385 2695 cunque
406 2650 473 2682 nati
495 2657 580 2681 sunt.
630 2649 706 2680 Sall.
725 2649 793 2680 Cat.
818 2648 871 2684 37,
897 2650 934 2679 ὁῑ
962 2646 1117 2685 omnium,
1143 2650 1195 2686 qui
1214 2649 1324 2687 ubique
1348 2647 1471 2689 probro
1496 2666 1533 2671 —-
1556 2659 1630 2679 ma-

256 2709 352 2729 xume
379 2695 600 2739 praestabant,
628 2694 699 2726 h.‹¹.
726 2693 789 2735 qni,
817 2692 999 2734 ubicunque
1020 2697 1101 2732 erat,
1127 2691 1349 2733 praestabunt.
1388 2691 1469 2722 ibid.
1491 2692 1545 2731 31,
1565 2693 1627 2724 ⁴21:

256 2744 331 2783 quid
353 2743 462 2781 ubique
487 2740 558 2781 opis
583 2745 639 2770 aut
663 2738 732 2780 spei
753 2737 932 2774 haberent,
968 2736 1000 2767 h.
1022 2747 1049 2766 e.
1082 2735 1181 2778 qnid,
1215 2736 1395 2778 ubicunque
1419 2742 1522 2774 esset,
1558 2735 1630 2778 opis

256 2787 427 2819 haberent.
481 2784 544 2815 Cic.
572 2783 680 2814 Divin.
702 2784 741 2813 11.
762 2782 815 2819 -15,
840 2779 902 2813 9-1ι
936 2783 989 2821 qui
1013 2787 1148 2819 ventus,
1173 2783 1225 2820 qui
1247 2780 1371 2818 imber,
1396 2789 1475 2818 quae
1500 2786 1629 2823 tempe-

258 2837 325 2863 stas
349 2833 459 2869 ubique
482 2829 536 2860 sit.
583 2829 669 2869 Ergo
694 2837 866 2869 perperam
890 2837 908 2856 a
931 2824 1129 2857 nostratibus
1154 2824 1289 2855 dicitur:
1315 2824 1356 2854 de
1378 2824 1438 2855 hac
1461 2835 1497 2855 re
1518 2836 1631 2857 omnes

258 2878 368 2916 ubique
401 2873 622 2906 consentiunt.
678 2872 727 2902 Cf.
756 2873 991 2903 Lachmannum
1024 2869 1066 2901 ad
1092 2870 1222 2901 Lucret.
1248 2870 1304 2907 lv,
1328 2868 1405 2901 035.
1439 2879 1470 2909 p.
1493 2870 1560 2901 250
1581 2880 1630 2912 sq.

258 2921 356 2952 Krebs
380 2918 550 2951 Antiburb.
578 2928 607 2947 v.
634 2918 754 2956 ubique.

212 2990 219 2998 .
253 2968 278 2999 Ι.
305 2963 355 3005 15,
382 2964 436 2997 35.
462 2963 692 2995 arbitrabimur.
742 2961 818 2992 Wes.
842 2959 864 2993 l.
887 2958 918 2991 d.
941 2957 1069 3003 p.8sq.
1094 2957 1259 3000 vulgatam
1279 2956 1475 2999 scripturam
1498 2960 1631 2990 arbitra-
