1863 3221
235 113 291 153 34
850 114 1191 148 vnoLseoMENA.

236 204 382 240 bonum
413 198 574 249 aliquod
605 203 761 248 praeter
792 197 1000 242 virtutem,
1042 203 1166 233 tamen
1195 196 1345 234 virtute
1374 199 1493 234 vitam
1522 199 1670 236 beatam
1699 199 1797 238 ellici
1822 190 1831 194 ⁴

236 274 428 307 censeant.
459 281 492 303 c.
518 269 558 303 8.
586 263 628 316 ᾗ.
649 269 716 303 21.
777 264 999 301 Assentitur
1016 264 1062 301 -in
1086 264 1163 301 hoc
1184 264 1322 302 Cicero
1344 265 1574 304 adversario
1599 268 1794 305 ostendit-

237 348 330 387 que,
369 347 485 384 quam
519 333 786 370 inconstantes
814 332 880 370 isti
913 332 1146 383 philosophi
1176 333 1267 369 sint.
1326 334 1439 382 Nam,
1478 334 1547 384 qui
1569 334 1705 373 beatus
1729 342 1796 384 est,

234 401 334 440 nihil
355 401 546 452 requirit,
575 407 622 438 ut
643 400 695 438 sit
716 399 899 449 beatior,
919 399 952 437 si
971 406 1027 437 est
1048 400 1169 446 enim,
1202 400 1310 450 quod
1325 401 1445 449 desit,
1477 415 1524 438 ne
1545 402 1680 440 beatus
1702 403 1793 453 qui-

233 470 319 507 dem
343 475 414 507 est.
473 469 606 515 Quum
630 481 726 506 vero
755 467 834 506 tria
858 481 998 519 genera
1024 468 1215 505 malorum
1238 482 1318 505 esse
1342 469 1494 518 dicant3
1527 471 1595 520 qui
1622 470 1794 508 duorum

234 550 417 587 generum
437 535 547 573 malis
574 536 755 573 omnibus
771 543 975 586 urgeatur,
1007 542 1043 573 et
1065 537 1227 572 fortuna
1247 537 1422 584 adversa,
1454 543 1491 574 et
1512 539 1694 589 corporis
1715 539 1792 576 do·-

234 604 398 652 loribus,
427 603 464 641 ei
484 604 607 641 multa
629 604 679 641 ad
704 605 853 642 beatam
876 604 998 641 vitam
1017 604 1146 641 deesse
1168 604 1350 651 dicemus,
1383 618 1460 641 non
1484 605 1600 642 modo
1624 606 1674 643 ad
1696 607 1792 644 bea-
1824 601 1835 646 «².

235 672 430 710 tissimam.
450 670 491 722 §-
512 676 579 710 22.
600 676 669 710 25.
710 672 965 709 Constantior
986 678 1090 709 certe
1108 672 1180 709 sibi
1200 679 1256 709 cst
1275 671 1584 722 Theophrastus,
1616 673 1684 724 qui
1705 674 1794 711 aliis
1821 696 1826 703 ·
1855 689 1858 696 ¹

233 740 402 777 eiusdem
428 739 659 790 disciplinae
685 739 936 791 philosophis
963 740 1162 777 notandus
1188 754 1267 777 non
1295 746 1394 777 erat:
1434 741 1524 790 qui,
1565 754 1686 791 quum
1710 748 1792 779 sta-

232 807 396 855 tuisset,
439 807 595 844 dolores
628 807 809 857 corporis
841 813 880 844 et
910 807 1094 844 fortunae
1123 806 1237 844 casus
1265 821 1439 858 magnam
1468 809 1547 845 vin]
1574 808 1717 846 habere
1745 810 1795 847 ad

233 874 370 912 misere
389 874 623 922 vivendum,
663 879 892 912 constanter
918 874 1089 923 dicebat,
1127 889 1207 912 non
1233 889 1366 912 omnes
1395 876 1521 912 bonos
1548 890 1628 913 esse
1650 877 1794 925 beatos,

234 956 355 992 quum
378 942 421 979 in
447 956 577 979 omnes
599 943 724 979 bonos
748 949 786 979 et
806 943 988 993 corporis
1012 942 1169 980 dolores
1191 949 1228 980 et
1257 944 1440 981 fortunae
1464 944 1700 981 calamitates
1727 959 1794 982 ca—

234 1011 325 1047 dere
346 1016 518 1061 possent.
568 1010 687 1046 Immo
708 1010 750 1046 id
772 1010 988 1047 notandum
1016 1017 1110 1058 erat,
1143 1011 1249 1061 quod
1271 1011 1436 1060 dicebat,
1466 1012 1543 1049 tria
1568 1026 1646 1049 esse
1667 1019 1703 1049 et
1720 1013 1794 1050 bo-

234 1090 376 1114 norum
399 1083 435 1113 et
458 1077 648 1113 malorum
673 1091 826 1126 genera.
885 1078 924 1114 Si
957 1078 1059 1114 enini
1088 1078 1123 1114 ei
1152 1079 1406 1127 conceditur,
1446 1080 1563 1130 plura
1599 1080 1796 1117 bonorum

234 1149 273 1180 et
299 1143 492 1180 malorum
522 1157 665 1193 genera
694 1157 793 1191 esse,
825 1151 1129 1181 consentaneum
1157 1152 1233 1193 est,
1274 1152 1321 1182 ut
1343 1148 1620 1196 consequentia
1652 1161 1795 1185 conce-

233 1211 395 1248 dantur.
425 1225 456 1248 c.
479 1214 518 1248 9.
538 1209 578 1261 §-
600 1214 667 1249 24.
689 1215 756 1248 25.
796 1211 876 1248 Aut
893 1225 973 1248 non
990 1212 1119 1250 minus
1150 1212 1418 1250 inconstantes
1450 1228 1582 1251 sumus
1610 1215 1795 1265 EpicurO,

234 1278 303 1328 qui
328 1279 449 1315 multa
475 1279 677 1329 praeclara
701 1291 814 1329 saepe
839 1279 956 1326 dicit,
988 1279 1053 1316 sed
1079 1294 1159 1316 non
1183 1294 1334 1331 semper
1357 1283 1640 1319 convenienter
1658 1283 1796 1320 decre-

235 1346 283 1382 tis
306 1346 397 1392 suis,
430 1360 550 1395 quum
573 1352 701 1395 neget,
734 1359 954 1396 quenquam
980 1346 1153 1384 iucunde
1175 1361 1288 1398 posse
1315 1349 1461 1397 vivere,
1492 1350 1568 1386 nisi
1591 1350 1691 1386 idem
1719 1350 1796 1387 ho-

234 1418 341 1449 neste
358 1413 466 1449 vivat
481 1442 491 1460 ,
521 1419 608 1461 aut,
640 1426 759 1462 quum
781 1413 904 1461 dicat,
936 1415 1135 1451 fortunam
1158 1416 1335 1465 exiguam
1355 1416 1597 1453 intervenire
1619 1417 1795 1468 sapienti.

234 1478 274 1530 ς.
298 1483 362 1517 26.

349 1557 388 1594 d.
448 1558 488 1594 Si
509 1558 620 1595 nobis
641 1565 822 1596 constare
842 1559 1040 1606 volumus,
1073 1560 1280 1598 dicendum
1301 1568 1368 1609 est,
1402 1576 1531 1599 omnes
1557 1564 1692 1611 bonos,
1723 1563 1749 1601 i.
1767 1578 1798 1601 e.

237 1625 418 1663 omnibus
441 1625 656 1663 xirtutibus
679 1627 897 1664 instructos
921 1634 957 1664 et
978 1628 1190 1678 sapientes,
1224 1628 1297 1666 nisi
1318 1643 1398 1666 una
1422 1630 1568 1667 virtute
1592 1632 1796 1668 continca-

237 1699 305 1729 tur
335 1692 418 1729 vita
457 1694 586 1740 beata,
630 1707 781 1744 semper
816 1695 951 1731 beatos
988 1709 1066 1732 esse
1093 1710 1170 1732 non
1198 1710 1325 1747 posse.
1385 1698 1493 1735 Beati
1514 1698 1614 1735 enim
1641 1699 1814 1739 dicendi.

236 1766 330 1797 sunt
354 1759 397 1805 ii,
429 1761 494 1808 qui
518 1767 611 1797 sunt
631 1762 670 1797 in
697 1761 826 1810 bonis,
860 1763 970 1798 nullo
991 1763 1180 1800 adiuncto
1203 1764 1317 1801 [nalo.
1377 1765 1487 1802 Hanc
1506 1773 1635 1802 autem
1657 1780 1795 1803 cumu-

240 1827 352 1864 latam
389 1828 585 1863 bonorum
616 1829 942 1878 complexionem,
981 1831 1138 1867 secretis
1164 1832 1270 1868 malis
1300 1833 1500 1880 omnibus,
1541 1833 1670 1871 virtus
1692 1848 1795 1871 asse-

237 1894 304 1944 qui
328 1908 407 1931 non
427 1900 578 1945 potest,
609 1895 639 1931 si
661 1896 868 1946 quicquam
887 1904 1045 1947 praeter
1067 1898 1190 1948 ipsam
1213 1899 1308 1936 boni
1328 1906 1396 1936 est.
1455 1901 1549 1936 Nam
1575 1901 1704 1938 omnia
1729 1902 1796 1938 illa

236 1975 335 2012 quae
374 1963 496 2012 vulgo
531 1962 724 2000 dicuntur
759 1964 880 2012 bona,
926 1965 1111 2014 quoniam
1149 1973 1258 2003 extra
1290 1968 1371 2004 eius
1404 1975 1635 2017 potestatem
1666 1969 1814 2019 posita<
1861 2016 1863 2025 ⁴

237 2035 352 2076 sunt,
382 2030 559 2066 amittere
578 2036 728 2079 potest,
759 2037 797 2068 et
814 2033 942 2068 omnia
964 2033 1054 2081 illa,
1086 2047 1185 2083 quae
1206 2034 1247 2070 in
1270 2035 1379 2072 malis
1403 2042 1683 2084 numerantur,
1717 2050 1795 2073 uno

238 2102 411 2146 tempore
432 2096 472 2132 in
493 2110 579 2133 eum
602 2097 775 2134 incidere
790 2106 972 2148 possunt.
1005 2114 1036 2137 c.
1058 2104 1122 2138 10.
1148 2100 1192 2151 §-
1214 2105 1406 2140 28—50.
1467 2105 1618 2141 Rursus
1633 2094 1795 2154 Epicuri

235 2161 501 2200 inconstantia
525 2164 848 2213 reprehenditur.
876 2164 917 2216 §-
938 2170 1005 2204 51.
1064 2168 1196 2218 ltaque
1226 2168 1267 2205 in
1301 2169 1374 2206 hac
1409 2170 1562 2219 quidem
1590 2185 1631 2207 re
1664 2172 1793 2221 negari

235 2243 314 2266 non
336 2236 486 2280 potest,
515 2231 668 2268 Stoicos
690 2233 813 2269 multo
835 2235 1122 2272 constantiores
1141 2236 1258 2273 fuisse
1278 2237 1316 2273 in
1340 2237 1615 2274 constituenda
1635 2251 1704 2274 sua
1727 2238 1791 2275 di-

235 2297 422 2347 sciplina,
454 2311 570 2347 quani
591 2300 894 2350 Peripateticos,
926 2316 1149 2352 quanquam
1174 2303 1213 2340 in
1236 2304 1319 2340 aliis
1339 2305 1456 2341 rebus
1477 2305 1581 2342 inter
1601 2306 1793 2342 Zenonem

234 2370 272 2401 et
297 2364 578 2415 Peripateticos
609 2366 707 2405 nihil
733 2375 890 2418 praeter
915 2371 1128 2408 verborum
1157 2372 1374 2409 novitatem
1398 2373 1582 2410 interesse
1603 2373 1690 2411 iure
1714 2373 1792 2411 dici

239 2437 377 2480 potest.
410 2446 441 2470 c.
466 2436 529 2470 11.

349 2536 379 2556 c.
440 2523 619 2560 Ceterum
642 2539 722 2562 non
746 2528 850 2563 Zeno
874 2528 1025 2577 primus
1047 2530 1202 2577 docuit,
1234 2530 1316 2572 sola
1334 2531 1482 2567 virtute
1505 2531 1623 2567 vitani
1646 2532 1791 2568 beatam

236 2586 394 2635 confici,
424 2589 491 2626 sed
515 2589 633 2627 huius
659 2595 872 2631 sententiae
894 2596 1067 2645 gravitas
1092 2598 1301 2647 repetenda
1326 2603 1381 2634 est
1405 2611 1424 2633 a
1449 2598 1624 2635 Platonis
1652 2605 1788 2636 aucto-
1808 2601 1816 2609 ”
1862 2602 1863 2606 ’

235 2652 364 2690 ritate.
426 2656 481 2692 Ex
506 2655 583 2694 hoc
605 2658 729 2709 igitur
752 2661 861 2699 fonte
885 2663 978 2700 haec
999 2664 1124 2701 omnis
1154 2665 1325 2701 manabit
1348 2665 1491 2701 oratio.
1523 2680 1555 2702 c.
1585 2670 1650 2703 12.

346 2743 372 2778 s.
433 2743 773 2795 Argumentatio,
806 2765 880 2800 qua
902 2754 1109 2803 probatur,
1138 2758 1286 2792 virtute
1315 2755 1426 2804 effic-l
1455 2758 1582 2792 vitam
1614 2755 1784 2792 beatum.

278 2821 316 2868 α)
348 2822 515 2870 Natura,
546 2831 604 2873 ut,
636 2827 828 2877 quicquid
846 2832 1001 2880 genuit,
1034 2847 1112 2870 non
1134 2833 1249 2869 modo
1268 2832 1422 2880 animal,
1454 2834 1520 2871 sed
1539 2835 1651 2871 etiam
1673 2835 1787 2885 plan-

347 2894 426 2936 tas,
457 2890 496 2927 in
523 2904 595 2929 suo
619 2893 791 2943 quidque
829 2910 966 2945 genere
1000 2900 1345 2949 perfectissinunn,
1386 2901 1440 2938 sic
1466 2902 1689 2946 hominem,
1722 2903 1788 2939 cue?
