1832 3137
659 97 785 129 ΗΒΕ
804 96 830 128 R
855 98 895 129 ιι.
923 96 964 138 9,
990 96 1046 130 21.

231 178 330 226 Quas
356 177 575 228 peragrans
606 179 768 229 undiquc
798 180 938 216 ‹jmnem

1554 90 1633 134 199

970 177 991 201 *
1002 178 1231 230 ecferitatem
1241 177 1265 203 '⁰‘
1279 180 1297 204 ⁶
1333 181 1465 231 &puli
1478 182 1496 207 ⁶
1510 197 1522 228 ‚-

228 252 306 288 Sed
321 251 493 302 fi‘me'uea
528 252 585 288 υἰι·
599 251 618 275 5
635 280 645 296 ,
670 251 839 302 fi‘mz'nea
869 253 1066 289 inter-[mbr
1095 265 1218 290 mmm.

297 320 372 361 ΙΧ.
436 325 466 361 0
495 318 607 370 mile,
643 336 727 361 vere
756 324 826 360 hoc
855 326 985 361 nemen
1017 324 1158 375 usurpci
1182 327 1320 376 patril
1341 330 1355 363 l

231 398 290 434 Ne
319 410 375 434 me
404 398 628 434 ‹sec-Mentem
650 397 662 421 ¹
697 398 834 434 nuitrc‘s
862 403 1014 446 superet
1043 400 1202 437 clare'las.

232 471 314 506 Huc
344 471 476 520 ‹irripc
504 472 555 507 ad
583 483 638 507 me
668 469 843 507 manibus
872 468 1105 507 abstractam
1131 474 1235 520 pits!

228 544 306 580 Iam
339 544 488 580 cdl-uam
501 571 511 589 ,
546 556 671 589 mene,
705 555 753 580 an
785 542 892 579 illam
918 543 1102 592 potiorem
1127 550 1252 593 pules.

230 621 299 655 21.

362 617 502 666 Perge,
536 617 653 662 az'ede,
687 618 800 653 mlle!
831 615 1023 652 z'llticrae'ma
1047 618 1176 665 μαινίς
1199 617 1368 666 pestibus
1382 623 1396 653 !

229 690 440 727 xlm-erere!
467 695 600 739 gentes
629 691 780 726 mis-tras
797 688 954 740 flebunt
981 690 1169 726 miserias.

227 763 309 799 Heu
323 765 337 798 .'
368 763 593 811 virginalem
624 775 679 799 me
709 763 774 798 bre
792 762 807 786 ¹

146 887 168 921 6
195 890 232 922 R.
256 889 344 922 Gud.
372 889 399 922 1.
420 890 461 921 ΙΙ.
493 889 614 932 aliique
637 891 774 929 expulit:
807 888 895 932 quod
927 888 997 920 sine
1031 888 1132 921 dubio
1164 889 1242 921 inde
1276 889 1402 921 factum
1426 896 1496 928 est,

840 762 1028 811 ploratum
1061 762 1185 807 edere,

1531 891 1621 933 quod

57 934 251 966 adverbium
274 936 344 974 hic,
381 933 471 978 quod
493 945 553 978 pro
575 936 646 966 hinc
669 934 791 976 legitur
813 940 858 978 (v.
879 933 1008 975 Adn.),
1041 945 1100 977 pro
1125 934 1331 967 nominativo
1361 942 1534 978 acceptum
1557 942 1617 967 est.

52 980 179 1012 1X.1
207 991 238 1011 v,
262 978 348 1011 Adn.

53 1060 135 1091 Oxx.
149 1057 226 1091 trib.
239 1057 324 1090 Lall.
349 1063 383 1089 et
403 1057 625 1101 compluribus
645 1057 720 1090 edd.
735 1063 817 1089 vett.

51 1114 114 1157 pro
138 1103 227 1145 vulg.
249 1105 290 1134 υἱ.
327 1102 476 1155 Optime;
504 1102 547 1135 cf.
564 1103 709 1133 Graeca·
735 1100 823 1144 γυαή

51 1146 90 1182 δε
114 1148 221 1189 ἓῆλυς
244 1158 331 1181 onom
355 1143 440 1180 κου’-κ.
464 1144 585 1188 ἀοδρός
607 1143 688 1188 φύσ
682 1159 708 1180 ν
731 1145 817 1188 μόνη

52 1203 95 1235 με
130 1190 173 1233 δὴ
211 1193 348 1225 >afflans
380 1189 553 1234 φασγάιου
589 1192 679 1235 δίχα.
738 1192 818 1222 Cum

49 1237 190 1269 maxima
214 1237 247 1268 vi
281 1243 495 1288 opponuntur
525 1238 660 1276 feminea
692 1242 726 1267 et
758 1239 817 1269 vir.

49 1282 217 1325 Scriptura
239 1284 272 1313 vi
295 1281 408 1323 inepta
430 1287 490 1312 est.
526 1281 605 1312 Non
626 1280 658 1311 vi
679 1280 817 1312 Deiani-

48 1338 106 1359 rae
130 1326 288 1358 Hercules
311 1325 530 1363 interimitur,
555 1325 613 1355 sed
637 1324 735 1357 dolo.
764 1324 816 1356 Ad

49 1371 150 1403 verba
184 1373 318 1412 feminea
350 1380 448 1402 manu
485 1369 529 1401 cf.
563 1371 678 1402 Senec.
714 1370 814 1411 Trag.

47 1417 147 1448 Herc.
174 1414 278 1449 1179:
318 1414 446 1446 Invicta
466 1413 493 1446 si
513 1425 566 1445 me
589 1414 706 1446 cadere
727 1416 817 1454 femi-

47 1470 107 1493 nea
134 1471 232 1493 manu
254 1459 398 1491 Voluere
428 1460 498 1491 fata
521 1465 585 1491 etc.
633 1459 745 1491 Ieiuna
767 1465 817 1490 est

51 1505 241 1538 coniectura
267 1507 469 1545 Wesenberyz'i
491 1506 561 1536 Em.
577 1505 602 1536 Ι.
622 1515 655 1546 p.
670 1505 719 1536 8.:
752 1506 816 1544 fe-

47 1553 198 1583 minae
230 1552 280 1582 vir
315 1551 412 1590 fem„
459 1549 568 1581 deleta
603 1548 817 1580 distinctione

47 1602 126 1638 post
148 1598 207 1628 vir.

118 1640 196 1672 CM».
213 1640 275 1672 IX.
311 1642 336 1672 Ο
354 1641 440 1681 παῖε]
467 1639 704 1681 Intelligendus
728 1639 815 1682 Hyl-

48 1685 109 1725 lus,
132 1696 229 1728 quem
251 1696 269 1716 e
290 1684 444 1716 Deianira
466 1691 624 1726 genuerat
645 1685 814 1716 Hercules.

51 1730 178 1762 Graeca
202 1729 304 1761 verba
328 1741 359 1762 v.
385 1709 485 1762 1066⁰
486 1741 554 1772 sq..

98 1768 148 1807 ³ss
172 1778 253 1817 παῖ,
277 1774 373 1817 γενοῦ
395 1786 452 1817 μοι
473 1778 552 1812 παῖς
575 1773 742 1817 ἐτητυμος
762 1785 817 1816 γε-

637 1818 720 1882 Υώξ,

93 1864 165 1899 Καὶ
191 1863 238 1908 μή
264 1862 302 1898 τὸ
329 1862 458 1907 μητρὸς
479 1859 583 1907 α’)ομα
602 1875 709 1906 πρεσμ
694 1860 817 1906 Ἥεύσῃς

637 1908 745 1941 πλέον.

111 1957 212 1997 patri]
240 1956 329 1986 Bene
348 1956 481 1986 Orellius
499 1952 643 1995 explicat
663 1955 696 1984 in
714 1955 816 1991 palris

47 2003 205 2033 ultionem.
243 1999 294 2030 Cf.
315 1999 444 2030 Graeca
469 1998 579 2030 allata.
615 1997 742 2028 Inutilis
766 2003 816 2028 est

50 2047 154 2084 Wolfit·
178 2043 388 2076 coniectura:
421 2045 533 2082 patris.
579 2043 660 2073 Eam
690 2041 815 2083 recepit

50 2091 206 2129 Treyder‚
241 2087 301 2120 sed
334 2094 461 2119 mutata
494 2086 728 2124 distinctione3
769 2088 814 2117 W.

51 2133 140 2165 enim
163 2132 315 2165 distinxit
339 2139 416 2175 post
443 2134 565 2171 parri33
601 2134 650 2163 Tr.
677 2137 814 2162 auctore

46 2179 211 2210 Bouhierio
243 2184 321 2221 post
352 2187 490 2216 usurpa:
521 2186 591 2208 vere
621 2178 677 2208 hoc
705 2186 816 2208 nomen

47 2232 190 2264 usurpa,
220 2225 323 2263 patris
345 2224 425 2253 Neve
449 2231 511 2253 occ.
539 2231 582 2252 m.
607 2231 632 2253 s.
658 2232 684 2253 c.
736 2223 813 2252 Wes.

48 2268 120 2299 Em.
137 2268 162 2298 Ι.
185 2278 220 2310 p.
237 2268 270 2300 ὅ.
301 2266 349 2298 sic
369 2265 498 2297 scribit:
531 2268 636 2306 patri,
662 2268 740 2297 Neve
763 2275 814 2296 oc-

47 2313 197 2344 cidentem
229 2312 288 2354 (sc.
310 2321 380 2343 eum
400 2310 453 2342 vel
475 2320 543 2349 me,
580 2310 623 2343 cf.
647 2310 702 2342 23.
730 2309 813 2340 reli-

47 2356 173 2398 gatum)
211 2366 253 2387 m.
285 2365 310 2387 s.
343 2365 369 2386 c.
403 2361 437 2386 et
473 2357 658 2386 occidentem
691 2354 813 2397 accipit

48 2411 129 2442 pro:
164 2401 327 2432 occidentis
350 2398 520 2430 caritatem
543 2410 583 2429 ex
611 2410 651 2430 eo
680 2399 813 2430 dicendi

49 2455 190 2486 genere,
226 2443 316 2486 quod
347 2443 389 2474 ad
419 2444 446 2474 Ι.
470 2443 510 2482 1,
533 2442 565 2474 2.
591 2443 812 2484 exposuimus.

50 2492 96 2520 At
118 2489 259 2531 primum
282 2488 364 2520 haec
382 2486 468 2519 ratio
498 2487 563 2518 hoc
585 2487 718 2529 quidem
739 2487 815 2519 loco

51 2533 224 2565 durissima
271 2539 342 2571 est3
389 2531 511 2563 deinde
547 2531 678 2573 plurimi
716 2532 813 2564 codd.

53 2577 165 2618 (etiam
187 2579 226 2611 R.
253 2577 341 2609 Gud.
364 2577 406 2618 1.)
444 2577 568 2608 habent
596 2586 634 2608 ne
663 2585 711 2607 me
743 2587 818 2616 occ„

52 2621 108 2654 alii
135 2633 189 2655 nec
217 2632 266 2655 me
290 2632 343 2662 o.,
379 2621 487 2653 nullus
519 2631 615 2660 neve,
652 2631 734 2663 quae
768 2627 818 2651 est

52 2667 168 2698 Wolfii
192 2667 400 2704 coniectura·
425 2666 568 2709 denique
588 2677 683 2708 pron.
705 2675 754 2697 me
775 2665 818 2697 ob

53 2721 121 2753 seq.
143 2715 254 2744 matris
276 2711 451 2743 maximam
474 2712 540 2743 vim
563 2710 675 2742 habet.

122 2757 164 2787 Ne
186 2767 234 2788 me
257 2756 455 2800 occidentem]
492 2757 534 2788 H.
559 2767 587 2786 e.
622 2766 664 2786 ne
692 2754 817 2785 maiore

56 2798 192 2832 caritate
208 2808 357 2841 matrem,
376 2813 474 2844 quam
488 2812 540 2832 me
561 2812 649 2831 nunc
668 2799 816 2830 morien-

57 2850 124 2874 tem
157 2843 287 2877 habeas.
335 2846 494 2898 Sophocl.
527 2845 584 2879 καὶ
615 2843 661 2887 μή
688 2843 725 2877 τὸ
752 2856 816 2886 μη-

56 2886 134 2929 τρὸς
157 2883 261 2930 ὄνομα
282 2888 508 2934 πρεσβευσῃς

123 2935 266 2967 manibus
287 2935 362 2978 piis]
387 2936 429 2967 H.
454 2947 482 2968 e.
508 2935 675 2975 manibus,
701 2933 816 2977 quibus

855 1058 1068 1090 ulcisceretur
1089 1064 1229 1100 patrem.
1277 1057 1332 1090 Sic
1354 1071 1403 1101 pr.
1428 1059 1524 1092 Rosc.
1544 1061 1618 1090 Am.

853 1101 916 1134 24:
942 1102 1158 1142 ‚,Videtisne,
1184 1114 1266 1146 quos
1290 1103 1384 1134 nobis
1404 1107 1525 1146 poetae
1544 1109 1619 1135 tra-

854 1146 1027 1184 diderunt,
1065 1147 1166 1190 patris
1191 1147 1368 1179 ulciscendi
1395 1159 1506 1180 caussa
1535 1159 1617 1191 sup—

854 1192 987 1233 plicium
1015 1192 1056 1223 dc
1084 1199 1188 1223 matre
1211 1192 1406 1235 sumpsisse,
1446 1199 1557 1224 tamen
1581 1199 1618 1225 ut

853 1247 910 1268 eos
931 1237 1057 1279 agitent
1079 1236 1185 1268 furiae
1205 1249 1267 1268 -ε
1302 1237 1392 1279 quod
1414 1249 1455 1269 ne
1472 1240 1521 1277 pii
1540 1237 1617 1280 qui-

852 1280 927 1312 dem
949 1281 1019 1312 sine
1041 1281 1166 1313 scelere
1196 1292 1268 1313 esse
1296 1286 1514 1324 potuerunt.“
1557 1284 1617 1314 In·-

851 1325 1040 1357 felicissima
1074 1332 1126 1357 est
1158 1325 1346 1358 coniectura
1368 1329 1525 1359 Bouhierii
1546 1337 1617 1359 ma-

849 1372 940 1402 nibus
962 1373 1061 1402 tuis.

915 1416 1066 1456 pestibus]
1103 1417 1230 1455 Wolfius
1258 1415 1496 1458 interpretatur
1523 1418 1616 1449 mise-

849 1461 925 1499 riis,
962 1459 1078 1491 melius
1112 1462 1213 1492 Moser
1244 1462 1401 1501 interitui,
1437 1472 1543 1503 comp.
1573 1461 1615 1492 dc

851 1504 934 1546 Rep.
957 1506 990 1544 1,
1016 1504 1057 1537 3:
1092 1504 1190 1536 Marii
1221 1505 1330 1537 clades
1354 1524 1400 1530 -—
1423 1506 1477 1538 vel
1501 1517 1614 1538 eorum

850 1549 1031 1581 multorum
1060 1553 1178 1590 pestes,
1217 1561 1300 1593 quae
1324 1550 1437 1593 paullo
1461 1556 1538 1594 post
1559 1562 1615 1582 se—

852 1600 948 1626 cutae
968 1600 1054 1628 sunt.
1094 1606 1142 1626 or.
1166 1601 1243 1637 post
1265 1594 1334 1626 red.
1356 1595 1388 1626 in
1411 1607 1480 1627 sen.
1501 1595 1533 1635 7,
1558 1594 1613 1628 16:

849 1646 929 1671 tune
961 1651 1056 1671 ausus
1085 1651 1119 1671 es
1154 1651 1226 1671 cum
1252 1640 1395 1671 Gabinio
1427 1640 1618 1672 consociare

852 1684 987 1716 consilia
1003 1687 1099 1725 pestis
1120 1684 1239 1716 meae?
1273 1684 1306 1716 in
1325 1685 1420 1716 Catil.
1436 1687 1460 1716 Ι.
1479 1684 1531 1723 13,
1552 1684 1614 1717 33:

853 1741 925 1761 cum
946 1736 1001 1760 tua
1017 1734 1100 1769 peste
1119 1741 1158 1761 ac
1175 1729 1320 1773 pernicie
1335 1749 1378 1755 —-
1393 1729 1615 1772 proficiscere.

850 1776 992 1806 Doederl.
1018 1775 1091 1805 Lat.
1114 1775 1193 1817 Syn.
1213 1776 1255 1806 ΙΙ.
1278 1786 1312 1816 p.
1331 1774 1385 1807 61.
1407 1781 1441 1805 et
1461 1774 1515 1807 63.

919 1821 948 1863 §.
961 1819 1015 1851 21.
1050 1821 1139 1850 Heu!
1162 1821 1349 1859 viryinalem
1368 1829 1415 1850 me
1438 1828 1489 1851 ore
1509 1820 1618 1858 plora-

850 1868 914 1895 tum
935 1865 1036 1904 edere]
1074 1863 1260 1895 Accusativi
1292 1875 1319 1896 c.
1343 1863 1404 1896 inf.
1437 1863 1470 1894 in
1503 1862 1617 1894 excla-

850 1907 1051 1939 mationibus
1084 1918 1180 1947 usus,
1219 1914 1276 1939 aut
1309 1907 1422 1939 addita
1454 1906 1616 1950 particula

849 1951 1085 1993 interrogativa
1117 1962 1154 1984 ne
1187 1958 1244 1984 aut
1268 1952 1406 1991 omissa,
1442 1951 1520 1983 satis
1544 1952 1616 1983 fre-

850 2008 952 2039 quens
975 2003 1025 2027 est
1046 1996 1078 2027 in
1101 1997 1252 2028 oratione
1273 1997 1412 2028 affectus
1432 1996 1485 2028 vel
1504 1996 1615 2028 admi-

849 2040 987 2073 rationis
1008 2040 1118 2083 plena.
1166 2042 1256 2083 Virg.
1279 2045 1358 2074 Aen.
1384 2043 1418 2082 1,
1440 2040 1503 2074 37:
1528 2042 1615 2073 Mene

848 2086 983 2128 incepto
1005 2087 1149 2118 desistere
1172 2086 1305 2125 victam,
1330 2097 1392 2117 nec
1412 2095 1501 2126 posse
1521 2085 1615 2117 Italia

850 2132 1053 2163 Teucrorum
1088 2137 1239 2163 avertere
1275 2130 1407 2173 regem!
1469 2130 1535 2162 Cic.
1572 2130 1616 2162 ad

851 2179 920 2208 Att.
951 2177 1025 2214 IX,
1052 2174 1115 2209 13:
1156 2180 1221 2208 tene
1257 2176 1340 2207 haec
1377 2184 1466 2216 posse
1506 2174 1615 2206 ferre!

849 2220 931 2252 Ibid.
946 2221 988 2259 V,
1013 2221 1070 2253 11:
1096 2220 1170 2252 hui!
1196 2223 1319 2253 totiesne
1338 2231 1386 2252 me
1404 2220 1532 2251 litteras
1553 2219 1616 2250 de-

849 2266 936 2296 disse
951 2266 1101 2305 Romam,
1126 2277 1225 2308 quum
1246 2265 1288 2297 ad
1307 2272 1341 2296 te
1361 2264 1465 2296 nullas
1485 2263 1614 2295 darem!

848 2310 957 2341 Divin.
990 2311 1041 2347 11,
1069 2311 1119 2342 13.
1153 2310 1248 2341 inin:
1284 2311 1433 2341 hunccine
1463 2310 1617 2340 hominem

846 2354 949 2386 tantis
974 2356 1157 2386 delectatum
1179 2364 1242 2386 esse
1273 2353 1384 2395 nugis!
1433 2352 1513 2385 Sine
1537 2364 1615 2395 par-

845 2399 946 2431 ticuia
964 2409 1011 2430 ne.
1062 2399 1127 2430 Cic.
1149 2398 1191 2429 ad
1211 2400 1300 2430 Fam.
1322 2399 1413 2437 VIII,
1448 2398 1505 2431 17:
1534 2408 1614 2440 ergo

847 2454 896 2475 me
916 2443 1027 2486 potius
1050 2443 1082 2473 in
1107 2442 1266 2484 Hispania
1286 2444 1380 2482 [uisse
1403 2449 1493 2481 tum,
1517 2453 1616 2485 quam

848 2488 999 2519 Formiis.
1047 2486 1130 2519 lbid.
1159 2488 1253 2528 XIV,
1283 2489 1317 2519 l:
1354 2499 1406 2518 me
1439 2487 1613 2518 miserum!

850 2537 876 2564 te
906 2532 968 2562 ista
1001 2531 1123 2562 virtute
1157 2550 1198 2556 -
1234 2532 1264 2563 in
1301 2538 1408 2564 tantas
1442 2543 1614 2564 aerumnas

851 2583 990 2619 propter
1009 2587 1062 2607 me
1082 2578 1247 2609 incidisse!
1289 2578 1327 2608 In
1348 2577 1498 2609 omnibus
1519 2576 1615 2608 huius

852 2621 981 2663 generis
1012 2621 1169 2663 exemplis
1203 2622 1406 2654 constructio
1437 2621 1616 2654 accusativi

855 2678 881 2697 c.
913 2665 974 2698 ins.
1013 2665 1139 2708 pendet
1172 2666 1213 2698 ab
1247 2667 1473 2699 enuntiatione
1507 2666 1617 2709 aliqua

852 2709 988 2749 omissa,
1022 2716 1057 2741 ut
1078 2721 1177 2743 nonne
1198 2713 1384 2752 indignum,
1410 2714 1526 2744 mirum
1545 2712 1615 2743 est?

850 2765 925 2787 num
954 2756 1097 2787 credibile
1127 2758 1195 2788 esc?
1230 2766 1336 2788 verene
1358 2759 1405 2788 ita
1432 2758 1502 2788 est?
1550 2753 1616 2786 Ubi

851 2800 951 2841 igitur
972 2800 1130 2842 particula
1153 2811 1190 2832 ne
1214 2801 1327 2832 addita
1350 2807 1420 2839 cst,
1445 2812 1482 2831 ea
1507 2798 1616 2842 perti-

852 2851 909 2876 net
939 2844 981 2876 ad
1012 2846 1275 2877 enuntiationem
1301 2845 1504 2888 cogitatione
1533 2853 1616 2885 sup-

851 2888 1016 2932 plendam.
1066 2890 1118 2921 Cf.
1153 2892 1312 2931 Heindorf.
1336 2890 1379 2922 ad
1403 2889 1522 2920 Horat.
1547 2888 1616 2919 Sat.

853 2935 877 2966 Ι.
901 2933 942 2975 9,
967 2935 1022 2969 75.
1048 2947 1080 2978 p.
1096 2934 1174 2968 201.
1222 2938 1259 2967 G.
1283 2938 1317 2968 T.
1339 2937 1374 2967 A.
1392 2936 1514 2973 Kriiger
1543 2932 1622 2964 Un-
