1863 3221
231 114 316 156 262

235 202 380 242 eadunt
394 209 522 241 autem
543 201 638 239 haec
658 199 694 238 in
718 198 843 237 virum
867 198 1020 237 fortem.
1737 198 1792 239 Αι,

870 269 964 311 Non
984 270 1129 310 eadet4
1155 283 1250 323 ergo
1275 269 1314 309 in
1333 271 1548 325 sapientem
1568 272 1788 325 aegritudo.
1834 326 1839 328 ⁷

822 118 990 151 LIBER
1015 119 1073 150 III.
1099 116 1211 157 7,15.

1079 195 1204 251 lgitur
1224 210 1272 237 ne
1290 198 1492 251 aegritudo
1511 199 1679 252 quidem.

236 288 350 315 nemo
371 273 527 327 sapiens
542 304 553 323 ,
587 271 661 311 nisi
684 270 810 311 fortis.

238 354 305 388 15.
337 344 552 386 Praeterea
575 357 738 384 neeesse
759 350 842 394 est,
875 343 939 397 qui
961 343 1070 383 fortis
1093 342 1166 393 sit,
1201 343 1364 382 eundem
1391 357 1478 384 esse
1502 345 1629 398 magni
1650 344 1789 395 animig
1835 348 1847 362 ⁸

237 420 299 475 qui
320 418 449 473 magni
471 418 622 458 animi5
651 416 724 466 sit,
766 416 973 467 invictum3
1014 416 1076 469 qui
1102 415 1270 456 invictus
1291 416 1364 464 sit,
1406 430 1492 456 eum
1516 430 1580 456 res
1606 417 1793 456 humanas

237 492 438 548 despicere
461 498 576 544 atque
599 491 700 530 infra
723 503 767 530 se
790 489 933 544 positas
955 489 1149 529 arbitrari.
1196 487 1410 543 Despieere
1436 496 1565 529 autem
1588 503 1701 529 nemo
1727 503 1793 543 po-

237 573 314 607 test
337 579 405 606 eas
423 578 509 615 res,
544 571 701 619 propter
721 577 817 617 quas
839 562 1083 616 aegritudine
1105 561 1198 602 affici
1228 568 1368 616 potest.
1428 560 1494 602 Ex
1516 576 1591 616 quo
1612 562 1791 611 efficitur,

239 640 378 679 fortem
408 638 534 678 virum
567 635 807 690 aegritudine
839 650 1031 689 nunquam
1070 635 1183 674 affici.
1246 632 1394 675 Omnes
1431 642 1559 674 autem
1595 635 1794 689 sapientes

446 709 539 750 Non
563 710 663 749 cadit
683 709 801 763 igitur
821 709 859 748 in
883 709 1096 762 sapientem
1119 707 1338 761 aegritudo.
1400 707 1453 747 Et
1476 708 1795 762 quemadmodum

240 714 377 752 fortes.

239 785 372 825 oculus
399 783 651 824 conturbatus
675 797 750 822 non
775 788 834 822 est
857 781 976 836 probe
1002 782 1163 821 affectus
1185 781 1230 821 ad
1253 795 1364 821 suum
1382 795 1519 821 munus
1544 781 1792 834 fungendum,

240 866 279 898 et
301 857 473 911 reliquae
502 863 631 910 partes
663 863 834 896 totumve
863 868 1003 908 eorpus
1019 886 1030 905 ‚
1064 861 1166 894 statu
1186 868 1302 908 quum
1327 860 1387 894 est
1406 861 1574 903 motum,
1608 855 1717 894 deest
1739 856 1794 893 01·-

240 931 324 970 ficio
347 944 417 970 suo
449 936 487 973 et
513 928 687 977 muneri:
729 928 785 968 sie
813 927 1066 968 conturbatus
1095 927 1247 967 animus
1278 941 1353 966 non
1377 934 1437 966 est
1458 933 1570 980 aptus
1596 927 1643 967 ad
1679 941 1793 967 exse-

325 1052 347 1086 4
373 1053 427 1085 Sic
452 1052 489 1083 R.
506 1052 539 1084 P.
564 1051 651 1082 Gud.
671 1050 699 1082 1.
725 1053 804 1092 Aug.
822 1050 948 1092 aliquot
973 1051 1052 1080 Oxx.
1076 1055 1109 1080 et
1130 1049 1205 1080 add.
1227 1054 1309 1080 vett.
1339 1049 1409 1080 fere
1431 1059 1562 1085 omues3
1593 1050 1648 1080 Or.
1672 1060 1699 1079 c.
1724 1048 1794 1079 aliis

239 1099 336 1131 codd.
359 1100 453 1129 cadit.
501 1097 540 1127 V.
562 1095 603 1126 ad
624 1096 652 1137 gi.
669 1094 717 1126 15.
741 1101 822 1127 extr.
870 1095 890 1126 5
917 1096 951 1125 In
975 1095 1010 1125 R.
1029 1095 1064 1125 P.
1084 1093 1168 1124 Gnd.
1186 1093 1213 1125 1.
1239 1093 1345 1125 Rehd.
1375 1093 1474 1125 duob.
1499 1093 1578 1124 Pall.
1603 1093 1794 1125 exciderunt

237 1147 291 1185 qui
319 1145 428 1183 magni
455 1143 554 1172 animi
575 1140 617 1171 ob
642 1146 749 1171 antec.
771 1140 903 1171 eundem
925 1148 987 1171 esse
1009 1141 1118 1179 maym'
1141 1140 1260 1178 animi5
1294 1139 1368 1170 Vat.
1392 1141 1444 1178 qui
1468 1142 1606 1170 autem
1627 1148 1668 1169 m.
1693 1148 1722 1169 a.
1743 1140 1794 1170 sit.

240 1221 354 1265 liptica
370 1217 494 1251 locutio
510 1220 536 1250 si
551 1220 677 1258 quando
694 1224 744 1249 est
759 1216 1000 1259 elegantissima

240 1275 274 1300 et
297 1263 479 1308 comparari
497 1269 608 1305 potest
633 1274 705 1294 curn
733 1261 999 1304 frequentissimo

239 1316 266 1345 si
284 1314 381 1352 forte,
415 1309 456 1339 de
477 1319 541 1351 quo
563 1307 753 1339 doctissime
774 1307 841 1349 agit
863 1309 1001 1339 Muretus

239 1359 278 1389 V.
298 1357 336 1387 L.
357 1355 449 1391 XVI,
470 1353 501 1386 9.
536 1353 575 1384 V.
592 1354 794 1384 Matthiaeum
816 1351 858 1383 ad
879 1362 925 1382 or.
948 1363 998 1394 pr.

239 1402 310 1434 Mil.
343 1400 405 1437 38,
433 1395 507 1430 104.
561 1399 701 1428 Klotzius
735 1402 905 1439 comparat
938 1399 1001 1427 sive

239 1448 317 1478 adeo
337 1445 444 1487 (verr.
467 1443 525 1474 III.
544 1439 599 1479 46,
620 1441 720 1482 110.)‚
745 1443 772 1472 si
789 1443 914 1481 quidem
934 1442 999 1483 (ap.

239 1492 324 1523 Mar.
349 1486 510 1519 Victorin.
537 1497 649 1528 expos.
674 1486 708 1517 iu
732 1485 856 1518 rhetor.
884 1485 950 1519 Cic.
976 1487 1000 1517 I.

238 1548 259 1579 p
308 1536 337 1623 §l
353 1579 403 1610 15.
428 1587 477 1608 res
493 1577 648 1608 humanas
663 1575 830 1617 despicere]
858 1574 899 1606 de
911 1577 1001 1606 Orat.

240 1626 282 1657 Η.
295 1622 350 1661 831»,
364 1620 449 1656 δί’-’ἒς
475 1621 642 1663 Sapientia
665 1627 697 1651 et
713 1619 906 1661 magnitudo
927 1620 1000 1651 ani-

241 1669 306 1706 mi,
339 1679 401 1711 qua
426 1677 539 1698 omnes
564 1677 614 1697 res
638 1666 800 1697 humanae
824 1671 1002 1696 cernuntur

241 1721 357 1745 tenues
389 1718 423 1743 et
452 1721 510 1751 pro
544 1713 639 1742 nihilo
671 1713 844 1749 putantur:
879 1709 934 1740 ubi
969 1721 999 1740 v.

240 1761 415 1791 Pearcium.
429 1755 470 1786 de
484 1756 586 1797 Legg.
609 1755 700 1793 1.23‚
722 1754 784 1786 62:
812 1766 908 1797 quam
930 1764 1001 1786 con-

239 1806 367 1841 temnet,
400 1811 496 1843 quam
517 1802 681 1839 despiciet,
706 1810 803 1841 quam
824 1810 881 1839 pro
905 1801 1001 1830 nihilo

235 1849 359 1888 putabit
382 1857 439 1884 ea,
465 1855 547 1887 quae
569 1843 667 1886 vulgo
687 1843 840 1875 dicuntur
862 1843 998 1885 amplis-

238 1891 342 1924 sima?
376 1910 419 1916 —
467 1888 515 1920 Ibi
545 1887 750 1920 observanda
776 1894 825 1919 est
848 1887 999 1930 gradatio

239 1936 423 1968 verborum.
459 1936 654 1967 Contemnere
667 1932 753 1965 enim
767 1932 922 1965 dicuntur
936 1944 998 1972 res,

238 1993 318 2024 quas
336 1980 449 2011 inanes
473 1985 571 2021 atque
590 1978 678 2009 leves
697 1989 768 2009 esse
790 1977 998 2015 existimant3

237 2028 390 2066 despicere
410 2035 473 2063 res,
499 2034 576 2065 quas
597 2023 685 2054 infra
707 2034 751 2060 se,
777 2022 865 2054 infra
887 2022 999 2064 digui-

237 2077 342 2101 tatem
366 2079 457 2099 suam
479 2067 605 2110 positas
630 2067 851 2105 arbitrantur3
874 2077 932 2107 pro
950 2069 999 2099 ni-

239 2116 300 2146 hilo
320 2116 432 2154 putare
455 2123 526 2150 res,
552 2123 630 2153 quas
656 2110 773 2142 nullius
799 2111 897 2152 plane
920 2123 997 2142 mo-

238 2157 342 2190 menti
374 2156 508 2188 ducunt.
624 2157 766 2188 Ochsner.
797 2155 867 2186 Ecl.
894 2156 996 2188 Cicer.

237 2214 258 2247 p
304 2248 347 2278 ad
367 2256 457 2278 suum
475 2255 588 2277 munus
603 2243 808 2286 fungendum]
834 2245 873 2275 V.
888 2255 947 2275 nos
964 2244 996 2275 in

238 2291 295 2323 Gr.
310 2292 350 2322 L.
374 2292 402 2333 §.
418 2290 489 2322 131.
512 2290 592 2321 Not.
603 2288 634 2321 9.
673 2291 817 2321 Ochsner.
840 2289 908 2320 Ecl.
928 2289 994 2320 Cic.

237 2348 270 2379 p.
291 2334 344 2368 62.
391 2335 548 2369 Bremium
573 2334 615 2365 ad
638 2334 723 2376 Nep.
749 2334 877 2364 Datam.
906 2335 939 2371 I,
964 2332 995 2365 4.

303 2381 471 2420 Nunquam
493 2381 589 2419 i9ilur
612 2378 669 2421 est]
694 2380 783 2410 Beier
807 2379 849 2411 ad
861 2378 957 2410 offic.
975 2379 997 2410 I.

239 2423 302 2466 19,
325 2423 380 2457 64.
404 2436 436 2466 p.
453 2424 524 2456 151.
551 2435 577 2455 c.
604 2422 714 2455 multis
737 2422 811 2455 edd.
837 2430 917 2455 vett.
942 2423 995 2454 in-

237 2478 332 2500 verso
364 2468 480 2499 ordine
513 2469 622 2510 legere
646 2468 734 2499 vult:
771 2478 932 2508 nunquam
955 2472 997 2499 est

237 2515 350 2553 iyitur:
374 2512 462 2554 quod
478 2519 567 2544 certe
587 2513 663 2549 h.l.‚
684 2519 719 2543 ut
737 2512 770 2544 in
792 2512 996 2544 concluden-

238 2556 273 2588 di
304 2556 464 2595 formula,
501 2569 567 2589 non
599 2557 718 2600 placet.
765 2557 816 2588 Ad
849 2557 996 2589 futurum

237 2602 383 2640 vacabit,
420 2601 508 2642 quod
530 2601 563 2632 in
599 2601 832 2633 consecutione
856 2608 890 2633 et
913 2614 996 2634 con-

239 2644 384 2678 clusione
404 2644 483 2686 poni
506 2645 610 2682 solet,
648 2646 691 2677 cf.
715 2645 802 2678 infra
825 2658 852 2678 c.
874 2647 904 2685 8,
935 2646 994 2680 18:

238 2696 271 2722 et
293 2695 371 2721 sunt
391 2688 447 2721 illa
468 2689 643 2731 sapientis:
669 2692 766 2722 aberit
785 2694 880 2731 igitur
900 2703 918 2723 a
939 2703 996 2723 sa-

238 2734 351 2777 piente
375 2733 558 2777 aegritudo.
607 2737 635 2775 35.
662 2734 719 2766 19:
756 2746 818 2776 qua
841 2736 996 2778 quoniam

236 2785 342 2818 vacat,
357 2777 562 2820 aegritudine
583 2777 679 2809 etiam
700 2779 840 2810 vacabit.
865 2782 904 2812 V.
920 2783 996 2813 Goe-

235 2833 319 2856 renz.
343 2822 383 2855 ad
409 2822 481 2854 Fin.
505 2823 564 2854 III.
589 2821 630 2860 8,
652 2824 706 2854 25.
732 2834 763 2864 p.
786 2822 861 2856 346.
887 2825 941 2867 qui
967 2837 994 2857 c.

236 2868 276 2906 8,
300 2866 351 2901 19.
376 2878 394 2898 e
419 2866 546 2899 duobus
569 2866 634 2897 suis
659 2866 755 2898 codd.
777 2874 867 2899 recte
889 2869 992 2900 corri-

235 2912 380 2955 gendum
405 2917 532 2944 censet:
559 2922 722 2954 nunquam
744 2910 843 2952 igitur
864 2913 994 2955 sapiens

235 2959 385 2990 irascetur
408 2958 482 3002 (pro
504 2956 676 2998 irascitur).

1103 1216 1181 1247 CAP.
1202 1217 1292 1248 VIII.
1329 1218 1356 1260 §.
1383 1215 1433 1249 16.
1470 1219 1522 1256 qui
1543 1218 1581 1248 sit
1607 1216 1793 1259 temperans]

1035 1262 1110 1293 Huc
1134 1261 1310 1293 referenda
1333 1268 1408 1292 sunt
1432 1261 1553 1300 verba,
1589 1272 1671 1303 quae
1696 1262 1724 1303 (i.
1744 1261 1794 1293 lb.

1036 1306 1166 1338 demum
1196 1312 1394 1349 sequuntur:
1438 1316 1506 1338 eum
1528 1315 1646 1338 necesse
1669 1310 1711 1337 est
1734 1315 1796 1337 esse

1035 1356 1232 1383 constantem.
1282 1352 1370 1383 Tota
1391 1351 1498 1382 oratio
1520 1350 1659 1382 maxime
1687 1350 1795 1393 impe-

1036 1395 1105 1427 dita
1127 1402 1175 1427 est
1199 1402 1298 1438 atque
1322 1395 1500 1437 implicata,
1527 1407 1625 1438 quum
1645 1407 1712 1426 non
1736 1406 1795 1426 so-

1036 1440 1102 1472 lum
1139 1440 1321 1483 complures
1350 1440 1617 1482 interpositiones
1647 1439 1733 1471 inter
1761 1451 1795 1470 se

1037 1485 1211 1528 excipiant,
1234 1485 1293 1516 sed
1313 1484 1411 1516 etiam
1431 1484 1508 1527 ipsis
1528 1484 1796 1526 interpositioni-

1036 1530 1095 1561 bus
1118 1530 1200 1561 aliae
1220 1529 1363 1561 insertae
1383 1529 1460 1561 sint.
1506 1531 1544 1560 V.
1561 1529 1603 1560 ad
1626 1531 1647 1560 I.
1673 1530 1724 1566 13,
1739 1530 1793 1561 30.

1037 1582 1070 1606 et
1091 1576 1129 1607 11.
1154 1577 1182 1613 1,
1204 1574 1236 1607 3.
1287 1575 1439 1606 Caussam
1457 1573 1550 1605 huius
1569 1570 1793 1607 ἇνακολούὲου

1037 1619 1195 1651 orationis
1237 1621 1370 1651 Orellius
1412 1618 1580 1650 verissime
1622 1618 1744 1660 repetit
1776 1629 1794 1649 a

1035 1675 1160 1695 summa
1176 1663 1342 1695 Ciceronis
1362 1663 1395 1694 in
1415 1663 1576 1695 vertendo
1591 1663 1717 1694 Graeco
1732 1674 1795 1694 vo·-

1038 1709 1154 1740 cabulo
1181 1707 1401 1751 σωφροσύνης
1424 1708 1632 1740 dubitatione
1663 1720 1702 1740 ac
1729 1707 1794 1739 ssu-

1036 1754 1203 1786 ctuatione
1238 1753 1507 1796 demonstratque
1551 1764 1623 1784 eam
1665 1752 1796 1795 egregie

1035 1810 1194 1841 apparere
1225 1798 1259 1829 in
1282 1798 1344 1830 hac
1373 1798 1443 1839 ipsa
1466 1798 1616 1829 turbatae
1640 1797 1796 1830 orationis

1035 1842 1309 1875 conformatione.
1359 1844 1409 1873 De
1441 1854 1471 1874 v.
1500 1852 1626 1883 eamque
1650 1853 1711 1885 pro
1736 1853 1795 1874 cu-

1033 1891 1140 1929 iusque
1164 1888 1253 1920 dicto
1278 1900 1307 1919 v.
1333 1887 1376 1919 ad
1400 1888 1439 1919 V.
1463 1887 1502 1926 3,
1527 1890 1558 1919 ὅ.

1101 1935 1187 1965 haud
1220 1936 1281 1965 scio
1316 1943 1358 1965 an
1385 1932 1478 1975 recte]
1515 1932 1557 1963 H.
1584 1943 1613 1963 e.
1640 1932 1794 1963 Fortasse

1035 1989 1132 2020 quam
1156 1977 1311 2008 virtutem
1335 1977 1452 2008 Graeci
1491 1973 1708 2019 σωφροσύνην
1731 1986 1793 2007 vo-

1035 2030 1128 2060 cant,
1157 2022 1274 2053 Latine
1298 2024 1465 2063 fruyalitas
1489 2022 1608 2053 rectius
1633 2019 1792 2063 appellari

1033 2067 1159 2109 possit;
1186 2078 1370 2110 quanquam
1396 2066 1514 2099 Graeci
1538 2065 1662 2097 nomini
1684 2068 1794 2106 fruga-

1033 2114 1129 2144 litatis
1151 2111 1255 2142 multo
1278 2112 1498 2153 angustiorem
1518 2111 1664 2142 tribuunt
1679 2110 1793 2141 notio—

1034 2167 1130 2186 nem:
1165 2167 1239 2187 narn
1264 2167 1344 2198 quos
1369 2168 1427 2187 nos
1450 2156 1605 2186 latissima
1628 2155 1793 2198 significa-

1032 2200 1124 2232 tione
1146 2200 1348 2242 appellamus
1369 2202 1453 2240 fru9i
1474 2200 1633 2238 homines,
1659 2199 1793 2231 eosdem

1033 2251 1170 2287 angusta
1194 2244 1433 2286 significatione
1458 2244 1570 2275 dicunt
1594 2243 1792 2287 χρησίμους,

1032 2289 1052 2320 i.
1067 2301 1095 2320 e.
1117 2289 1224 2321 utiles.
1253 2293 1292 2320 At
1305 2288 1392 2331 apud
1408 2300 1465 2319 nos
1488 2300 1607 2319 nomen
1625 2290 1792 2328 frugalita-

1032 2336 1071 2366 tis
1092 2334 1249 2365 latissime
1273 2340 1389 2376 patens
1415 2333 1645 2376 complectitur
1662 2343 1790 2364 omnem

1032 2378 1273 2416 abstinentiam,
1300 2389 1430 2410 omnem
1449 2378 1672 2410 innocentiam
1689 2383 1722 2408 et
1736 2388 1792 2408 re·-

1032 2423 1135 2466 quuas
1159 2424 1306 2455 virtutes.
1330 2442 1374 2447 —
1400 2423 1552 2455 Formuia
1574 2429 1683 2454 autem
1706 2423 1793 2454 haud

1031 2471 1092 2500 scio
1116 2478 1157 2500 an
1192 2479 1252 2511 pro
1277 2472 1378 2508 certo,
1416 2470 1479 2500 sine
1504 2470 1616 2507 dubio,
1648 2477 1708 2498 non
1732 2468 1790 2498 du-

1031 2515 1090 2544 bito
1111 2515 1185 2553 quin
1203 2513 1258 2553 (cf,
1271 2512 1357 2544 infra
1372 2514 1428 2544 III.
1441 2512 1493 2549 23,
1506 2514 1564 2543 55:
1592 2513 1678 2543 haud
1693 2513 1791 2542 sciam

1032 2568 1073 2589 an
1103 2557 1311 2599 plurimum),
1346 2556 1433 2599 apud
1468 2556 1658 2587 Ciceronem
1691 2555 1790 2596 longe

1032 2602 1318 2645 frequentissima,
1353 2601 1481 2632 fluxisse
1506 2600 1634 2631 videtur
1668 2610 1707 2630 ex
1732 2610 1789 2630 ea-

1032 2647 1106 2678 dem
1131 2653 1279 2678 veterum
1303 2645 1507 2686 urbanitate,
1547 2656 1564 2675 e
1595 2655 1658 2686 qua
1690 2643 1790 2675 etiam

1031 2691 1115 2723 aliae
1138 2691 1260 2723 multae
1293 2690 1464 2733 profectae
1488 2695 1564 2720 sunt
1593 2688 1789 2727 locutiones,

1031 2742 1067 2768 ut
1089 2738 1171 2775 vide,
1194 2745 1231 2768 ne
1258 2736 1301 2778 (v.
1325 2734 1367 2766 ad
1390 2735 1412 2765 I.
1436 2731 1489 2772 34,
1509 2733 1590 2773 δᾶ),
1615 2743 1699 2776 quae
1719 2745 1789 2765 rem

1032 2780 1245 2813 certissimam
1277 2778 1467 2810 dubitanter
1497 2784 1699 2820 proponunt.
1747 2779 1788 2811 11.

1033 2825 1083 2865 17,
1106 2824 1159 2857 41.
1182 2831 1216 2856 et
1235 2825 1321 2856 haud
1344 2825 1418 2863 scio,
1442 2832 1483 2854 an
1503 2824 1548 2853 ita
1570 2825 1620 2862 sit,
1645 2829 1681 2854 ut
1703 2833 1789 2854 nuno

1030 2869 1077 2902 fit.
1112 2869 1237 2901 Nostro
1258 2868 1333 2899 loco
1356 2867 1503 2909 geminus
1524 2866 1642 2909 legitur
1661 2866 1733 2898 Fin.
1746 2867 1786 2899 V.

1029 2914 1061 2952 3,
1082 2914 1121 2946 7:
1148 2912 1353 2950 Aristoteles,
1379 2923 1487 2954 quem,
1512 2918 1652 2953 excepto
1672 2911 1786 2944 Plato-

1029 2969 1088 2996 ne,
1123 2959 1209 2990 haud
1238 2959 1300 2989 scio
1323 2966 1365 2988 an
1397 2960 1476 2989 recte
1500 2955 1637 2988 dixerim
1663 2955 1784 2999 princi—
