1863 3221
257 111 307 154 12
859 121 1160 154 PROLEGOMEN
1168 124 1202 154 A.

367 203 449 255 (El.
475 206 589 242 Ball.
616 207 722 242 Pelr.
751 201 885 254 Cant.)
909 204 1005 240 Tres
1032 204 1237 246 Elim-mv,
1268 205 1550 248 Balliolenm's,
1589 206 1803 247 ‘Pell-ensis)

260 271 641 323 Pantabriglensis,
674 285 773 321 quos
804 269 986 307 adhibuit
1019 270 1213 307 Davisius.

367 338 599 389 (Gotlzcfiu,
642 338 780 382 Verh„
817 337 878 381 C,
911 339 1043 375 Herm.
1071 337 1097 374 l.
1121 346 1156 374 et
1179 336 1249 390 ll.)
1288 339 1516 389 scripturae
1546 339 1802 387 Gotlzofi·eclc'.

262 405 506 457 Verbmgc'c',
545 405 792 448 antandri,
825 406 1135 455 Herwagianae
1166 405 1223 443 ed.
1250 406 1280 442 I.
1308 413 1342 442 et
1367 406 1422 443 ll.

367 473 485 518 Quod
511 474 551 510 in
579 473 665 509 aliis
693 479 871 510 veterum
897 471 1138 522 scriptorum
1169 472 1279 509 libris
1303 473 1447 509 sactum
1470 480 1543 521 est,
1583 480 1628 510 ut
1653 474 1806 510 codices

252 540 300 576 ad
322 546 445 576 certas
469 540 654 589 quasdam
674 540 790 589 ‘quasi
820 539 979 576 familias
1013 539 1186 576 ordinati
1207 539 1304 587 sint,
1341 539 1382 576 id
1410 540 1450 576 in
1474 540 1705 577 Tusculanis
1734 553 1806 577 ne-

251 619 326 655 que
353 606 485 644 adhuc
510 608 655 645 sactum
684 614 740 644 est
766 608 813 644 ab
840 607 922 644 ullo
948 606 1118 654 editore,
1158 620 1284 657 neque
1308 607 1465 643 omnino
1491 607 1575 643 lieri
1601 607 1807 658 poteriff).

250 673 390 711 Nullus
410 675 534 711 codex
559 675 615 712 ita
636 681 883 725 comparatus
907 681 975 721 est,
1007 681 1052 711 ut
1069 674 1328 725 archetypum
1351 674 1586 711 iudicandus
1610 674 1805 711 videatur.

251 741 362 786 Quos
385 743 580 779 communi
599 743 805 779 meliorum
829 741 1008 778 codicum
1033 742 1188 778 nomine
1209 742 1403 793 complexi
1427 756 1580 790 sumus,
1613 742 1684 778 etsi
1709 756 1805 779 nor-

250 821 350 845 mam
376 810 569 859 quandam
588 810 800 859 praebent,
833 821 946 857 quani
965 809 1005 844 in
1028 809 1302 846 colistituenda
1322 809 1465 846 horum
1489 810 1683 846 librorum
1705 809 1804 846 scri—

248 883 369 926 ptura
388 891 615 926 sequamur,
655 883 782 913 tamen
810 890 888 912 non
914 876 1051 925 paucis
1074 876 1169 913 loeis
1192 878 1309 927 magis
1337 877 1519 926 corrupti
1543 882 1653 924 sunt,
1693 889 1807 925 quam

249 957 347 992 quos
367 945 649 995 appellavimus
668 944 885 981 deteriores
907 943 1071 981 codices.
1118 945 1277 981 Praeter
1295 944 1463 994 scriptos
1483 944 1605 980 libros
1627 956 1808 994 magnum

247 1023 359 1061 saepe
383 1012 523 1050 critico
548 1019 730 1063 paratum
760 1017 815 1048 est
839 1011 1077 1062 praesidium
1106 1011 1147 1047 in
1178 1011 1416 1048 editionibus
1449 1011 1664 1058 veteribus,
1707 1023 1808 1060 quae

248 1091 267 1114 e
294 1079 497 1116 codicibus
522 1079 678 1129 scriptis
704 1079 920 1115 fluxerunt.
985 1079 1118 1124 Quare
1142 1093 1222 1116 non
1254 1078 1423 1115 alienum
1445 1078 1538 1126 erit,
1570 1092 1701 1116 earum
1728 1092 1805 1128 po-

246 1145 369 1182 tiores
400 1145 465 1183 hic
496 1159 809 1183 commemorare.

359 1211 451 1265 (H.)
482 1214 650 1250 Collatio
674 1211 861 1249 editionis
888 1213 1020 1248 Ulrica‘
1042 1213 1168 1249 Iialm
1193 1212 1241 1249 (le
1261 1215 1430 1250 Vienna.
1466 1214 1604 1249 Romae
1627 1226 1661 1248 a.
1685 1215 1806 1250 1469.

246 1280 425 1328 „Desinit
449 1281 607 1318 collatio
636 1281 675 1316 in
705 1280 809 1316 libro
832 1278 1018 1316 secundo.
1077 1280 1203 1316 Habet
1232 1279 1420 1328 quaedam
1449 1279 1708 1330 singularia,“
1746 1279 1804 1316 uti

246 1346 398 1384 iudicat
429 1349 558 1385 Moser
591 1347 676 1383 Vol.
700 1347 726 1383 l.
747 1360 786 1396 p.
809 1347 915 1382 XIX.

363 1414 444 1467 (P.)
474 1416 650 1465 impress.
676 1414 846 1451 Venetiis
865 1427 936 1464 per
957 1412 1182 1464 philippum
1205 1413 1401 1462 quondam
1423 1413 1527 1463 petri
1547 1427 1580 1450 a.
1604 1413 1807 1451 1480.fol.

247 1480 334 1533 (Ed.
358 1479 724 1535 praestantissima.)

361 1548 449 1602 (A.)
479 1551 615 1588 Venet.
643 1552 764 1587 1481.
786 1547 854 1585 fol.
914 1545 1022 1598 (Sine
1048 1547 1291 1598 typographi
1322 1548 1496 1597 nomine,
1533 1548 1806 1599 „praecedenti

246 1631 327 1654 non
359 1624 417 1655 est
446 1616 786 1668 aequiparanda,“
815 1613 902 1666 Or.)

361 1683 446 1736 (B.)
492 1683 766 1721 Commentarii
792 1682 1055 1729 Questionum
1079 1682 1257 1730 Tuscul„
1299 1682 1393 1719 editi
1426 1697 1447 1719 a
1469 1682 1570 1719 Phil.
1603 1682 1805 1729 Beroaldo,

244 1751 401 1788 Bonon.
429 1755 548 1790 1496.
569 1751 635 1788 fol.
696 1749 949 1801 („Conspirat
979 1750 1019 1785 in
1051 1749 1251 1799 plerisque
1282 1763 1369 1787 cum
1402 1751 1470 1786 A.“
1503 1748 1585 1801 Or.)

361 1817 440 1870 (S.)
470 1820 522 1856 M.
547 1820 589 1855 T.
616 1820 654 1855 C.
677 1817 836 1854 Tuscul.
867 1823 993 1866 quast.
1026 1816 1136 1852 Libri
1165 1816 1301 1866 quinq.
1329 1819 1534 1867 Argentor.
1563 1817 1604 1853 in
1640 1817 1801 1854 aedibus

246 1886 417 1923 Mathiae
443 1885 670 1933 Schurerii‚
701 1888 822 1922 1511.
848 1886 885 1922 4.
943 1881 1164 1934 (Consentit
1187 1884 1418 1934 plerumque
1443 1897 1528 1920 cum
1555 1884 1597 1920 A.
1619 1891 1656 1921 et
1674 1883 1735 1935 Β.)

360 1951 446 2006 (Ε.)
479 1953 549 1991 Ed.
575 1952 743 1999 Erasmi,
785 1951 901 1988 Basil.
929 1950 966 1988 in
989 1951 1072 1988 aed.
1096 1950 1180 1988 Val.
1209 1951 1407 1988 Curionis.
1438 1956 1558 1989 1525.
1581 1955 1619 1989 8.
1678 1950 1801 2002 (Con-⁷

247 2021 367 2058 sentit
397 2021 629 2070 plerumque
660 2033 746 2056 cum
777 2016 833 2068 S.)

361 2086 443 2139 (C.)
470 2086 751 2132 Cratandrina,
782 2085 897 2122 Basil.
924 2087 1045 2123 1528.
1103 2086 1230 2122 Bonas
1251 2086 1472 2137 scripturas
1491 2086 1612 2124 habet
1635 2088 1674 2124 in
1696 2101 1800 2125 mar—

244 2155 333 2205 gine
364 2153 416 2205 (m
447 2154 518 2205 C.).

359 2221 450 2273 (V.)
484 2222 729 2270 Victoriana,
761 2222 898 2258 Venet.
933 2223 1053 2259 1557.
1111 2220 1196 2268 (Ed.
1229 2220 1407 2272 optima.)

358 2287 454 2343 (M.)
485 2289 733 2336 Manutiana,
769 2290 903 2326 Venet.
937 2293 1058 2326 1555.

358 2355 445 2409 (L.)
478 2357 747 2402 Lambiniana,
778 2356 900 2392 Paris.
936 2359 1056 2393 1566.
1117 2355 1202 2405 (Ed.
1231 2355 1410 2405 optima.)

358 2424 480 2475 (Ptol).
512 2423 662 2474 δίψά.)
693 2423 855 2461 Roberti
885 2422 1093 2472 Stephani,
1133 2422 1255 2459 Paris.
1290 2426 1411 2460 1559.
1438 2421 1505 2460 fol.
1564 2424 1704 2461 Insunt
1730 2439 1797 2461 cn-

247 2491 473 2541 stigationes
506 2491 689 2529 Victorii.

360 2556 473 2608 (Car.
506 2558 656 2609 Steplz.)
688 2558 817 2595 Caroli
848 2556 1057 2608 Stephani,
1086 2557 1209 2593 Paris.
1247 2560 1364 2595 1554.
1397 2557 1461 2594 sol.

361 2622 525 2675 (Geblz.)
557 2624 756 2661 Gebhardi
787 2639 882 2662 cura
913 2625 955 2662 in
986 2624 1046 2661 ed.
1080 2624 1320 2661 Gruteriana
1355 2627 1473 2661 1692.

361 2690 453 2744 (D.)
499 2691 664 2738 Davisii,
706 2692 765 2728 ed.
798 2693 823 2728 l.
857 2690 975 2743 (Da.)
1011 2691 1234 2742 Cantabrig.
1268 2695 1387 2730 1709.
1419 2694 1478 2738 8.3
1520 2691 1580 2727 ed.
1612 2691 1654 2728 ll.
1686 2690 1800 2744 (Db.)

252 2763 375 2808 1725,
407 2759 467 2796 ed.
499 2760 558 2796 Ill.
589 2757 700 2810 (Dr.)
734 2762 854 2797 1750.

340 2847 369 2889 *)
397 2847 433 2877 R.
455 2847 488 2877 P.
515 2845 600 2877 Gud.
625 2847 649 2876 1.
671 2844 702 2877 ⁴2.
732 2847 770 2876 ΙΙ.
798 2845 900 2876 Rehd.
934 2846 1031 2877 Vind.
1052 2846 1083 2879 ⁴2.
1108 2847 1173 2877 Pal.
1202 2847 1226 2877 1.
1253 2843 1283 2876 3.
1307 2846 1337 2875 4.
1364 2844 1394 2875 ξ’).
1418 2855 1455 2874 ex
1481 2844 1598 2876 eodem
1622 2845 1716 2876 fonte
1737 2845 1799 2876 ssu—

249 2892 354 2930 xisse,
389 2890 570 2923 luculenter
592 2897 729 2933 apparet
752 2902 789 2921 ex
815 2891 898 2921 miro
920 2891 1062 2932 quodam
1083 2902 1211 2928 errore,
1247 2888 1302 2931 qui
1328 2890 1351 2919 l.
1375 2887 1430 2928 40,
1454 2887 1509 2920 95.
1534 2901 1590 2921 eos
1609 2900 1689 2932 quos
1712 2890 1799 2921 dixi-

249 2947 318 2967 mus
344 2936 474 2968 codices
497 2935 682 2978 occupavit.
730 2937 768 2966 V.
793 2947 851 2967 nos
874 2935 906 2966 iu
927 2936 1002 2967 Var.
1025 2936 1144 2978 Script.
1164 2935 1206 2967 ad
1225 2934 1255 2966 h.
1280 2933 1300 2964 l.
1338 2933 1388 2965 Cf.
1409 2934 1699 2976 transpositionem
1722 2947 1799 2967 ver-

248 2980 365 3013 borum
390 2981 421 3012 in
444 2982 483 3014 V.
507 2983 574 3012 Scr.
599 2980 641 3012 ad
665 2981 719 3013 IV.
743 2979 784 3019 2,
810 2978 842 3012 4.
