1832 3137
630 64 795 97 LIBER

37 145 95 186 his
117 141 289 184 tenebris
311 143 349 182 in
372 142 496 182 lucem
520 141 622 183 illam
645 142 880 184 excesserit.

1524 57 1602 98 199

941 142 983 183 N
986 156 1030 184 ec
1049 149 1178 184 tamen
1197 144 1260 184 illa
1282 144 1407 185 vincla
1428 146 1597 187 carceris

825 65 846 95 t.
871 63 935 104 31,
961 63 1015 97 75.

34 216 205 272 ruperit,
241 216 368 269 (leges
389 215 491 256 enim
513 215 693 270 vetant3)
723 216 791 257 sed
816 223 998 270 tanquam
1020 230 1043 257 a
1064 217 1295 271 magistratu
1319 225 1383 258 aut
1403 218 1449 258 ab
1471 219 1598 273 aliqua

31 296 224 346 potestate
249 288 442 342 legitima,
487 289 542 330 sic
568 303 589 330 a
615 289 688 330 deo
711 295 899 329 evocatus
925 296 1039 343 atque
1069 290 1234 331 emissus
1261 290 1419 332 exierit.

1487 291 1598 334 Tota

31 363 134 403 enim
152 362 509 416 philosophorum
530 364 621 403 'rita
632 394 647 413 ,
679 368 722 402 ut
745 361 798 402 ait
822 361 949 413 idem,
983 365 1280 405 commentatio
1305 367 1457 423 mostis
1479 371 1554 407 est.

144 433 311 476 XXXI.
357 442 426 477 75.
462 435 566 476 Nam
590 435 677 490 quid
703 434 804 475 alind
828 435 1000 488 agimus,
1035 451 1149 490 quum
1174 451 1195 478 a
1214 438 1427 493 voluptate,
1461 439 1498 479 id
1517 447 1593 491 est,

28 523 49 550 a
77 523 258 564 corpore,
292 524 406 563 quum
430 523 450 549 a
471 523 514 550 re
538 508 733 559 familiari,
767 521 865 562 quae
889 515 950 547 est
974 508 1151 550 ministra
1174 517 1212 550 et
1235 511 1378 552 famula
1399 514 1590 568 corporis,

29 597 145 637 quum
172 596 193 623 a
224 596 266 623 re
292 582 467 638 publica,
502 597 615 637 quum
641 596 664 623 a
686 581 843 636 negotio
870 581 974 621 omni
998 595 1230 623 sevocamus
1255 584 1451 625 animum?
1483 588 1590 641 quid,

28 717 123 749 Adde
145 719 286 758 Madvig.
310 720 429 761 Opusc.
453 729 501 749 ac.
525 717 584 748 alt.
607 728 640 760 p.
657 716 701 750 83
718 728 788 760 sqq.

93 773 184 802 saepe
207 764 326 803 multis]
361 765 461 802 Saepe
484 765 574 794 mulli
598 768 665 793 est:
699 762 793 793 multi

27 807 108 839 alius
131 806 196 838 alio
215 814 378 850 tempore.
421 807 462 838 de
478 807 579 838 Amic.
600 808 625 845 I,
645 805 683 838 2:
712 807 792 839 Cum

24 864 122 895 saepe
156 851 282 889 multa,
320 858 390 883 tum
422 851 557 883 memini
580 871 625 876 —
649 851 681 883 iu
718 864 791 883 eum

22 907 207 929 sermonem
231 896 322 928 illum
344 896 501 929 incidere.
550 897 588 928 V.
617 899 790 929 Gernhard.

22 942 63 974 ad
89 941 184 974 Offic.
219 943 244 973 I.
269 942 332 980 ¹22,
359 940 411 975 74.
460 944 558 974 Beier.
589 941 631 973 ad
657 942 720 972 Off.
747 943 788 975 Il.

21 986 62 1027 6,
87 988 141 1019 20.
170 998 204 1029 p.
219 985 272 1021 47.
322 987 377 1018 Sic
406 986 524 1018 Graeci
548 986 662 1018 dicunt
686 985 788 1020 πολλὰ

21 1029 191 1069 πολλάκις.

89 1098 148 1119 nae
171 1087 235 1130 ille]
263 1087 446 1118 observent
471 1087 612 1127 tirones,
639 1088 788 1130 particu-

21 1132 86 1163 lam
111 1132 342 1163 affirmativam
366 1143 425 1164 nae
459 1132 499 1163 ab
529 1144 646 1164 aureae
670 1133 787 1164 aetatis

20 1177 236 1219 scriptoribus
255 1189 326 1208 cum
347 1177 542 1219 pronomine
560 1177 648 1219 iungi
670 1177 787 1210 solere.

20 1222 112 1253 Infra
149 1234 179 1252 c.
201 1220 262 1258 42,
288 1222 349 1254 99:
387 1232 446 1253 nae
475 1232 540 1262 (390.
599 1224 652 1254 lll.
679 1221 719 1259 -1,
744 1226 784 1253 δι

20 1269 84 1298 Nae
108 1269 167 1298 isla
201 1266 344 1307 gloriosa
380 1266 541 1307 sapientia
576 1278 642 1297 non
667 1278 787 1308 magno

18 1310 221 1341 aestimanda
246 1316 306 1341 est.
342 1311 381 1341 V.
406 1313 567 1342 Forcellin.
587 1311 687 1342 Thes.
709 1312 785 1342 Lat.

16 1355 49 1387 h.
84 1367 114 1387 v.
175 1356 317 1394 Wolfium
353 1354 395 1386 ad
430 1355 460 1386 h.
488 1355 509 1387 l.
569 1357 784 1387 Ruddz'mann.

17 1401 97 1431 lnst.
123 1401 162 1431 L.
191 1401 227 1431 L.
255 1401 291 1430 ll.
318 1412 350 1442 p.
373 1402 448 1431 5512.
496 1402 633 1432 Kiihner.
664 1402 699 1431 L.
727 1401 785 1431 Gr.

16 1445 45 1487 ᾗ.
68 1444 149 1483 133,
174 1444 215 1482 2,
243 1444 281 1486 A)
308 1444 352 1482 a).
382 1463 421 1467 —
471 1447 688 1485 mediusfidius
711 1445 731 1476 i.
757 1457 784 1479 e.

16 1499 64 1521 me
85 1492 157 1521 dius
193 1489 225 1531 ti.
251 1501 277 1521 e.
305 1486 395 1529 Διός)
435 1491 529 1530 fidius
565 1489 597 1531 (i.
624 1502 652 1521 e.
679 1492 784 1530 filius;

17 1534 59 1566 cf.
96 1536 240 1566 dacrima
274 1545 336 1576 pro
373 1536 506 1566 lacrima
541 1534 628 1576 etc.)
678 1535 779 1567 iuvet.

15 1579 67 1610 Cf.
93 1581 132 1612 K.
156 1581 193 1610 L.
218 1580 395 1611 Schneider.
420 1580 495 1610 Lat.
522 1580 732 1612 Elementarl.
758 1582 780 1611 Ι.

15 1636 47 1667 p.
67 1622 133 1656 254
149 1635 196 1666 sq.

82 1682 140 1711 illa.
171 1681 275 1711 vincla
307 1679 452 1723 carceris]
488 1683 543 1712 illa
569 1687 658 1713 recte
683 1684 783 1713 Moser

15 1725 157 1768 explicat
181 1736 239 1762 ea,
275 1725 390 1767 quibus
425 1725 601 1757 adstrictus
634 1726 668 1758 in
703 1738 778 1758 cor-

13 1781 96 1813 pore
116 1776 257 1801 tenetur.
310 1771 372 1801 Pro
396 1773 530 1802 carceris
549 1773 705 1803 Bentleius
727 1771 780 1803 le-

11 1814 155 1857 gendum
191 1814 325 1846 coniicit
359 1818 517 1855 corporis,
553 1824 588 1847 ut
624 1817 730 1847 Divin.
759 1818 781 1854 l,

13 1859 76 1894 49:
102 1859 356 1902 disiunguntque
377 1872 411 1891 se
436 1872 454 1891 a
476 1860 637 1892 societate
659 1861 781 1899 divina,

9 1907 120 1946 vinclis
152 1907 288 1944 corporis
326 1904 488 1947 impediti.
548 1908 648 1937 Moser
688 1906 782 1937 addit

13 1949 103 1981 Lael.
126 1947 166 1987 4,
196 1952 251 1981 14:
278 1949 389 1980 evolet
410 1957 564 1992 tanquam
588 1962 606 1981 e
630 1950 779 1982 custodia

9 1997 176 2034 vinclisque
197 1996 341 2033 corporis.
389 1993 430 2025 de
452 1995 533 2036 Rep.
557 1996 612 2032 Vl,
642 1994 698 2027 14:
725 1996 779 2038 qui

10 2050 50 2070 ex
75 2049 237 2078 corporum
256 2041 384 2078 vinclis,
418 2046 573 2082 tanquam
598 2052 615 2071 e
635 2052 776 2078 carcere,

10 2083 236 2115 evolaverunt.
301 2083 531 2116 coniecturam
570 2085 660 2116 illam
698 2097 776 2116 sane

11 2140 107 2172 quam
133 2128 316 2170 elegantem
343 2140 431 2167 esse,
462 2129 532 2172 quis
558 2129 684 2172 neget?
733 2134 776 2162 At

11 2173 155 2206 omnium
190 2173 348 2204 librorum
384 2174 545 2217 scriptura
590 2174 774 2207 firmissimo

10 2218 96 2261 pede
118 2224 195 2257 stat,
222 2229 317 2260 quam
340 2221 440 2250 Moser
462 2220 573 2262 paucis
596 2220 646 2251 his
668 2220 774 2252 verbis

9 2263 133 2305 optime
147 2270 277 2294 tuetur:
303 2263 428 2296 Nostro
445 2264 521 2297 loco
536 2265 774 2309 breviloquen—

10 2307 58 2338 tia
81 2307 208 2339 Tullius
233 2307 352 2346 utitur,
389 2319 454 2340 non
478 2310 592 2352 peiore
618 2322 673 2349 ea,
711 2323 773 2354 qua

9 2351 72 2382 illis
96 2351 222 2382 duobus
245 2351 324 2382 locis
348 2364 421 2384 usus
441 2360 509 2392 est,
536 2355 641 2397 copia.
688 2358 773 2388 Men-

10 2398 80 2428 hius
113 2395 134 2426 l.
161 2395 192 2426 d.
241 2404 410 2438 comparat
445 2398 568 2430 Lucan.
598 2401 664 2438 VI,
692 2400 767 2433 721.

11 2440 151 2472 claustra
177 2440 325 2472 carceris.

75 2500 226 2536 tanquam
248 2506 268 2527 a
290 2500 475 2537 ma9islratu
497 2517 559 2537 —‚
588 2502 632 2531 sic
656 2510 676 2530 a
700 2501 769 2543 deo]

10 2541 99 2573 Infra
122 2542 162 2574 V.
182 2543 213 2581 5,
242 2541 304 2573 13.-
329 2546 479 2582 {anquam
501 2542 586 2574 levia
610 2544 770 2586 quaedam

9 2586 82 2618 vina
105 2585 185 2617 nihil
208 2585 320 2618 valent
343 2587 375 2617 in
402 2599 495 2630 aqua,
520 2591 564 2620 sic
584 2588 770 2620 Stoicorum

6 2631 69 2662 ista
93 2631 195 2673 magis
219 2638 369 2673 gustata,
407 2644 504 2675 quam
535 2640 650 2675 potata
674 2633 770 2664 dele—

9 2682 111 2708 ctant.
158 2675 230 2708 Sic:
267 2679 357 2716 quasi
381 2697 423 2702 —-
448 2681 510 2717 sic,
548 2685 582 2709 ut
614 2678 700 2709 iufra
729 2680 767 2709 V.

8 2722 40 2759 ὃ,
63 2722 95 2753 9.
143 2720 184 2752 de
207 2722 282 2752 Sen.
309 2721 357 2759 19,
381 2722 440 2755 71:
467 2723 521 2754 ubi
543 2735 573 2754 v.
598 2725 770 2755 Gernhard.

8 2777 41 2807 p.
70 2765 141 2797 135.
188 2766 227 2798 V.
262 2776 319 2797 nos
354 2766 387 2798 in
424 2768 480 2801 Gr.
505 2769 543 2799 L.
577 2770 604 2811 ᾗ.
635 2769 710 2805 155,
743 2770 767 2800 l.

8 2811 58 2841 De
82 2812 188 2850 aliqua
213 2822 241 2842 v¹
268 2811 310 2842 ad
336 2812 391 2844 111.
418 2811 478 2851 14,
503 2814 557 2846 29.

77 2868 139 2896 tota
163 2868 242 2897 enim
273 2869 524 2907 philosophorum
552 2871 638 2908 vila,
673 2873 705 2900 ut
729 2871 773 2900 ait

8 2911 89 2941 idem
103 2933 111 2948 ,
134 2915 347 2943 commentatio
369 2916 475 2945 mortis
493 2916 550 2955 est]
582 2913 771 2945 Sententiae

78 2963 123 2990 cil.
143 2968 260 2998 antarta.

828 716 875 748 sic
903 717 1098 748 cohaerent:
1135 717 1184 748 vir
1204 718 1352 761 sapiens,
1379 731 1396 750 a
1422 720 1485 752 deo
1509 733 1593 754 evo-

829 769 940 801 catus,
979 774 1017 794 ex
1052 762 1100 793 his
1133 763 1278 794 tenebris
1312 763 1345 794 in
1371 764 1479 797 lucem
1502 766 1593 798 illam

828 807 965 838 excedet
988 807 1098 838 animo
1121 807 1322 846 laetissim03
1358 821 1433 840 nam
1454 822 1514 853 per
1536 818 1594 843 to—

826 858 894 883 tam
917 852 1018 883 vitam
1040 852 1073 883 id
1097 853 1181 894 egit,
1210 860 1244 884 ut
1266 861 1453 886 secerneret
1475 867 1493 887 a
1516 867 1594 888 cor-

826 908 907 939 pore
924 897 1077 936 animum,
1100 897 1132 930 h.
1151 909 1178 929 e.
1202 898 1286 929 mori
1311 898 1462 931 disceret.
1501 903 1591 932 Com-

825 945 971 974 menlalio
1011 942 1145 985 proprie
1184 942 1304 974 dicitur
1342 943 1382 974 de
1424 951 1593 977 oratorum

824 987 1050 1019 meditatione.
1105 988 1146 1018 V.
1180 989 1303 1019 Schillz.
1330 989 1412 1020 Lex.
1439 990 1589 1022 Ciceron.

824 1032 855 1063 h.
878 1044 908 1063 V.
956 1033 1041 1063 Tum
1063 1043 1142 1063 vero
1166 1032 1208 1063 ad
1231 1033 1366 1064 aliarum
1389 1045 1518 1078 quoque
1534 1048 1592 1067 re-

824 1088 893 1107 rum
920 1076 1156 1118 cogitationem
1181 1089 1213 1108 v.
1238 1077 1490 1110 meditationem
1515 1087 1592 1112 ante

824 1121 1094 1152 exercitationem
1140 1121 1349 1153 transfertur.
1415 1124 1592 1166 Eleganter

823 1167 974 1197 Kernius:
1009 1168 1316 1207 Todesbetrachtnng.
1363 1167 1417 1199 Sic
1437 1168 1524 1201 infra
1549 1171 1589 1203 Jt.

825 1211 882 1248 10¹,
911 1213 971 1241 42:
1010 1210 1051 1241 de
1085 1211 1324 1242 exercitatione
1349 1219 1382 1243 et
1410 1221 1590 1245 consuetu—

824 1254 901 1285 dine
923 1261 955 1285 et
979 1258 1233 1287 commentatione
1259 1259 1316 1298 (sc.
1338 1257 1466 1289 ferendi
1489 1258 1590 1290 dolo—

822 1299 877 1339 ris)
904 1298 981 1330 dixi.
1031 1300 1081 1330 Cf.
1111 1302 1164 1330 lll.
1196 1301 1254 1337 16,
1279 1302 1340 1333 34:
1376 1307 1590 1336 commentatio

822 1343 971 1385 parendi.
1019 1345 1059 1375 lt.
1087 1345 1133 1382 18,
1157 1343 1210 1376 42.
1234 1356 1299 1375 non
1324 1345 1364 1376 de
1384 1348 1505 1386 animo,
1530 1349 1590 1380 sed

822 1388 863 1419 de
889 1399 1029 1430 corpore
1055 1389 1192 1423 dicitur.
1231 1396 1265 1420 ut
1301 1389 1341 1420 de
1368 1394 1422 1423 Or.
1449 1395 1505 1423 Ill.
1532 1395 1587 1432 2¹3,

820 1433 881 1465 δός
919 1433 1079 1476 Magister
1103 1434 1157 1465 hic
1180 1434 1373 1466 Samnitium
1402 1436 1434 1478 ti.
1459 1449 1485 1468 e.
1513 1438 1586 1480 gla-

821 1477 998 1520 diatorum)
1035 1490 1159 1510 summa
1184 1479 1248 1510 iam
1272 1487 1443 1512 senectute
1473 1489 1523 1514 est
1555 1490 1588 1514 et

819 1523 967 1565 quotidie
1005 1528 1254 1556 commentatur:
1294 1525 1348 1556 ubi
1383 1532 1492 1558 tamen
1529 1531 1588 1560 El—

819 1570 911 1599 lendt.
941 1569 1028 1610 (Vol.
1047 1570 1087 1600 ΙΙ.
1114 1581 1146 1611 p.
1163 1569 1253 1608 394.)
1289 1576 1378 1601 tecte
1408 1572 1586 1614 significari

817 1619 913 1655 putat
933 1613 1021 1655 leges
1045 1621 1077 1645 et
1096 1613 1257 1645 rationem
1278 1615 1356 1646 artis
1380 1628 1458 1648 suae
1478 1619 1586 1661 magi—

815 1664 919 1689 strum
943 1659 1163 1700 gladiatorum
1189 1658 1340 1698 dictatis,
1373 1673 1457 1704 quae
1482 1675 1586 1696 voca-

815 1703 946 1745 bantur,
972 1703 1133 1735 docuisse.
1181 1705 1240 1735 Est
1263 1706 1424 1737 Graecum
1447 1708 1584 1751 μελέτη,

816 1747 1000 1791 μελέτημα.
1059 1750 1100 1780 V.
1135 1751 1264 1781 Passov.
1302 1750 1433 1783 Griech.
1466 1754 1582 1785 Lexik.

818 1792 850 1824 h.
875 1805 905 1825 v.
954 1793 1062 1825 Verba
1084 1794 1185 1836 ipsius
1214 1793 1378 1833 Platonis,
1407 1807 1503 1838 quem
1526 1811 1583 1830 re-

816 1838 925 1879 spexit
953 1838 1087 1875 (Ticero,
1122 1844 1197 1869 sunt
1227 1838 1258 1869 in
1282 1839 1448 1872 Phaedon.
1476 1854 1509 1884 p.
1525 1842 1580 1875 67.

820 1883 866 1913 D:
905 1881 954 1915 Τὸ
983 1883 1157 1924 μελέτημα
1182 1880 1263 1916 αὐτὸ
1297 1883 1395 1918 τοῦτο’
1421 1885 1492 1919 ἐστι
1515 1888 1581 1920 τῶν

816 1924 1030 1968 φιλοσόφων,
1066 1928 1159 1965 λύσις
1183 1927 1241 1960 καὶ
1265 1928 1438 1972 χωρισμὸς
1467 1932 1582 1976 ψυχῆς

816 1968 880 2005 cix&
907 1971 1080 2014 σώματο;;
1107 1984 1179 2003 cum
1202 1984 1265 2015 quo
1281 1974 1356 2005 loco
1376 1975 1478 2007 multa
1496 1988 1580 2008 con—

814 2017 889 2048 tulit
913 2019 1062 2049 Davisius
1085 2017 1127 2048 ad
1150 2017 1182 2048 h.
1207 2018 1228 2049 l.

883 2062 959 2093 cip.
983 2063 1119 2094 XXXI.
1144 2065 1172 2107 ᾗ.
1187 2062 1240 2095 75.

811 2111 864 2146 est,
885 2117 905 2137 a
927 2106 1066 2150 corpore]
1090 2108 1323 2150 Exspectamus
1346 2110 1455 2151 potius
1472 2121 1493 2142 α
1512 2122 1579 2144 cor-

808 2161 900 2191 pore,
931 2153 965 2183 id
988 2156 1051 2192 est,
1085 2162 1104 2183 a
1126 2155 1303 2193 voluptale;
1335 2166 1409 2185 nam
1433 2155 1475 2186 de
1501 2167 1579 2188 cor-

811 2208 892 2238 pore
924 2196 1052 2239 agitur3
1089 2197 1146 2228 sed
1178 2198 1305 2240 saepius
1330 2199 1444 2231 Cicero
1468 2201 1576 2243 primo

809 2241 884 2273 loco
908 2241 1002 2284 ponit
1028 2254 1097 2274 rem
1126 2253 1266 2281 novam⁷
1303 2243 1424 2275 deinde
1460 2256 1519 2287 per
1542 2248 1576 2277 id

809 2291 850 2318 est
875 2286 1024 2329 adiungit
1052 2299 1122 2319 rem
1149 2294 1261 2319 notam
1289 2288 1339 2318 vel
1368 2300 1575 2320 commemo—

808 2338 923 2363 ratam.
961 2333 999 2363 V.
1016 2334 1213 2370 Madviqium
1236 2332 1277 2362 ad
1302 2332 1374 2363 Fin.
1397 2334 1418 2364 Ι.
1443 2334 1491 2371 10,
1511 2334 1573 2366 33ι

808 2377 994 2419 „similique
1018 2384 1092 2407 sunt
1116 2376 1146 2407 in
1171 2376 1277 2418 culpa,
1303 2377 1356 2418 qui
1379 2377 1490 2410 officia
1511 2378 1574 2409 de-

807 2428 919 2452 serunt
943 2424 1072 2452 mollitia
1096 2423 1215 2459 animi,
1238 2423 1272 2452 id
1296 2425 1357 2461 est,
1382 2424 1523 2455 laborum
1547 2429 1573 2456 et

807 2468 948 2498 dolorum
978 2467 1090 2504 [αςμιέί
1139 2465 1184 2495 lbi
1215 2472 1310 2497 antea
1340 2478 1406 2498 nou
1432 2468 1572 2500 mollitia

806 2510 922 2547 animi,
960 2509 1018 2540 sed
1052 2509 1202 2541 laborum
1237 2516 1270 2541 et
1306 2510 1458 2544 dolorum
1493 2514 1572 2556 fuga

807 2560 1062 2587 commemorata
1097 2561 1178 2586 erat.
1234 2555 1357 2587 Eadem
1391 2557 1478 2590 ratio
1510 2566 1571 2596 est,

806 2600 859 2630 ubi
896 2599 1035 2641 primum
1064 2598 1216 2631 Latinam
1248 2600 1568 2644 interpretationem,

806 2644 925 2674 deinde
954 2644 1078 2675 Graeca
1110 2645 1221 2686 ponit,
1262 2645 1308 2676 uti
1343 2648 1398 2678 ΠΙ.
1425 2648 1477 2685 27,
1505 2648 1566 2680 65.-

807 2688 892 2727 Quid
914 2688 968 2719 ille
987 2690 1204 2721 Terentianus
1223 2693 1287 2730 ipse
1307 2702 1338 2723 se
1357 2696 1512 2731 poeniens.
1536 2696 1569 2724 iil

807 2737 849 2765 est
883 2732 998 2767 ἑαυτὸν
1030 2733 1288 2777 τιμωρούμενος.
1342 2737 1463 2768 Eadem
1496 2739 1567 2769 fere

806 2778 838 2809 vi
859 2778 928 2810 aliis
951 2778 1030 2811 locis
1052 2791 1070 2810 a
1093 2780 1253 2812 Cicerone
1273 2789 1469 2824 usurpantur
1490 2794 1566 2813 ver-

806 2823 847 2854 ba
880 2825 912 2855 id
944 2828 986 2856 est
1017 2827 1108 2856 enim.
1158 2827 1198 2856 V.
1232 2825 1274 2856 ad
1300 2827 1338 2857 V.
1363 2827 1402 2864 5,
1428 2826 1458 2859 9.
1519 2827 1566 2857 De

806 2880 897 2912 seqq.
928 2870 961 2900 id
992 2873 1055 2909 esc,
1088 2880 1324 2903 consuescamus
1353 2874 1431 2902 mori
1463 2883 1493 2902 v.
1524 2871 1566 2903 ad

808 2915 862 2945 ΙΙΙ.
890 2913 944 2952 13,
969 2914 1023 2947 27.

1291 2074 1310 2094 a
1335 2066 1510 2106 voluptate,
1547 2069 1580 2099 id

1217 2968 1241 3000 9
