1863 3221
247 99 275 141 6
853 106 1200 141 PROLEGOMENA.

363 190 698 237 Quemadmodum
724 197 852 227 autem
877 188 1032 240 sapiens
1062 188 1244 239 corporis
1271 188 1425 225 dolores
1451 188 1604 225 ratione
1632 188 1806 239 compri—

255 271 358 294 mere
387 264 425 294 et
454 257 613 294 domare
637 257 771 305 debet,
811 270 859 294 ne
884 257 937 294 eis
961 257 1148 293 turbetur
1175 255 1283 292 vitae
1304 256 1545 304 constantia3
1582 255 1638 292 ita
1662 268 1808 292 summa
1860 247 1863 291 ᾗ

256 337 329 374 ope
352 324 426 361 niti
450 324 584 372 debet,
614 332 661 362 ut
683 325 834 362 animus
854 325 1045 362 liberetur
1066 323 1274 360 doloribus
1294 322 1430 371 animi,
1461 324 1486 361 i.
1507 336 1539 360 e.
1563 322 1810 373 aegritudine
1862 324 1863 351 ἶ

257 391 498 441 reliquisque
515 393 634 429 animi
653 392 1037 443 perturbationibus.
1087 390 1204 437 Quod
1226 390 1425 439 quomodo
1446 390 1545 428 effici
1566 397 1706 441 posset,
1737 390 1809 427 de-
1860 433 1863 443 ,Ἴ

255 466 476 496 monstrare
497 466 662 497 conatus
681 467 738 497 est
755 460 857 497 libro
878 460 1000 496 tertio
1020 465 1058 495 et
1078 464 1233 507 quartO,
1265 463 1303 493 et
1320 457 1476 506 quidem
1497 458 1545 495 de
1566 457 1813 508 aegritudine

255 526 464 576 separatim
494 526 733 578 disputavit,
764 527 855 577 quia
883 527 925 564 in
956 540 999 563 ea
1029 532 1085 563 est
1113 525 1359 562 miseriarum
1388 525 1476 561 fons
1506 531 1545 562 et
1573 532 1705 576 caput.

367 593 451 630 Tali
481 595 598 631 modo
622 595 780 632 remotis
805 594 1004 642 omnibus,
1036 606 1135 644 quae
1155 593 1319 630 turbent
1343 591 1463 629 animi
1491 593 1752 629 constantiam
1773 598 1812 630 et

255 661 598 710 tranquillitatem,
630 662 671 699 in
703 676 780 711 qua
805 662 889 699 vita
922 662 1033 699 beata
1056 661 1183 711 posita
1209 667 1284 708 est,
1325 659 1398 696 toti
1423 658 1686 710 disputationi
1720 665 1813 696 tan-

257 739 371 775 quam
395 730 575 767 cumulus
597 730 748 768 accedit
773 729 870 766 liber
894 728 1068 778 quintus,
1099 728 1166 778 qui
1189 734 1246 764 est
1267 727 1438 764 omnium
1461 726 1751 777 pulcherrimus
1777 732 1815 764 et

256 795 537 834 sententiarum
560 798 739 834 ubertate
761 796 1032 847 gravissimus,
1071 808 1149 845 quo
1174 794 1417 842 ostenditur,
1448 794 1638 832 virtutem
1662 808 1702 831 se
1730 794 1813 844 ipsa

256 868 478 900 contentam
509 877 589 901 esse
617 864 667 901 ad
697 864 819 902 vitam
849 864 999 901 beatam
1018 861 1069 914 5).

350 971 395 1013 V.
456 974 527 1015 De
552 975 767 1029 sontibus,
798 974 945 1029 quibus
981 972 1135 1014 Cicero
1166 986 1264 1013 usus
1294 978 1355 1013 est
1384 973 1429 1012 in
1464 971 1730 1013 Tusculanis.

369 1065 507 1104 Cicero
537 1049 829 1117 philosopliiam
857 1079 965 1103 suam
991 1066 1108 1102 duxit
1128 1079 1146 1102 e
1171 1066 1413 1102 Graecorum
1436 1064 1631 1112 sontibus,
1663 1070 1701 1101 et
1723 1064 1815 1113 qui—-

258 1130 342 1167 dem
362 1132 404 1168 in
425 1134 660 1181 moralibus,
692 1140 738 1170 ut
758 1147 878 1183 supra
902 1133 1278 1178 demonstravimus,
1309 1131 1514 1168 maximam
1534 1137 1684 1180 partem
1706 1130 1816 1167 Stoi-

258 1210 395 1235 corum
418 1201 593 1250 vestigiis
614 1200 814 1250 ingressus
837 1207 906 1236 est.
951 1199 1016 1235 Sic
1034 1199 1278 1235 Tusculanae
1296 1197 1588 1248 Disputationes
1612 1204 1718 1234 totae
1739 1198 1820 1235 fere

258 1273 522 1304 manaverunt
542 1281 561 1305 e
586 1269 812 1304 Stoicorum
832 1267 1023 1304 fontibus.
1079 1267 1122 1302 In
1144 1266 1273 1315 primo
1297 1271 1426 1301 autem
1446 1264 1571 1312 libro,
1603 1265 1670 1313 qui
1694 1271 1751 1301 est
1770 1264 1819 1301 de

259 1336 543 1372 contemnenda
572 1342 715 1383 morte,
755 1335 838 1372 fuse
864 1333 978 1371 etiam
1002 1339 1119 1382 atque
1143 1333 1298 1382 copiose
1326 1331 1590 1381 pertractavit
1613 1331 1742 1368 locum
1772 1332 1819 1368 de

260 1401 481 1439 animorum
505 1402 819 1440 immortalitate:
858 1415 970 1451 quem
995 1413 1117 1451 paene
1144 1406 1271 1436 totum
1295 1412 1343 1435 ex
1365 1398 1529 1435 Platone
1552 1398 1719 1448 petivit,
1750 1398 1819 1447 qui

259 1469 416 1506 eandem
437 1470 658 1507 doctrinam
677 1470 720 1506 in
742 1469 1013 1519 compluribus
1035 1467 1205 1517 scriptis,
1236 1467 1295 1503 uti
1318 1465 1509 1513 Phaedro,
1541 1466 1717 1512 Menone,
1748 1465 1818 1502 Ti-

260 1549 382 1583 maeo,
422 1537 571 1574 decimo
599 1537 702 1574 libro
733 1537 779 1573 de
808 1535 1043 1586 Republica,
1084 1541 1312 1585 persecutus
1345 1539 1419 1579 est,
1463 1533 1627 1569 maxime
1656 1546 1752 1569 vero
1777 1532 1818 1569 in

260 1603 480 1641 Phaedone.
541 1606 582 1642 ln
611 1605 783 1641 secundo
815 1603 937 1650 libro,
970 1603 1038 1652 qui
1068 1603 1147 1652 agit
1172 1602 1218 1638 de
1249 1601 1456 1638 tolerando
1493 1600 1649 1646 dolore,
1686 1600 1819 1636 multis

259 1672 442 1721 partibus
466 1672 642 1721 Stoicos,
675 1672 816 1709 tacitus
845 1678 993 1718 tamen,
1024 1676 1180 1707 secutus
1204 1670 1377 1707 videtur.
1439 1669 1481 1704 In
1508 1667 1629 1704 tertio
1654 1667 1758 1703 libro
1783 1672 1822 1704 et

261 1745 405 1787 quarto
432 1746 584 1777 tantum
610 1754 690 1777 non
712 1739 840 1776 omnia
863 1752 882 1775 e
902 1738 1128 1774 Stoicorum
1150 1738 1326 1773 fontibus
1348 1735 1497 1783 hausit,
1528 1734 1568 1771 in
1588 1734 1724 1784 primis
1746 1748 1818 1771 au-

262 1812 372 1843 ctore
399 1820 492 1844 usus
518 1814 575 1844 est
599 1807 847 1858 Chrysippo,
877 1805 941 1842 sed
971 1805 1012 1841 in
1038 1804 1158 1841 tertio
1183 1804 1317 1840 multis
1339 1803 1434 1840 locis
1459 1801 1685 1849 Crantoris,
1720 1801 1820 1838 Aca-

262 1872 420 1921 demici,
457 1872 548 1924 περὶ
573 1873 751 1918 πένθους
776 1874 922 1910 librum
945 1871 1136 1908 imitando
1157 1871 1362 1922 expressit.
1422 1870 1464 1906 In
1486 1869 1625 1919 quinto
1647 1869 1751 1906 libro
1776 1883 1822 1906 ex

261 1940 443 1990 Platone,
472 1942 702 1988 Aristotele,
733 1940 1031 1991 TheophrastO,
1063 1939 1303 1986 Xenocrate,
1333 1937 1573 1988 SpeusippO,
1605 1936 1823 1983 Polemone,

263 2014 301 2046 et
330 2022 426 2045 vero
457 2009 574 2045 etiam
604 2022 623 2046 e
653 2009 877 2045 Stoicorum
909 2007 1023 2044 libris
1054 2006 1273 2043 doctrinam
1303 2019 1412 2042 suam
1442 2004 1560 2040 duxit
1576 2002 1627 2055 ⁵).

375 2075 416 2111 ln
446 2083 638 2125 quattuor
663 2077 812 2125 primis
834 2074 1146 2111 Tusculanarum
1170 2073 1302 2119 libris,
1332 2079 1377 2110 ut
1399 2073 1438 2109 in
1465 2071 1550 2108 aliis
1574 2071 1621 2108 de
1642 2070 1823 2121 philoso-

261 2141 356 2193 phia
376 2143 555 2193 seriptis,
587 2143 690 2180 hanc
709 2142 752 2179 in
770 2141 1005 2178 adhibendis
1029 2140 1187 2177 Graecis
1211 2138 1459 2190 philosophis
1484 2144 1642 2175 secutus
1663 2139 1825 2175 videtur

262 2209 477 2258 rationem,
509 2217 554 2247 ut
574 2224 697 2247 unum
720 2209 967 2260 potissimum
991 2221 1103 2258 quem
1122 2214 1352 2256 sequeretur
1377 2212 1597 2252 auctorem,
1628 2205 1824 2255 Chrysip-

263 2290 380 2327 pum,
411 2278 461 2314 ob
482 2278 617 2314 oculos
643 2277 803 2314 haberet
830 2283 867 2313 et
889 2277 938 2313 ad
960 2289 1045 2312 eum
1069 2288 1182 2312 suum
1207 2273 1388 2311 imitandi
1412 2272 1588 2310 studium
1611 2285 1824 2322 compone-

262 2351 336 2393 ret,
370 2358 439 2382 nec
459 2351 587 2384 tamen
609 2357 695 2381 eum
723 2350 991 2390 converteret,
1023 2342 1089 2379 sed
1113 2356 1161 2379 ex
1186 2342 1268 2378 eius
1291 2341 1493 2377 sententiis
1518 2346 1635 2388 atque
1659 2339 1826 2376 decretis

265 2418 420 2449 tantum
449 2412 662 2460 delibaret,
701 2417 891 2462 quantum
913 2410 961 2447 ad
983 2423 1064 2447 rem
1091 2423 1135 2446 ac
1158 2408 1363 2445 consilium
1391 2420 1504 2444 suum
1537 2406 1699 2444 maxime
1723 2420 1823 2444 con-

266 2478 369 2514 ferre
394 2480 611 2517 videretur.
672 2480 804 2529 Neque
827 2484 996 2525 ceteros,
1042 2476 1110 2526 qui
1130 2476 1232 2513 idem
1255 2481 1528 2526 argumentum
1550 2479 1823 2525 pertractave-

267 2551 385 2593 runt,
416 2559 582 2596 prorsus
604 2547 792 2597 neglexit,
831 2545 917 2593 sed,
959 2558 1058 2595 quae
1080 2544 1119 2580 in
1147 2544 1311 2593 singulis
1331 2543 1449 2579 rebus
1474 2542 1521 2578 ab
1547 2541 1593 2577 iis
1616 2540 1824 2590 elegantis-

267 2612 360 2649 sime
394 2619 505 2650 erant
532 2614 805 2663 aptissimeque
832 2614 1053 2664 disputata,
1092 2611 1226 2661 elegit,
1269 2623 1367 2660 quae
1399 2615 1527 2645 autem
1561 2607 1688 2644 minus
1720 2613 1826 2644 recte

267 2679 374 2717 dicta
397 2687 528 2728 erant,
560 2681 735 2727 notavit,
767 2687 823 2728 et,
854 2681 925 2718 ubi
949 2680 1014 2717 ille
1035 2692 1148 2730 quem
1167 2677 1347 2729 sequitur
1368 2682 1508 2712 auctor
1528 2689 1611 2712 rem
1636 2688 1714 2711 non
1734 2674 1826 2712 satis

268 2754 451 2785 accurate
474 2748 687 2785 videbatur
719 2754 836 2797 atque
860 2747 1016 2797 copiose
1047 2759 1263 2796 exponere,
1295 2744 1391 2780 alios
1414 2743 1453 2779 in
1479 2742 1684 2780 consilium
1708 2741 1825 2778 adhi-

269 2815 357 2853 buit
380 2817 594 2866 scriptores
617 2821 675 2862 et,
706 2828 804 2863 quae
830 2815 877 2850 ab
902 2814 971 2850 illo
994 2813 1267 2864 praetermissa
1290 2816 1423 2858 erant,
1463 2823 1511 2847 ex
1538 2810 1589 2846 eis
1611 2808 1824 2859 supplevit.

358 2925 392 2966 5)
417 2925 468 2960 Cf.
491 2927 642 2958 Kernium
675 2924 697 2956 l.
720 2924 753 2955 d.
779 2935 810 2966 p.
825 2922 869 2956 33
882 2934 952 2965 sqq.
1000 2920 1037 2964 6)
1063 2922 1201 2954 Uberius
1224 2921 1311 2953 hunc
1333 2919 1375 2951 de
1399 2920 1655 2952 Tusculanarum
1680 2918 1827 2950 sontibus

270 2968 379 3001 locum
402 2970 674 3013 pertractavimus
698 2969 731 3000 in
756 2968 841 3000 libro
866 2967 955 2998 dicto
981 2969 1018 2998 de
1040 2969 1134 3001 Cicer.
1160 2970 1192 2998 in
1209 2968 1285 3006 phil.
1309 2968 1408 2996 merit.
1433 2976 1465 3006 p.
1491 2964 1546 2996 tlt
1565 2962 1695 2996 -116,
