<?xml version="1.0" encoding="UTF-8"?>
<!DOCTYPE html PUBLIC "-//W3C//DTD XHTML 1.0 Transitional//EN"
    "http://www.w3.org/TR/xhtml1/DTD/xhtml1-transitional.dtd">
<html xmlns="http://www.w3.org/1999/xhtml" xml:lang="en" lang="en">
 <head>
  <title>
</title>
<meta http-equiv="Content-Type" content="text/html;charset=utf-8" />
  <meta name='ocr-system' content='tesseract 3.04.00' />
  <meta name='ocr-capabilities' content='ocr_page ocr_carea ocr_par ocr_line ocrx_word'/>
</head>
<body>
  <div class='ocr_page' id='page_1' title='image "./tusculanaedisput00ciceuoft_0427.png"; bbox 0 0 1832 3137; ppageno 0'>
   <div class='ocr_carea' id='block_1_1' title="bbox 629 123 1039 169">
    <p class='ocr_par' dir='ltr' id='par_1_1' title="bbox 629 123 1039 169">
     <span class='ocr_line' id='line_1_1' title="bbox 629 123 1039 169; baseline 0.002 -11"><span class='ocrx_word' id='word_1_1' title='bbox 629 126 792 158; x_wconf 78' lang='lat' dir='ltr'><strong>LIBER</strong></span> <span class='ocrx_word' id='word_1_2' title='bbox 817 126 872 158; x_wconf 91' lang='lat' dir='ltr'><strong>1v.</strong></span> <span class='ocrx_word' id='word_1_3' title='bbox 895 124 961 169; x_wconf 83' lang='lat'><strong>31,</strong></span> <span class='ocrx_word' id='word_1_4' title='bbox 985 123 1039 160; x_wconf 81' lang='lat'><strong>67.</strong></span> 
     </span>
    </p>
   </div>
   <div class='ocr_carea' id='block_1_2' title="bbox 52 206 176 246">
    <p class='ocr_par' dir='ltr' id='par_1_2' title="bbox 52 206 176 246">
     <span class='ocr_line' id='line_1_2' title="bbox 52 206 176 246; baseline -0.008 0"><span class='ocrx_word' id='word_1_5' title='bbox 52 206 176 246; x_wconf 87' lang='lat' dir='ltr'><strong>leves.</strong></span> 
     </span>
    </p>
   </div>
   <div class='ocr_carea' id='block_1_3' title="bbox 1523 117 1608 161">
    <p class='ocr_par' dir='ltr' id='par_1_3' title="bbox 1523 117 1608 161">
     <span class='ocr_line' id='line_1_3' title="bbox 1523 117 1608 161; baseline 0 -1"><span class='ocrx_word' id='word_1_6' title='bbox 1523 117 1608 161; x_wconf 78' lang='lat'><strong>379</strong></span> 
     </span>
    </p>
   </div>
   <div class='ocr_carea' id='block_1_4' title="bbox 237 202 1607 258">
    <p class='ocr_par' dir='ltr' id='par_1_4' title="bbox 237 202 1607 258">
     <span class='ocr_line' id='line_1_4' title="bbox 237 202 1607 258; baseline 0.002 -14"><span class='ocrx_word' id='word_1_7' title='bbox 237 202 292 244; x_wconf 87' lang='lat' dir='ltr'><strong>Et</strong></span> <span class='ocrx_word' id='word_1_8' title='bbox 313 218 427 258; x_wconf 88' lang='lat' dir='ltr'><strong>quum</strong></span> <span class='ocrx_word' id='word_1_9' title='bbox 452 203 629 245; x_wconf 85' lang='lat' dir='ltr'><strong>invidere</strong></span> <span class='ocrx_word' id='word_1_10' title='bbox 655 204 908 258; x_wconf 76' lang='lat' dir='ltr'>aegritudinis</span> <span class='ocrx_word' id='word_1_11' title='bbox 937 205 1009 257; x_wconf 80' lang='lat' dir='ltr'><strong>sit;</strong></span> <span class='ocrx_word' id='word_1_12' title='bbox 1050 204 1160 246; x_wconf 85' lang='lat' dir='ltr'><strong>malis</strong></span> <span class='ocrx_word' id='word_1_13' title='bbox 1184 212 1313 246; x_wconf 77' lang='lat' dir='ltr'><strong>autem</strong></span> <span class='ocrx_word' id='word_1_14' title='bbox 1339 205 1476 246; x_wconf 87' lang='lat' dir='ltr'><strong>alienis</strong></span> <span class='ocrx_word' id='word_1_15' title='bbox 1499 207 1607 247; x_wconf 90' lang='lat' dir='ltr'><strong>volu-</strong></span> 
     </span>
    </p>
   </div>
   <div class='ocr_carea' id='block_1_5' title="bbox 48 276 1608 334">
    <p class='ocr_par' dir='ltr' id='par_1_5' title="bbox 48 276 1608 334">
     <span class='ocr_line' id='line_1_5' title="bbox 48 276 1608 334; baseline 0.001 -16"><span class='ocrx_word' id='word_1_16' title='bbox 48 284 189 332; x_wconf 77' lang='lat' dir='ltr'><strong>ptatem</strong></span> <span class='ocrx_word' id='word_1_17' title='bbox 211 290 350 331; x_wconf 79' lang='lat' dir='ltr'><strong>capere</strong></span> <span class='ocrx_word' id='word_1_18' title='bbox 368 276 562 318; x_wconf 83' lang='lat' dir='ltr'><strong>laetitiae:</strong></span> <span class='ocrx_word' id='word_1_19' title='bbox 594 284 798 332; x_wconf 78' lang='lat' dir='ltr'><strong>utrumque</strong></span> <span class='ocrx_word' id='word_1_20' title='bbox 816 278 1057 318; x_wconf 74' lang='lat' dir='ltr'><strong>immanitate</strong></span> <span class='ocrx_word' id='word_1_21' title='bbox 1075 285 1114 318; x_wconf 84' lang='lat' dir='ltr'><strong>et</strong></span> <span class='ocrx_word' id='word_1_22' title='bbox 1133 278 1285 319; x_wconf 81' lang='lat' dir='ltr'><strong>feritate</strong></span> <span class='ocrx_word' id='word_1_23' title='bbox 1300 282 1318 306; x_wconf 82' lang='lat'><strong>⁶</strong></span> <span class='ocrx_word' id='word_1_24' title='bbox 1338 279 1497 333; x_wconf 84' lang='lat' dir='ltr'><strong>quadam</strong></span> <span class='ocrx_word' id='word_1_25' title='bbox 1520 294 1608 334; x_wconf 88' lang='lat' dir='ltr'><strong>pro-</strong></span> 
     </span>
    </p>
   </div>
   <div class='ocr_carea' id='block_1_6' title="bbox 47 350 757 552">
    <p class='ocr_par' dir='ltr' id='par_1_6' title="bbox 47 350 757 552">
     <span class='ocr_line' id='line_1_6' title="bbox 47 350 571 406; baseline 0 -15"><span class='ocrx_word' id='word_1_26' title='bbox 47 350 226 406; x_wconf 86' lang='lat' dir='ltr'><strong>ponenda</strong></span> <span class='ocrx_word' id='word_1_27' title='bbox 250 350 432 405; x_wconf 87' lang='lat' dir='ltr'><strong>castigari</strong></span> <span class='ocrx_word' id='word_1_28' title='bbox 455 351 571 391; x_wconf 85' lang='lat' dir='ltr'><strong>solet.</strong></span> 
     </span>
     <span class='ocr_line' id='line_1_7' title="bbox 48 423 586 478; baseline 0 -14"><span class='ocrx_word' id='word_1_29' title='bbox 48 431 132 475; x_wconf 67' lang='lat' dir='ltr'><strong>cet,</strong></span> <span class='ocrx_word' id='word_1_30' title='bbox 172 423 228 464; x_wconf 91' lang='lat' dir='ltr'><strong>sic</strong></span> <span class='ocrx_word' id='word_1_31' title='bbox 249 423 421 478; x_wconf 85' lang='lat' dir='ltr'><strong>gaudere</strong></span> <span class='ocrx_word' id='word_1_32' title='bbox 451 424 586 475; x_wconf 85' lang='lat' dir='ltr'><strong>decet,</strong></span> 
     </span>
     <span class='ocr_line' id='line_1_8' title="bbox 47 496 757 552; baseline -0.001 -14"><span class='ocrx_word' id='word_1_33' title='bbox 47 511 71 538; x_wconf 88' lang='lat' dir='ltr'><strong>a</strong></span> <span class='ocrx_word' id='word_1_34' title='bbox 92 497 232 551; x_wconf 81' lang='lat' dir='ltr'><strong>gaudio</strong></span> <span class='ocrx_word' id='word_1_35' title='bbox 255 497 440 537; x_wconf 72' lang='lat' dir='ltr'>laetitiam</span> <span class='ocrx_word' id='word_1_36' title='bbox 468 496 757 552; x_wconf 80' lang='lat' dir='ltr'><strong>distinguimus.</strong></span> 
     </span>
    </p>
   </div>
   <div class='ocr_carea' id='block_1_7' title="bbox 48 569 1417 626">
    <p class='ocr_par' dir='ltr' id='par_1_7' title="bbox 48 569 1417 626">
     <span class='ocr_line' id='line_1_9' title="bbox 48 569 1417 626; baseline 0.001 -16"><span class='ocrx_word' id='word_1_37' title='bbox 48 569 278 610; x_wconf 82' lang='lat' dir='ltr'><strong>tractionem</strong></span> <span class='ocrx_word' id='word_1_38' title='bbox 300 570 415 609; x_wconf 82' lang='lat' dir='ltr'><strong>animi</strong></span> <span class='ocrx_word' id='word_1_39' title='bbox 436 577 543 611; x_wconf 86' lang='lat' dir='ltr'><strong>reete</strong></span> <span class='ocrx_word' id='word_1_40' title='bbox 564 570 647 610; x_wconf 88' lang='lat' dir='ltr'><strong>fieri</strong></span> <span class='ocrx_word' id='word_1_41' title='bbox 669 583 861 623; x_wconf 84' lang='lat' dir='ltr'><strong>nunquam</strong></span> <span class='ocrx_word' id='word_1_42' title='bbox 884 582 1022 623; x_wconf 87' lang='lat' dir='ltr'><strong>posse,</strong></span> <span class='ocrx_word' id='word_1_43' title='bbox 1056 570 1265 612; x_wconf 84' lang='lat' dir='ltr'><strong>elationem</strong></span> <span class='ocrx_word' id='word_1_44' title='bbox 1286 585 1417 626; x_wconf 89' lang='lat' dir='ltr'><strong>posse.</strong></span> 
     </span>
    </p>
   </div>
   <div class='ocr_carea' id='block_1_8' title="bbox 629 350 1608 474">
    <p class='ocr_par' dir='ltr' id='par_1_8' title="bbox 629 350 1608 474">
     <span class='ocr_line' id='line_1_10' title="bbox 633 350 1608 409; baseline 0.003 -19"><span class='ocrx_word' id='word_1_45' title='bbox 633 350 763 405; x_wconf 87' lang='lat' dir='ltr'><strong>Atque</strong></span> <span class='ocrx_word' id='word_1_46' title='bbox 787 357 829 390; x_wconf 87' lang='lat' dir='ltr'><strong>ut</strong></span> <span class='ocrx_word' id='word_1_47' title='bbox 852 351 1046 409; x_wconf 63' lang='lat' dir='ltr'><strong>confidere</strong></span> <span class='ocrx_word' id='word_1_48' title='bbox 1064 355 1076 378; x_wconf 90' lang='lat'>¹</span> <span class='ocrx_word' id='word_1_49' title='bbox 1109 351 1243 402; x_wconf 85' lang='lat' dir='ltr'><strong>decet,</strong></span> <span class='ocrx_word' id='word_1_50' title='bbox 1278 352 1414 393; x_wconf 79' lang='lat' dir='ltr'><strong>timere</strong></span> <span class='ocrx_word' id='word_1_51' title='bbox 1439 367 1516 393; x_wconf 91' lang='lat' dir='ltr'><strong>non</strong></span> <span class='ocrx_word' id='word_1_52' title='bbox 1542 353 1608 393; x_wconf 83' lang='lat' dir='ltr'><strong>(le-</strong></span> 
     </span>
     <span class='ocr_line' id='line_1_11' title="bbox 629 424 1030 474; baseline -0.002 -10"><span class='ocrx_word' id='word_1_53' title='bbox 629 424 765 464; x_wconf 80' lang='lat' dir='ltr'><strong>laetari</strong></span> <span class='ocrx_word' id='word_1_54' title='bbox 792 437 869 463; x_wconf 90' lang='lat' dir='ltr'><strong>non</strong></span> <span class='ocrx_word' id='word_1_55' title='bbox 894 424 1030 474; x_wconf 86' lang='lat' dir='ltr'><strong>decet,</strong></span> 
     </span>
    </p>
   </div>
   <div class='ocr_carea' id='block_1_9' title="bbox 1072 425 1607 478">
    <p class='ocr_par' dir='ltr' id='par_1_9' title="bbox 1072 425 1607 478">
     <span class='ocr_line' id='line_1_12' title="bbox 1072 425 1607 478; baseline 0.004 -14"><span class='ocrx_word' id='word_1_56' title='bbox 1072 425 1251 478; x_wconf 86' lang='lat' dir='ltr'><strong>quoniam</strong></span> <span class='ocrx_word' id='word_1_57' title='bbox 1280 425 1442 466; x_wconf 82' lang='lat' dir='ltr'><strong>docendi</strong></span> <span class='ocrx_word' id='word_1_58' title='bbox 1468 440 1607 466; x_wconf 81' lang='lat' dir='ltr'><strong>caussa</strong></span> 
     </span>
    </p>
   </div>
   <div class='ocr_carea' id='block_1_10' title="bbox 819 494 1607 552">
    <p class='ocr_par' dir='ltr' id='par_1_10' title="bbox 819 494 1607 552">
     <span class='ocr_line' id='line_1_13' title="bbox 819 494 1607 552; baseline 0.004 -17"><span class='ocrx_word' id='word_1_59' title='bbox 819 502 889 536; x_wconf 87' lang='grc'><strong>67.</strong></span> <span class='ocrx_word' id='word_1_60' title='bbox 923 494 1021 536; x_wconf 87' lang='grc'>1111111</span> <span class='ocrx_word' id='word_1_61' title='bbox 1049 497 1124 537; x_wconf 84' lang='lat' dir='ltr'><strong>iam</strong></span> <span class='ocrx_word' id='word_1_62' title='bbox 1150 512 1266 552; x_wconf 89' lang='lat' dir='ltr'><strong>supra</strong></span> <span class='ocrx_word' id='word_1_63' title='bbox 1291 498 1478 546; x_wconf 84' lang='lat' dir='ltr'>diximus,</span> <span class='ocrx_word' id='word_1_64' title='bbox 1515 513 1607 539; x_wconf 84' lang='lat' dir='ltr'><strong>con-</strong></span> 
     </span>
    </p>
   </div>
   <div class='ocr_carea' id='block_1_11' title="bbox 1479 572 1609 612">
    <p class='ocr_par' dir='ltr' id='par_1_11' title="bbox 1479 572 1609 612">
     <span class='ocr_line' id='line_1_14' title="bbox 1479 572 1609 612; baseline 0 -1"><span class='ocrx_word' id='word_1_65' title='bbox 1479 572 1609 612; x_wconf 80' lang='lat' dir='ltr'><strong>Aliter</strong></span> 
     </span>
    </p>
   </div>
   <div class='ocr_carea' id='block_1_12' title="bbox 48 641 884 696">
    <p class='ocr_par' dir='ltr' id='par_1_12' title="bbox 48 641 884 696">
     <span class='ocr_line' id='line_1_15' title="bbox 48 641 884 696; baseline -0.002 -13"><span class='ocrx_word' id='word_1_66' title='bbox 48 643 149 683; x_wconf 89' lang='lat' dir='ltr'><strong>enim</strong></span> <span class='ocrx_word' id='word_1_67' title='bbox 180 641 411 683; x_wconf 77' lang='lat' dir='ltr'><strong>Naevianus</strong></span> <span class='ocrx_word' id='word_1_68' title='bbox 441 643 506 683; x_wconf 92' lang='lat' dir='ltr'><strong>ille</strong></span> <span class='ocrx_word' id='word_1_69' title='bbox 537 643 679 696; x_wconf 81' lang='lat' dir='ltr'><strong>gaudet</strong></span> <span class='ocrx_word' id='word_1_70' title='bbox 710 641 884 682; x_wconf 82' lang='lat' dir='ltr'><strong>Hector:</strong></span> 
     </span>
    </p>
   </div>
   <div class='ocr_carea' id='block_1_13' title="bbox 159 716 1443 767">
    <p class='ocr_par' dir='ltr' id='par_1_13' title="bbox 159 716 1443 767">
     <span class='ocr_line' id='line_1_16' title="bbox 159 716 1443 767; baseline -0.001 -12"><span class='ocrx_word' id='word_1_71' title='bbox 159 719 299 755; x_wconf 63' lang='lat' dir='ltr'><strong>Laetus</strong></span> <span class='ocrx_word' id='word_1_72' title='bbox 328 731 408 755; x_wconf 81' lang='lat' dir='ltr'><strong>sum</strong></span> <span class='ocrx_word' id='word_1_73' title='bbox 439 716 593 755; x_wconf 57' lang='lat' dir='ltr'><strong>landav-1·</strong></span> <span class='ocrx_word' id='word_1_74' title='bbox 617 731 673 755; x_wconf 79' lang='lat' dir='ltr'><strong>nze</strong></span> <span class='ocrx_word' id='word_1_75' title='bbox 701 716 769 754; x_wconf 77' lang='lat' dir='ltr'><strong>abs</strong></span> <span class='ocrx_word' id='word_1_76' title='bbox 800 723 857 763; x_wconf 84' lang='lat' dir='ltr'><strong>te,</strong></span> <span class='ocrx_word' id='word_1_77' title='bbox 886 718 1028 767; x_wconf 60' lang='lat' dir='ltr'><strong>priter,</strong></span> <span class='ocrx_word' id='word_1_78' title='bbox 1062 730 1086 754; x_wconf 87' lang='lat' dir='ltr'><strong>a</strong></span> <span class='ocrx_word' id='word_1_79' title='bbox 1103 719 1116 743; x_wconf 92' lang='lat'>¹</span> <span class='ocrx_word' id='word_1_80' title='bbox 1154 718 1306 755; x_wconf 62' lang='lat' dir='ltr'><strong>laudat&amp;</strong></span> <span class='ocrx_word' id='word_1_81' title='bbox 1336 720 1443 765; x_wconf 76' lang='lat' dir='ltr'><strong>viro,-</strong></span> 
     </span>
    </p>
   </div>
   <div class='ocr_carea' id='block_1_14' title="bbox 136 830 1609 876">
    <p class='ocr_par' dir='ltr' id='par_1_14' title="bbox 136 830 1609 876">
     <span class='ocr_line' id='line_1_17' title="bbox 136 830 1609 876; baseline 0.001 -12"><span class='ocrx_word' id='word_1_82' title='bbox 136 830 158 865; x_wconf 89' lang='lat'>6</span> <span class='ocrx_word' id='word_1_83' title='bbox 181 833 274 864; x_wconf 85' lang='lat' dir='ltr'><strong>Unus</strong></span> <span class='ocrx_word' id='word_1_84' title='bbox 297 834 355 864; x_wconf 85' lang='lat' dir='ltr'><strong>Ox.</strong></span> <span class='ocrx_word' id='word_1_85' title='bbox 377 836 405 865; x_wconf 80' lang='lat' dir='ltr'><strong>et</strong></span> <span class='ocrx_word' id='word_1_86' title='bbox 423 834 598 873; x_wconf 75' lang='lat' dir='ltr'><strong>ferocitate.-</strong></span> <span class='ocrx_word' id='word_1_87' title='bbox 635 831 722 864; x_wconf 88' lang='lat' dir='ltr'><strong>unde</strong></span> <span class='ocrx_word' id='word_1_88' title='bbox 744 832 801 864; x_wconf 85' lang='lat' dir='ltr'><strong>Kl.</strong></span> <span class='ocrx_word' id='word_1_89' title='bbox 824 832 857 864; x_wconf 87' lang='lat' dir='ltr'><strong>in</strong></span> <span class='ocrx_word' id='word_1_90' title='bbox 878 832 964 865; x_wconf 88' lang='lat' dir='ltr'><strong>Add.</strong></span> <span class='ocrx_word' id='word_1_91' title='bbox 987 844 1020 876; x_wconf 92' lang='lat' dir='ltr'><strong>p.</strong></span> <span class='ocrx_word' id='word_1_92' title='bbox 1038 830 1113 866; x_wconf 88' lang='grc'>178.</span> <span class='ocrx_word' id='word_1_93' title='bbox 1138 833 1223 866; x_wconf 86' lang='lat' dir='ltr'><strong>coni.</strong></span> <span class='ocrx_word' id='word_1_94' title='bbox 1246 837 1272 865; x_wconf 77' lang='lat' dir='ltr'><strong>et</strong></span> <span class='ocrx_word' id='word_1_95' title='bbox 1295 835 1459 874; x_wconf 70' lang='lat' dir='ltr'><strong><em>ecferitate.</em></strong></span> <span class='ocrx_word' id='word_1_96' title='bbox 1505 834 1545 865; x_wconf 87' lang='lat' dir='ltr'><strong>V.</strong></span> <span class='ocrx_word' id='word_1_97' title='bbox 1567 833 1609 866; x_wconf 87' lang='lat' dir='ltr'><strong>ad</strong></span> 
     </span>
    </p>
   </div>
   <div class='ocr_carea' id='block_1_15' title="bbox 47 875 227 919">
    <p class='ocr_par' dir='ltr' id='par_1_15' title="bbox 47 875 227 919">
     <span class='ocr_line' id='line_1_18' title="bbox 47 875 227 919; baseline -0.012 -8"><span class='ocrx_word' id='word_1_98' title='bbox 47 875 149 919; x_wconf 86' lang='lat'><strong>11.9,</strong></span> <span class='ocrx_word' id='word_1_99' title='bbox 173 876 227 910; x_wconf 80' lang='lat'><strong>20.</strong></span> 
     </span>
    </p>
   </div>
   <div class='ocr_carea' id='block_1_16' title="bbox 48 955 820 3009">
    <p class='ocr_par' dir='ltr' id='par_1_16' title="bbox 48 955 810 1269">
     <span class='ocr_line' id='line_1_19' title="bbox 48 955 807 999; baseline 0 -10"><span class='ocrx_word' id='word_1_100' title='bbox 48 956 197 999; x_wconf 83' lang='lat' dir='ltr'><strong>adiungit</strong></span> <span class='ocrx_word' id='word_1_101' title='bbox 211 956 351 988; x_wconf 90' lang='lat' dir='ltr'><strong>similem</strong></span> <span class='ocrx_word' id='word_1_102' title='bbox 364 955 473 989; x_wconf 90' lang='lat' dir='ltr'><strong>locum</strong></span> <span class='ocrx_word' id='word_1_103' title='bbox 486 968 525 988; x_wconf 82' lang='lat' dir='ltr'><strong>ex</strong></span> <span class='ocrx_word' id='word_1_104' title='bbox 538 968 586 989; x_wconf 92' lang='lat' dir='ltr'><strong>or.</strong></span> <span class='ocrx_word' id='word_1_105' title='bbox 599 956 633 988; x_wconf 90' lang='lat' dir='ltr'><strong>in</strong></span> <span class='ocrx_word' id='word_1_106' title='bbox 647 957 686 989; x_wconf 91' lang='lat' dir='ltr'><strong>L.</strong></span> <span class='ocrx_word' id='word_1_107' title='bbox 698 956 807 989; x_wconf 89' lang='lat' dir='ltr'><strong>Pison.</strong></span> 
     </span>
     <span class='ocr_line' id='line_1_20' title="bbox 48 1000 809 1040; baseline -0.003 -5"><span class='ocrx_word' id='word_1_108' title='bbox 48 1000 111 1040; x_wconf 73' lang='grc'>2-1,</span> <span class='ocrx_word' id='word_1_109' title='bbox 137 1001 198 1035; x_wconf 85' lang='lat'>57:</span> <span class='ocrx_word' id='word_1_110' title='bbox 243 1002 329 1033; x_wconf 85' lang='lat' dir='ltr'><strong>Nam</strong></span> <span class='ocrx_word' id='word_1_111' title='bbox 363 1008 398 1033; x_wconf 87' lang='lat' dir='ltr'><strong>ut</strong></span> <span class='ocrx_word' id='word_1_112' title='bbox 430 1001 574 1034; x_wconf 84' lang='lat' dir='ltr'><strong>levitatis</strong></span> <span class='ocrx_word' id='word_1_113' title='bbox 605 1008 655 1033; x_wconf 88' lang='lat' dir='ltr'><strong>est</strong></span> <span class='ocrx_word' id='word_1_114' title='bbox 677 1002 809 1034; x_wconf 88' lang='lat' dir='ltr'><strong>inanem</strong></span> 
     </span>
     <span class='ocr_line' id='line_1_21' title="bbox 49 1046 809 1089; baseline 0 -11"><span class='ocrx_word' id='word_1_115' title='bbox 49 1046 204 1089; x_wconf 82' lang='lat' dir='ltr'><strong>aucupari</strong></span> <span class='ocrx_word' id='word_1_116' title='bbox 222 1058 385 1078; x_wconf 85' lang='lat' dir='ltr'><strong>rumorem</strong></span> <span class='ocrx_word' id='word_1_117' title='bbox 407 1053 440 1078; x_wconf 86' lang='lat' dir='ltr'><strong>et</strong></span> <span class='ocrx_word' id='word_1_118' title='bbox 463 1057 576 1078; x_wconf 89' lang='lat' dir='ltr'><strong>omnes</strong></span> <span class='ocrx_word' id='word_1_119' title='bbox 600 1047 729 1079; x_wconf 87' lang='lat' dir='ltr'><strong>umbras</strong></span> <span class='ocrx_word' id='word_1_120' title='bbox 755 1053 809 1078; x_wconf 90' lang='grc'><strong>01-</strong></span> 
     </span>
     <span class='ocr_line' id='line_1_22' title="bbox 49 1091 810 1134; baseline 0.001 -12"><span class='ocrx_word' id='word_1_121' title='bbox 49 1091 114 1123; x_wconf 86' lang='grc'>13111</span> <span class='ocrx_word' id='word_1_122' title='bbox 136 1091 238 1124; x_wconf 87' lang='lat' dir='ltr'><strong>falsae</strong></span> <span class='ocrx_word' id='word_1_123' title='bbox 259 1092 383 1134; x_wconf 88' lang='lat' dir='ltr'><strong>gloriae</strong></span> <span class='ocrx_word' id='word_1_124' title='bbox 403 1091 606 1129; x_wconf 76' lang='lat' dir='ltr'><strong>consectari3</strong></span> <span class='ocrx_word' id='word_1_125' title='bbox 631 1092 677 1124; x_wconf 92' lang='lat' dir='ltr'><strong>sic</strong></span> <span class='ocrx_word' id='word_1_126' title='bbox 692 1098 742 1123; x_wconf 89' lang='lat' dir='ltr'><strong>est</strong></span> <span class='ocrx_word' id='word_1_127' title='bbox 757 1091 810 1123; x_wconf 91' lang='lat' dir='ltr'><strong>le-</strong></span> 
     </span>
     <span class='ocr_line' id='line_1_23' title="bbox 49 1136 809 1180; baseline -0.001 -12"><span class='ocrx_word' id='word_1_128' title='bbox 49 1137 97 1168; x_wconf 78' lang='lat' dir='ltr'><strong>vis</strong></span> <span class='ocrx_word' id='word_1_129' title='bbox 122 1136 220 1168; x_wconf 88' lang='lat' dir='ltr'><strong>animi</strong></span> <span class='ocrx_word' id='word_1_130' title='bbox 248 1137 354 1168; x_wconf 84' lang='lat' dir='ltr'><strong>lucem</strong></span> <span class='ocrx_word' id='word_1_131' title='bbox 376 1136 652 1179; x_wconf 72' lang='lat' dir='ltr'>splendoremque</span> <span class='ocrx_word' id='word_1_132' title='bbox 674 1137 809 1180; x_wconf 86' lang='lat' dir='ltr'><strong>sapien-</strong></span> 
     </span>
     <span class='ocr_line' id='line_1_24' title="bbox 49 1181 809 1224; baseline 0 -11"><span class='ocrx_word' id='word_1_133' title='bbox 49 1181 103 1219; x_wconf 83' lang='lat' dir='ltr'><strong>tis,</strong></span> <span class='ocrx_word' id='word_1_134' title='bbox 128 1181 245 1213; x_wconf 84' lang='lat' dir='ltr'><strong>iustam</strong></span> <span class='ocrx_word' id='word_1_135' title='bbox 268 1181 418 1224; x_wconf 77' lang='lat' dir='ltr'>gloriam,</span> <span class='ocrx_word' id='word_1_136' title='bbox 435 1181 488 1224; x_wconf 90' lang='lat' dir='ltr'><strong>qui</strong></span> <span class='ocrx_word' id='word_1_137' title='bbox 507 1188 555 1212; x_wconf 83' lang='lat' dir='ltr'><strong>est</strong></span> <span class='ocrx_word' id='word_1_138' title='bbox 572 1182 696 1213; x_wconf 86' lang='lat' dir='ltr'><strong>fructus</strong></span> <span class='ocrx_word' id='word_1_139' title='bbox 714 1193 809 1214; x_wconf 79' lang='lat' dir='ltr'><strong>verae</strong></span> 
     </span>
     <span class='ocr_line' id='line_1_25' title="bbox 49 1226 687 1269; baseline 0 -11"><span class='ocrx_word' id='word_1_140' title='bbox 49 1226 183 1258; x_wconf 83' lang='lat' dir='ltr'><strong>virtutis</strong></span> <span class='ocrx_word' id='word_1_141' title='bbox 207 1226 477 1266; x_wconf 83' lang='lat' dir='ltr'><strong>honestissimus,</strong></span> <span class='ocrx_word' id='word_1_142' title='bbox 502 1226 687 1269; x_wconf 86' lang='lat' dir='ltr'><strong>repudiare.</strong></span> 
     </span>
    </p>

    <p class='ocr_par' dir='ltr' id='par_1_17' title="bbox 52 1271 813 1448">
     <span class='ocr_line' id='line_1_26' title="bbox 117 1271 813 1314; baseline 0 -11"><span class='ocrx_word' id='word_1_143' title='bbox 117 1273 334 1313; x_wconf 80' lang='lat' dir='ltr'><strong>proponenda]</strong></span> <span class='ocrx_word' id='word_1_144' title='bbox 360 1272 402 1302; x_wconf 88' lang='lat' dir='ltr'><strong>H.</strong></span> <span class='ocrx_word' id='word_1_145' title='bbox 415 1282 443 1304; x_wconf 91' lang='lat' dir='ltr'><strong>e.</strong></span> <span class='ocrx_word' id='word_1_146' title='bbox 465 1271 507 1303; x_wconf 94' lang='lat' dir='ltr'><strong>ob</strong></span> <span class='ocrx_word' id='word_1_147' title='bbox 527 1271 640 1303; x_wconf 87' lang='lat' dir='ltr'><strong>oculos</strong></span> <span class='ocrx_word' id='word_1_148' title='bbox 657 1271 813 1314; x_wconf 85' lang='lat' dir='ltr'><strong>ponenda</strong></span> 
     </span>
     <span class='ocr_line' id='line_1_27' title="bbox 52 1316 811 1359; baseline -0.001 -11"><span class='ocrx_word' id='word_1_149' title='bbox 52 1316 257 1348; x_wconf 73' lang='lat' dir='ltr'>immanitate</span> <span class='ocrx_word' id='word_1_150' title='bbox 282 1323 316 1348; x_wconf 88' lang='lat' dir='ltr'><strong>et</strong></span> <span class='ocrx_word' id='word_1_151' title='bbox 341 1316 484 1354; x_wconf 76' lang='lat' dir='ltr'><strong>feritate,</strong></span> <span class='ocrx_word' id='word_1_152' title='bbox 510 1327 594 1359; x_wconf 86' lang='lat' dir='ltr'><strong>quae</strong></span> <span class='ocrx_word' id='word_1_153' title='bbox 615 1323 648 1347; x_wconf 91' lang='lat' dir='ltr'><strong>et</strong></span> <span class='ocrx_word' id='word_1_154' title='bbox 667 1316 699 1347; x_wconf 93' lang='lat' dir='ltr'><strong>in</strong></span> <span class='ocrx_word' id='word_1_155' title='bbox 725 1328 811 1354; x_wconf 82' lang='lat' dir='ltr'><strong>eum,</strong></span> 
     </span>
     <span class='ocr_line' id='line_1_28' title="bbox 53 1361 813 1405; baseline 0.001 -13"><span class='ocrx_word' id='word_1_156' title='bbox 53 1362 108 1405; x_wconf 90' lang='lat' dir='ltr'><strong>qui</strong></span> <span class='ocrx_word' id='word_1_157' title='bbox 128 1361 287 1399; x_wconf 74' lang='lat' dir='ltr'><strong>invideat,</strong></span> <span class='ocrx_word' id='word_1_158' title='bbox 311 1367 344 1392; x_wconf 88' lang='lat' dir='ltr'><strong>et</strong></span> <span class='ocrx_word' id='word_1_159' title='bbox 363 1361 397 1392; x_wconf 89' lang='grc'><strong>111</strong></span> <span class='ocrx_word' id='word_1_160' title='bbox 419 1372 502 1400; x_wconf 83' lang='grc'>011111,</span> <span class='ocrx_word' id='word_1_161' title='bbox 524 1361 578 1404; x_wconf 88' lang='lat' dir='ltr'><strong>qui</strong></span> <span class='ocrx_word' id='word_1_162' title='bbox 591 1361 685 1392; x_wconf 89' lang='lat' dir='ltr'><strong>malis</strong></span> <span class='ocrx_word' id='word_1_163' title='bbox 698 1361 813 1393; x_wconf 86' lang='lat' dir='ltr'><strong>alienis</strong></span> 
     </span>
     <span class='ocr_line' id='line_1_29' title="bbox 52 1405 592 1448; baseline -0.004 -10"><span class='ocrx_word' id='word_1_164' title='bbox 52 1406 259 1448; x_wconf 82' lang='lat' dir='ltr'><strong>voluptatem</strong></span> <span class='ocrx_word' id='word_1_165' title='bbox 283 1405 412 1448; x_wconf 83' lang='lat' dir='ltr'><strong>capiat,</strong></span> <span class='ocrx_word' id='word_1_166' title='bbox 439 1405 545 1437; x_wconf 81' lang='lat' dir='ltr'><strong>cadat.</strong></span> <span class='ocrx_word' id='word_1_167' title='bbox 587 1413 592 1418; x_wconf 86' lang='lat'>&#39;</span> 
     </span>
    </p>

    <p class='ocr_par' dir='ltr' id='par_1_18' title="bbox 51 1450 820 3009">
     <span class='ocr_line' id='line_1_30' title="bbox 118 1450 813 1492; baseline -0.001 -9"><span class='ocrx_word' id='word_1_168' title='bbox 118 1452 284 1492; x_wconf 82' lang='lat' dir='ltr'><strong>confidere]</strong></span> <span class='ocrx_word' id='word_1_169' title='bbox 312 1452 433 1482; x_wconf 87' lang='lat' dir='ltr'><strong>Omnes</strong></span> <span class='ocrx_word' id='word_1_170' title='bbox 454 1451 548 1481; x_wconf 79' lang='lat' dir='ltr'><strong>MSS.</strong></span> <span class='ocrx_word' id='word_1_171' title='bbox 572 1450 739 1482; x_wconf 86' lang='lat' dir='ltr'><strong>mordicus</strong></span> <span class='ocrx_word' id='word_1_172' title='bbox 759 1457 813 1482; x_wconf 91' lang='lat' dir='ltr'><strong>te-</strong></span> 
     </span>
     <span class='ocr_line' id='line_1_31' title="bbox 51 1494 816 1536; baseline -0.001 -9"><span class='ocrx_word' id='word_1_173' title='bbox 51 1502 133 1528; x_wconf 88' lang='lat' dir='ltr'><strong>nent</strong></span> <span class='ocrx_word' id='word_1_174' title='bbox 150 1497 312 1536; x_wconf 81' lang='lat' dir='ltr'><strong>confidere.</strong></span> <span class='ocrx_word' id='word_1_175' title='bbox 348 1496 390 1527; x_wconf 91' lang='lat' dir='ltr'><strong>Et</strong></span> <span class='ocrx_word' id='word_1_176' title='bbox 414 1495 462 1527; x_wconf 90' lang='lat' dir='ltr'><strong>sic</strong></span> <span class='ocrx_word' id='word_1_177' title='bbox 485 1494 517 1526; x_wconf 89' lang='lat' dir='ltr'><strong>in</strong></span> <span class='ocrx_word' id='word_1_178' title='bbox 541 1495 617 1526; x_wconf 91' lang='lat' dir='ltr'><strong>edd.</strong></span> <span class='ocrx_word' id='word_1_179' title='bbox 632 1502 727 1533; x_wconf 63' lang='lat' dir='ltr'><strong>vett„</strong></span> <span class='ocrx_word' id='word_1_180' title='bbox 752 1507 816 1527; x_wconf 88' lang='lat' dir='ltr'><strong>ne—</strong></span> 
     </span>
     <span class='ocr_line' id='line_1_32' title="bbox 53 1539 815 1584; baseline 0.001 -12"><span class='ocrx_word' id='word_1_181' title='bbox 53 1552 117 1584; x_wconf 92' lang='lat' dir='ltr'><strong>que</strong></span> <span class='ocrx_word' id='word_1_182' title='bbox 151 1539 248 1572; x_wconf 87' lang='lat' dir='ltr'><strong>aliter</strong></span> <span class='ocrx_word' id='word_1_183' title='bbox 278 1540 366 1583; x_wconf 84' lang='lat' dir='ltr'><strong>apud</strong></span> <span class='ocrx_word' id='word_1_184' title='bbox 389 1539 536 1572; x_wconf 88' lang='lat' dir='ltr'><strong>Nonium</strong></span> <span class='ocrx_word' id='word_1_185' title='bbox 569 1540 601 1571; x_wconf 90' lang='lat' dir='ltr'><strong>in</strong></span> <span class='ocrx_word' id='word_1_186' title='bbox 635 1552 665 1572; x_wconf 83' lang='lat' dir='ltr'><strong>v.</strong></span> <span class='ocrx_word' id='word_1_187' title='bbox 692 1543 815 1581; x_wconf 79' lang='lat' dir='ltr'><strong>laetari,</strong></span> 
     </span>
     <span class='ocr_line' id='line_1_33' title="bbox 53 1584 816 1629; baseline 0 -12"><span class='ocrx_word' id='word_1_188' title='bbox 53 1585 184 1629; x_wconf 86' lang='lat' dir='ltr'><strong>legitur.</strong></span> <span class='ocrx_word' id='word_1_189' title='bbox 234 1584 409 1628; x_wconf 88' lang='lat' dir='ltr'><strong>Oppositio</strong></span> <span class='ocrx_word' id='word_1_190' title='bbox 432 1585 520 1617; x_wconf 88' lang='lat' dir='ltr'><strong>inter</strong></span> <span class='ocrx_word' id='word_1_191' title='bbox 541 1587 758 1626; x_wconf 77' lang='lat' dir='ltr'><strong>confidendum</strong></span> <span class='ocrx_word' id='word_1_192' title='bbox 783 1592 816 1617; x_wconf 89' lang='lat' dir='ltr'><strong>et</strong></span> 
     </span>
     <span class='ocr_line' id='line_1_34' title="bbox 52 1630 817 1673; baseline -0.003 -10"><span class='ocrx_word' id='word_1_193' title='bbox 52 1631 242 1670; x_wconf 76' lang='lat' dir='ltr'><strong>timendum,</strong></span> <span class='ocrx_word' id='word_1_194' title='bbox 278 1630 304 1662; x_wconf 91' lang='lat' dir='ltr'><strong>si</strong></span> <span class='ocrx_word' id='word_1_195' title='bbox 326 1630 490 1662; x_wconf 86' lang='lat' dir='ltr'><strong>rationem</strong></span> <span class='ocrx_word' id='word_1_196' title='bbox 513 1630 633 1661; x_wconf 83' lang='lat' dir='ltr'>habeas</span> <span class='ocrx_word' id='word_1_197' title='bbox 658 1630 725 1661; x_wconf 88' lang='lat' dir='ltr'><strong>eius</strong></span> <span class='ocrx_word' id='word_1_198' title='bbox 752 1641 817 1673; x_wconf 87' lang='lat' dir='ltr'><strong>op-</strong></span> 
     </span>
     <span class='ocr_line' id='line_1_35' title="bbox 52 1675 817 1719; baseline 0 -12"><span class='ocrx_word' id='word_1_199' title='bbox 52 1675 235 1719; x_wconf 84' lang='lat' dir='ltr'>positionis,</span> <span class='ocrx_word' id='word_1_200' title='bbox 258 1687 340 1718; x_wconf 87' lang='lat' dir='ltr'><strong>quae</strong></span> <span class='ocrx_word' id='word_1_201' title='bbox 364 1682 413 1706; x_wconf 91' lang='lat' dir='ltr'><strong>est</strong></span> <span class='ocrx_word' id='word_1_202' title='bbox 431 1675 518 1706; x_wconf 85' lang='lat' dir='ltr'><strong>inter</strong></span> <span class='ocrx_word' id='word_1_203' title='bbox 538 1675 637 1706; x_wconf 84' lang='lat' dir='ltr'><strong>verba</strong></span> <span class='ocrx_word' id='word_1_204' title='bbox 656 1676 817 1715; x_wconf 73' lang='lat' dir='ltr'><strong>yaudendi</strong></span> 
     </span>
     <span class='ocr_line' id='line_1_36' title="bbox 54 1719 817 1762; baseline 0 -10"><span class='ocrx_word' id='word_1_205' title='bbox 54 1727 87 1752; x_wconf 87' lang='lat' dir='ltr'><strong>et</strong></span> <span class='ocrx_word' id='word_1_206' title='bbox 111 1722 271 1759; x_wconf 82' lang='lat' dir='ltr'><strong>laelandi,</strong></span> <span class='ocrx_word' id='word_1_207' title='bbox 306 1720 461 1751; x_wconf 82' lang='lat' dir='ltr'><strong>vacillare</strong></span> <span class='ocrx_word' id='word_1_208' title='bbox 494 1719 590 1762; x_wconf 87' lang='lat' dir='ltr'><strong>plane</strong></span> <span class='ocrx_word' id='word_1_209' title='bbox 624 1719 756 1751; x_wconf 85' lang='lat' dir='ltr'><strong>videtur</strong></span> <span class='ocrx_word' id='word_1_210' title='bbox 779 1732 817 1752; x_wconf 88' lang='lat' dir='ltr'><strong>ac</strong></span> 
     </span>
     <span class='ocr_line' id='line_1_37' title="bbox 52 1764 818 1807; baseline -0.001 -10"><span class='ocrx_word' id='word_1_211' title='bbox 52 1765 209 1798; x_wconf 85' lang='lat' dir='ltr'><strong>titubare.</strong></span> <span class='ocrx_word' id='word_1_212' title='bbox 264 1764 351 1796; x_wconf 90' lang='lat' dir='ltr'><strong>Hinc</strong></span> <span class='ocrx_word' id='word_1_213' title='bbox 384 1767 555 1797; x_wconf 82' lang='lat' dir='ltr'><strong>Lambinus</strong></span> <span class='ocrx_word' id='word_1_214' title='bbox 589 1764 818 1807; x_wconf 89' lang='lat' dir='ltr'><strong>suspicabatur</strong></span> 
     </span>
     <span class='ocr_line' id='line_1_38' title="bbox 53 1809 817 1852; baseline -0.001 -10"><span class='ocrx_word' id='word_1_215' title='bbox 53 1812 217 1851; x_wconf 77' lang='lat' dir='ltr'><strong>diffidere5</strong></span> <span class='ocrx_word' id='word_1_216' title='bbox 242 1821 303 1841; x_wconf 90' lang='lat' dir='ltr'><strong>nec</strong></span> <span class='ocrx_word' id='word_1_217' title='bbox 325 1821 404 1841; x_wconf 81' lang='lat' dir='ltr'><strong>vero</strong></span> <span class='ocrx_word' id='word_1_218' title='bbox 418 1809 609 1848; x_wconf 81' lang='grc'>1130013110,</span> <span class='ocrx_word' id='word_1_219' title='bbox 635 1821 731 1852; x_wconf 87' lang='lat' dir='ltr'><strong>quam</strong></span> <span class='ocrx_word' id='word_1_220' title='bbox 752 1810 817 1841; x_wconf 89' lang='lat' dir='ltr'><strong>mi-</strong></span> 
     </span>
     <span class='ocr_line' id='line_1_39' title="bbox 53 1855 817 1898; baseline -0.001 -11"><span class='ocrx_word' id='word_1_221' title='bbox 53 1855 143 1887; x_wconf 81' lang='lat' dir='ltr'><strong>rifice</strong></span> <span class='ocrx_word' id='word_1_222' title='bbox 162 1855 366 1898; x_wconf 78' lang='lat' dir='ltr'>amplexatus</span> <span class='ocrx_word' id='word_1_223' title='bbox 384 1862 433 1887; x_wconf 87' lang='lat' dir='ltr'><strong>est</strong></span> <span class='ocrx_word' id='word_1_224' title='bbox 448 1855 623 1892; x_wconf 75' lang='grc'>8011110105,</span> <span class='ocrx_word' id='word_1_225' title='bbox 651 1855 715 1886; x_wconf 87' lang='grc'>1100</span> <span class='ocrx_word' id='word_1_226' title='bbox 729 1862 817 1886; x_wconf 85' lang='lat' dir='ltr'><strong>certe</strong></span> 
     </span>
     <span class='ocr_line' id='line_1_40' title="bbox 53 1900 817 1951; baseline -0.001 -19"><span class='ocrx_word' id='word_1_227' title='bbox 53 1901 146 1939; x_wconf 87' lang='lat' dir='ltr'><strong>loco,</strong></span> <span class='ocrx_word' id='word_1_228' title='bbox 178 1900 211 1932; x_wconf 88' lang='lat' dir='ltr'><strong>in</strong></span> <span class='ocrx_word' id='word_1_229' title='bbox 237 1912 302 1943; x_wconf 90' lang='lat' dir='ltr'><strong>quo</strong></span> <span class='ocrx_word' id='word_1_230' title='bbox 329 1900 443 1932; x_wconf 86' lang='lat' dir='ltr'><strong>Cicero</strong></span> <span class='ocrx_word' id='word_1_231' title='bbox 468 1900 655 1931; x_wconf 85' lang='lat' dir='ltr'><strong>Stoicorum</strong></span> <span class='ocrx_word' id='word_1_232' title='bbox 680 1900 817 1951; x_wconf 77' lang='lat' dir='ltr'><strong>vestigia</strong></span> 
     </span>
     <span class='ocr_line' id='line_1_41' title="bbox 52 1944 815 1990; baseline -0.001 -13"><span class='ocrx_word' id='word_1_233' title='bbox 52 1945 172 1990; x_wconf 81' lang='lat' dir='ltr'>premit</span> <span class='ocrx_word' id='word_1_234' title='bbox 193 1956 254 1977; x_wconf 89' lang='lat' dir='ltr'><strong>nec</strong></span> <span class='ocrx_word' id='word_1_235' title='bbox 276 1945 408 1987; x_wconf 78' lang='lat' dir='ltr'><strong>vulgare</strong></span> <span class='ocrx_word' id='word_1_236' title='bbox 429 1944 559 1976; x_wconf 87' lang='lat' dir='ltr'><strong>dicendi</strong></span> <span class='ocrx_word' id='word_1_237' title='bbox 581 1956 681 1987; x_wconf 81' lang='lat' dir='ltr'><strong>genus</strong></span> <span class='ocrx_word' id='word_1_238' title='bbox 704 1945 815 1987; x_wconf 76' lang='lat' dir='ltr'><strong>sequi-</strong></span> 
     </span>
     <span class='ocr_line' id='line_1_42' title="bbox 52 1990 817 2032; baseline -0.003 -9"><span class='ocrx_word' id='word_1_239' title='bbox 52 1999 127 2028; x_wconf 89' lang='lat' dir='ltr'><strong>tur,</strong></span> <span class='ocrx_word' id='word_1_240' title='bbox 162 1991 246 2021; x_wconf 88' lang='lat' dir='ltr'><strong>bene</strong></span> <span class='ocrx_word' id='word_1_241' title='bbox 270 1990 442 2032; x_wconf 82' lang='lat' dir='ltr'><strong>procedit3</strong></span> <span class='ocrx_word' id='word_1_242' title='bbox 480 1990 581 2022; x_wconf 88' lang='lat' dir='ltr'>Stoici</span> <span class='ocrx_word' id='word_1_243' title='bbox 612 1990 698 2021; x_wconf 85' lang='lat' dir='ltr'><strong>enim</strong></span> <span class='ocrx_word' id='word_1_244' title='bbox 724 1990 817 2021; x_wconf 86' lang='lat' dir='ltr'><strong>diffi-</strong></span> 
     </span>
     <span class='ocr_line' id='line_1_43' title="bbox 53 2034 818 2077; baseline -0.001 -10"><span class='ocrx_word' id='word_1_245' title='bbox 53 2035 200 2068; x_wconf 80' lang='lat' dir='ltr'>dentiam</span> <span class='ocrx_word' id='word_1_246' title='bbox 220 2034 252 2066; x_wconf 90' lang='lat' dir='ltr'><strong>in</strong></span> <span class='ocrx_word' id='word_1_247' title='bbox 272 2034 358 2065; x_wconf 85' lang='lat' dir='ltr'><strong>vitiis</strong></span> <span class='ocrx_word' id='word_1_248' title='bbox 371 2034 546 2066; x_wconf 85' lang='lat' dir='ltr'><strong>ducebant.</strong></span> <span class='ocrx_word' id='word_1_249' title='bbox 579 2035 696 2077; x_wconf 84' lang='lat' dir='ltr'><strong>Neque</strong></span> <span class='ocrx_word' id='word_1_250' title='bbox 709 2035 818 2066; x_wconf 89' lang='lat' dir='ltr'><strong>omni—</strong></span> 
     </span>
     <span class='ocr_line' id='line_1_44' title="bbox 53 2079 818 2122; baseline -0.001 -9"><span class='ocrx_word' id='word_1_251' title='bbox 53 2092 97 2113; x_wconf 89' lang='grc'><strong>110</strong></span> <span class='ocrx_word' id='word_1_252' title='bbox 122 2082 263 2120; x_wconf 73' lang='lat' dir='ltr'><strong>diffidere</strong></span> <span class='ocrx_word' id='word_1_253' title='bbox 286 2079 448 2122; x_wconf 83' lang='lat' dir='ltr'><strong>significat</strong></span> <span class='ocrx_word' id='word_1_254' title='bbox 477 2090 536 2112; x_wconf 82' lang='lat' dir='ltr'><strong>non</strong></span> <span class='ocrx_word' id='word_1_255' title='bbox 559 2083 668 2111; x_wconf 77' lang='lat' dir='ltr'><strong>temere</strong></span> <span class='ocrx_word' id='word_1_256' title='bbox 691 2083 818 2121; x_wconf 72' lang='lat' dir='ltr'><strong>limere,·</strong></span> 
     </span>
     <span class='ocr_line' id='line_1_45' title="bbox 54 2124 817 2169; baseline -0.001 -11"><span class='ocrx_word' id='word_1_257' title='bbox 54 2137 155 2169; x_wconf 83' lang='lat' dir='ltr'><strong>quare</strong></span> <span class='ocrx_word' id='word_1_258' title='bbox 178 2124 312 2156; x_wconf 80' lang='lat' dir='ltr'><strong>minime</strong></span> <span class='ocrx_word' id='word_1_259' title='bbox 332 2124 513 2168; x_wconf 88' lang='lat' dir='ltr'><strong>respondet</strong></span> <span class='ocrx_word' id='word_1_260' title='bbox 536 2125 685 2167; x_wconf 83' lang='lat' dir='ltr'><strong>sequenti</strong></span> <span class='ocrx_word' id='word_1_261' title='bbox 698 2127 817 2165; x_wconf 67' lang='lat' dir='ltr'><strong>gaude-</strong></span> 
     </span>
     <span class='ocr_line' id='line_1_46' title="bbox 53 2169 818 2212; baseline -0.003 -9"><span class='ocrx_word' id='word_1_262' title='bbox 53 2181 96 2204; x_wconf 79' lang='lat' dir='ltr'><strong>re.</strong></span> <span class='ocrx_word' id='word_1_263' title='bbox 134 2172 188 2203; x_wconf 90' lang='lat' dir='ltr'><strong>Or.</strong></span> <span class='ocrx_word' id='word_1_264' title='bbox 211 2181 239 2202; x_wconf 93' lang='grc'><strong>0.</strong></span> <span class='ocrx_word' id='word_1_265' title='bbox 255 2170 334 2201; x_wconf 86' lang='lat' dir='ltr'><strong>Dav.</strong></span> <span class='ocrx_word' id='word_1_266' title='bbox 349 2169 481 2212; x_wconf 85' lang='lat' dir='ltr'><strong>scripsit</strong></span> <span class='ocrx_word' id='word_1_267' title='bbox 501 2179 619 2202; x_wconf 83' lang='lat' dir='ltr'><strong>cavere.</strong></span> <span class='ocrx_word' id='word_1_268' title='bbox 655 2170 751 2208; x_wconf 90' lang='lat' dir='ltr'><strong>Nam,</strong></span> <span class='ocrx_word' id='word_1_269' title='bbox 771 2170 818 2201; x_wconf 89' lang='lat' dir='ltr'><strong>uti</strong></span> 
     </span>
     <span class='ocr_line' id='line_1_47' title="bbox 53 2214 819 2259; baseline 0 -12"><span class='ocrx_word' id='word_1_270' title='bbox 53 2227 151 2259; x_wconf 88' lang='lat' dir='ltr'><strong>supra</strong></span> <span class='ocrx_word' id='word_1_271' title='bbox 178 2226 205 2246; x_wconf 95' lang='grc'><strong>0.</strong></span> <span class='ocrx_word' id='word_1_272' title='bbox 227 2214 259 2254; x_wconf 87' lang='grc'>6,</span> <span class='ocrx_word' id='word_1_273' title='bbox 286 2215 338 2248; x_wconf 79' lang='grc'><strong>13.</strong></span> <span class='ocrx_word' id='word_1_274' title='bbox 363 2214 524 2253; x_wconf 88' lang='lat' dir='ltr'><strong>vidimus,</strong></span> <span class='ocrx_word' id='word_1_275' title='bbox 557 2214 659 2246; x_wconf 84' lang='lat' dir='ltr'>Stoici</span> <span class='ocrx_word' id='word_1_276' title='bbox 684 2217 819 2247; x_wconf 78' lang='lat' dir='ltr'><strong>laetitiae</strong></span> 
     </span>
     <span class='ocr_line' id='line_1_48' title="bbox 55 2259 817 2304; baseline -0.001 -11"><span class='ocrx_word' id='word_1_277' title='bbox 55 2259 271 2304; x_wconf 86' lang='lat' dir='ltr'><strong>opponebant</strong></span> <span class='ocrx_word' id='word_1_278' title='bbox 303 2261 478 2300; x_wconf 65' lang='lat' dir='ltr'><strong>glaudium,</strong></span> <span class='ocrx_word' id='word_1_279' title='bbox 512 2262 617 2291; x_wconf 76' lang='lat' dir='ltr'><strong>timori</strong></span> <span class='ocrx_word' id='word_1_280' title='bbox 648 2260 699 2291; x_wconf 90' lang='lat' dir='ltr'><strong>vel</strong></span> <span class='ocrx_word' id='word_1_281' title='bbox 724 2263 817 2292; x_wconf 66' lang='lat' dir='ltr'><strong>metui</strong></span> 
     </span>
     <span class='ocr_line' id='line_1_49' title="bbox 54 2305 818 2347; baseline -0.001 -9"><span class='ocrx_word' id='word_1_282' title='bbox 54 2308 238 2338; x_wconf 74' lang='lat' dir='ltr'><strong>cautionem.</strong></span> <span class='ocrx_word' id='word_1_283' title='bbox 285 2306 328 2336; x_wconf 84' lang='lat' dir='ltr'><strong>Et</strong></span> <span class='ocrx_word' id='word_1_284' title='bbox 351 2305 399 2336; x_wconf 90' lang='lat' dir='ltr'><strong>sic</strong></span> <span class='ocrx_word' id='word_1_285' title='bbox 422 2307 547 2336; x_wconf 84' lang='lat' dir='ltr'><strong>Seneca</strong></span> <span class='ocrx_word' id='word_1_286' title='bbox 572 2316 624 2347; x_wconf 90' lang='lat' dir='ltr'><strong>ep.</strong></span> <span class='ocrx_word' id='word_1_287' title='bbox 647 2305 708 2337; x_wconf 68' lang='lat'>85:</span> <span class='ocrx_word' id='word_1_288' title='bbox 750 2307 818 2337; x_wconf 78' lang='lat' dir='ltr'><strong>Non</strong></span> 
     </span>
     <span class='ocr_line' id='line_1_50' title="bbox 55 2349 817 2392; baseline -0.001 -10"><span class='ocrx_word' id='word_1_289' title='bbox 55 2352 169 2382; x_wconf 80' lang='lat' dir='ltr'><strong>timebit</strong></span> <span class='ocrx_word' id='word_1_290' title='bbox 188 2352 245 2381; x_wconf 86' lang='lat' dir='ltr'><strong>illa</strong></span> <span class='ocrx_word' id='word_1_291' title='bbox 268 2349 331 2392; x_wconf 87' lang='lat' dir='ltr'><strong>(vir</strong></span> <span class='ocrx_word' id='word_1_292' title='bbox 350 2349 475 2390; x_wconf 84' lang='lat' dir='ltr'><strong>fortis),</strong></span> <span class='ocrx_word' id='word_1_293' title='bbox 497 2349 556 2381; x_wconf 91' lang='lat' dir='ltr'><strong>sed</strong></span> <span class='ocrx_word' id='word_1_294' title='bbox 575 2352 694 2381; x_wconf 74' lang='lat' dir='ltr'><strong>vitabit.</strong></span> <span class='ocrx_word' id='word_1_295' title='bbox 729 2350 817 2381; x_wconf 87' lang='lat' dir='ltr'><strong>Cau-</strong></span> 
     </span>
     <span class='ocr_line' id='line_1_51' title="bbox 56 2393 818 2434; baseline 0 -8"><span class='ocrx_word' id='word_1_296' title='bbox 56 2394 106 2427; x_wconf 85' lang='lat' dir='ltr'><strong>tio</strong></span> <span class='ocrx_word' id='word_1_297' title='bbox 127 2394 219 2425; x_wconf 86' lang='lat' dir='ltr'><strong>illum</strong></span> <span class='ocrx_word' id='word_1_298' title='bbox 239 2393 347 2431; x_wconf 80' lang='lat' dir='ltr'><strong>decet,</strong></span> <span class='ocrx_word' id='word_1_299' title='bbox 372 2393 472 2425; x_wconf 87' lang='lat' dir='ltr'><strong>timor</strong></span> <span class='ocrx_word' id='word_1_300' title='bbox 492 2405 559 2425; x_wconf 90' lang='lat' dir='ltr'><strong>non</strong></span> <span class='ocrx_word' id='word_1_301' title='bbox 582 2393 689 2425; x_wconf 84' lang='lat' dir='ltr'><strong>decet.</strong></span> <span class='ocrx_word' id='word_1_302' title='bbox 726 2397 818 2434; x_wconf 62' lang='lat' dir='ltr'><strong>Tres]-</strong></span> 
     </span>
     <span class='ocr_line' id='line_1_52' title="bbox 56 2437 819 2481; baseline -0.001 -10"><span class='ocrx_word' id='word_1_303' title='bbox 56 2441 112 2471; x_wconf 86' lang='lat' dir='ltr'><strong>der</strong></span> <span class='ocrx_word' id='word_1_304' title='bbox 136 2438 221 2470; x_wconf 88' lang='lat' dir='ltr'><strong>coni.</strong></span> <span class='ocrx_word' id='word_1_305' title='bbox 241 2440 423 2478; x_wconf 74' lang='lat' dir='ltr'><strong>providere.-</strong></span> <span class='ocrx_word' id='word_1_306' title='bbox 459 2437 549 2481; x_wconf 91' lang='lat' dir='ltr'><strong>quod</strong></span> <span class='ocrx_word' id='word_1_307' title='bbox 572 2438 727 2480; x_wconf 84' lang='lat' dir='ltr'><strong>probavit</strong></span> <span class='ocrx_word' id='word_1_308' title='bbox 752 2441 819 2470; x_wconf 86' lang='lat' dir='ltr'><strong>We-</strong></span> 
     </span>
     <span class='ocr_line' id='line_1_53' title="bbox 57 2482 820 2525; baseline -0.001 -9"><span class='ocrx_word' id='word_1_309' title='bbox 57 2486 141 2516; x_wconf 84' lang='lat' dir='ltr'><strong>senb.</strong></span> <span class='ocrx_word' id='word_1_310' title='bbox 168 2484 239 2515; x_wconf 86' lang='lat' dir='ltr'><strong>Em.</strong></span> <span class='ocrx_word' id='word_1_311' title='bbox 262 2484 302 2514; x_wconf 88' lang='lat' dir='ltr'><strong>Il.</strong></span> <span class='ocrx_word' id='word_1_312' title='bbox 328 2494 360 2525; x_wconf 87' lang='lat' dir='ltr'><strong>p.</strong></span> <span class='ocrx_word' id='word_1_313' title='bbox 378 2483 431 2515; x_wconf 90' lang='lat'>55.</span> <span class='ocrx_word' id='word_1_314' title='bbox 466 2483 530 2525; x_wconf 83' lang='lat' dir='ltr'><strong>(De</strong></span> <span class='ocrx_word' id='word_1_315' title='bbox 550 2482 685 2525; x_wconf 84' lang='lat' dir='ltr'><strong>syllabis</strong></span> <span class='ocrx_word' id='word_1_316' title='bbox 706 2493 762 2515; x_wconf 84' lang='lat' dir='ltr'><strong>con</strong></span> <span class='ocrx_word' id='word_1_317' title='bbox 786 2489 820 2514; x_wconf 86' lang='lat' dir='ltr'><strong>et</strong></span> 
     </span>
     <span class='ocr_line' id='line_1_54' title="bbox 54 2526 818 2570; baseline 0 -10"><span class='ocrx_word' id='word_1_318' title='bbox 54 2538 114 2570; x_wconf 84' lang='lat' dir='ltr'><strong>pro</strong></span> <span class='ocrx_word' id='word_1_319' title='bbox 135 2528 168 2559; x_wconf 87' lang='lat' dir='ltr'><strong>in</strong></span> <span class='ocrx_word' id='word_1_320' title='bbox 191 2528 287 2560; x_wconf 89' lang='lat' dir='ltr'>codd.</span> <span class='ocrx_word' id='word_1_321' title='bbox 314 2527 460 2559; x_wconf 86' lang='lat' dir='ltr'><strong>confusis</strong></span> <span class='ocrx_word' id='word_1_322' title='bbox 483 2539 514 2559; x_wconf 86' lang='lat' dir='ltr'><strong>v.</strong></span> <span class='ocrx_word' id='word_1_323' title='bbox 536 2527 579 2558; x_wconf 88' lang='lat' dir='ltr'><strong>ad</strong></span> <span class='ocrx_word' id='word_1_324' title='bbox 603 2528 658 2558; x_wconf 88' lang='grc'>111.</span> <span class='ocrx_word' id='word_1_325' title='bbox 681 2528 735 2567; x_wconf 77' lang='lat'><strong>25,</strong></span> <span class='ocrx_word' id='word_1_326' title='bbox 755 2526 818 2560; x_wconf 88' lang='lat'><strong>60:</strong></span> 
     </span>
     <span class='ocr_line' id='line_1_55' title="bbox 56 2571 820 2616; baseline -0.004 -11"><span class='ocrx_word' id='word_1_327' title='bbox 56 2575 172 2606; x_wconf 71' lang='lat' dir='ltr'><strong>cohibet</strong></span> <span class='ocrx_word' id='word_1_328' title='bbox 202 2572 392 2616; x_wconf 57' lang='lat' dir='ltr'><strong>(prohibeo.)</strong></span> <span class='ocrx_word' id='word_1_329' title='bbox 441 2575 489 2604; x_wconf 84' lang='lat' dir='ltr'><strong>Ac</strong></span> <span class='ocrx_word' id='word_1_330' title='bbox 516 2583 594 2603; x_wconf 84' lang='lat' dir='ltr'><strong>sane</strong></span> <span class='ocrx_word' id='word_1_331' title='bbox 622 2571 647 2602; x_wconf 91' lang='lat' dir='ltr'><strong>si</strong></span> <span class='ocrx_word' id='word_1_332' title='bbox 677 2571 712 2603; x_wconf 90' lang='lat' dir='ltr'><strong>id</strong></span> <span class='ocrx_word' id='word_1_333' title='bbox 741 2583 820 2603; x_wconf 86' lang='lat' dir='ltr'><strong>ver—</strong></span> 
     </span>
     <span class='ocr_line' id='line_1_56' title="bbox 57 2616 820 2660; baseline -0.003 -10"><span class='ocrx_word' id='word_1_334' title='bbox 57 2618 134 2650; x_wconf 90' lang='lat' dir='ltr'><strong>bum</strong></span> <span class='ocrx_word' id='word_1_335' title='bbox 154 2617 200 2650; x_wconf 89' lang='lat' dir='ltr'><strong>ita</strong></span> <span class='ocrx_word' id='word_1_336' title='bbox 224 2617 404 2660; x_wconf 81' lang='lat' dir='ltr'><strong>accipitur</strong></span> <span class='ocrx_word' id='word_1_337' title='bbox 439 2624 474 2648; x_wconf 93' lang='lat' dir='ltr'><strong>ut</strong></span> <span class='ocrx_word' id='word_1_338' title='bbox 498 2616 540 2647; x_wconf 89' lang='lat' dir='ltr'><strong>sit</strong></span> <span class='ocrx_word' id='word_1_339' title='bbox 559 2618 727 2656; x_wconf 82' lang='lat' dir='ltr'><strong>providum</strong></span> <span class='ocrx_word' id='word_1_340' title='bbox 748 2627 820 2657; x_wconf 86' lang='lat' dir='ltr'><strong>esse,</strong></span> 
     </span>
     <span class='ocr_line' id='line_1_57' title="bbox 56 2660 820 2705; baseline -0.005 -10"><span class='ocrx_word' id='word_1_341' title='bbox 56 2665 222 2704; x_wconf 71' lang='lat' dir='ltr'><strong>vorsicliliy</strong></span> <span class='ocrx_word' id='word_1_342' title='bbox 241 2665 316 2702; x_wconf 83' lang='lat' dir='ltr'><strong>sein,</strong></span> <span class='ocrx_word' id='word_1_343' title='bbox 342 2663 468 2705; x_wconf 87' lang='lat' dir='ltr'><strong>optime</strong></span> <span class='ocrx_word' id='word_1_344' title='bbox 488 2661 519 2692; x_wconf 90' lang='lat' dir='ltr'><strong>in</strong></span> <span class='ocrx_word' id='word_1_345' title='bbox 542 2661 628 2692; x_wconf 88' lang='lat' dir='ltr'><strong>hunc</strong></span> <span class='ocrx_word' id='word_1_346' title='bbox 650 2660 820 2692; x_wconf 64' lang='grc' dir='ltr'>10011νο-</span> 
     </span>
     <span class='ocr_line' id='line_1_58' title="bbox 57 2706 819 2751; baseline -0.003 -13"><span class='ocrx_word' id='word_1_347' title='bbox 57 2707 116 2739; x_wconf 90' lang='lat' dir='ltr'><strong>nit.</strong></span> <span class='ocrx_word' id='word_1_348' title='bbox 154 2708 325 2750; x_wconf 87' lang='lat' dir='ltr'><strong>Vulgatam</strong></span> <span class='ocrx_word' id='word_1_349' title='bbox 345 2709 496 2751; x_wconf 70' lang='lat' dir='ltr'><strong>confidere</strong></span> <span class='ocrx_word' id='word_1_350' title='bbox 516 2708 617 2738; x_wconf 72' lang='lat' dir='ltr'><strong>Klotz.</strong></span> <span class='ocrx_word' id='word_1_351' title='bbox 637 2706 668 2737; x_wconf 91' lang='lat' dir='ltr'><strong>in</strong></span> <span class='ocrx_word' id='word_1_352' title='bbox 685 2707 819 2745; x_wconf 91' lang='lat' dir='ltr'><strong>Quaest.</strong></span> 
     </span>
     <span class='ocr_line' id='line_1_59' title="bbox 59 2750 819 2795; baseline -0.004 -11"><span class='ocrx_word' id='word_1_353' title='bbox 59 2751 149 2784; x_wconf 90' lang='lat' dir='ltr'><strong>Tull.</strong></span> <span class='ocrx_word' id='word_1_354' title='bbox 167 2753 190 2783; x_wconf 89' lang='lat' dir='ltr'><strong>l.</strong></span> <span class='ocrx_word' id='word_1_355' title='bbox 212 2764 245 2795; x_wconf 89' lang='lat' dir='ltr'><strong>p.</strong></span> <span class='ocrx_word' id='word_1_356' title='bbox 261 2753 318 2785; x_wconf 81' lang='lat'><strong>121</strong></span> <span class='ocrx_word' id='word_1_357' title='bbox 332 2764 380 2795; x_wconf 91' lang='lat' dir='ltr'><strong>sq.</strong></span> <span class='ocrx_word' id='word_1_358' title='bbox 403 2753 487 2784; x_wconf 88' lang='lat' dir='ltr'><strong>tueri</strong></span> <span class='ocrx_word' id='word_1_359' title='bbox 508 2750 620 2782; x_wconf 86' lang='lat' dir='ltr'><strong>studet</strong></span> <span class='ocrx_word' id='word_1_360' title='bbox 640 2750 690 2782; x_wconf 91' lang='lat' dir='ltr'><strong>his</strong></span> <span class='ocrx_word' id='word_1_361' title='bbox 713 2750 819 2782; x_wconf 66' lang='lat' dir='ltr'><strong>ratio-</strong></span> 
     </span>
     <span class='ocr_line' id='line_1_60' title="bbox 60 2795 818 2836; baseline -0.001 -9"><span class='ocrx_word' id='word_1_362' title='bbox 60 2795 176 2827; x_wconf 85' lang='lat' dir='ltr'><strong>nibus:</strong></span> <span class='ocrx_word' id='word_1_363' title='bbox 201 2797 364 2836; x_wconf 82' lang='lat' dir='ltr'><strong>„Faciunt</strong></span> <span class='ocrx_word' id='word_1_364' title='bbox 377 2797 570 2829; x_wconf 83' lang='lat' dir='ltr'><strong>Ciceronem</strong></span> <span class='ocrx_word' id='word_1_365' title='bbox 593 2795 742 2827; x_wconf 90' lang='lat' dir='ltr'><strong>subtilius</strong></span> <span class='ocrx_word' id='word_1_366' title='bbox 764 2795 818 2826; x_wconf 85' lang='lat' dir='ltr'><strong>lo-</strong></span> 
     </span>
     <span class='ocr_line' id='line_1_61' title="bbox 61 2839 820 2885; baseline 0 -14"><span class='ocrx_word' id='word_1_367' title='bbox 61 2847 216 2883; x_wconf 72' lang='lat' dir='ltr'><strong>quantem</strong></span> <span class='ocrx_word' id='word_1_368' title='bbox 236 2848 336 2885; x_wconf 85' lang='lat' dir='ltr'><strong>atque</strong></span> <span class='ocrx_word' id='word_1_369' title='bbox 359 2842 495 2879; x_wconf 84' lang='lat' dir='ltr'><strong>acutius,</strong></span> <span class='ocrx_word' id='word_1_370' title='bbox 521 2852 615 2884; x_wconf 79' lang='lat' dir='ltr'><strong>quam</strong></span> <span class='ocrx_word' id='word_1_371' title='bbox 637 2847 693 2872; x_wconf 88' lang='lat' dir='ltr'><strong>aut</strong></span> <span class='ocrx_word' id='word_1_372' title='bbox 715 2839 820 2872; x_wconf 89' lang='lat' dir='ltr'><strong>voluit</strong></span> 
     </span>
     <span class='ocr_line' id='line_1_62' title="bbox 61 2885 817 2930; baseline -0.001 -14"><span class='ocrx_word' id='word_1_373' title='bbox 61 2885 131 2928; x_wconf 84' lang='lat' dir='ltr'><strong>ipse</strong></span> <span class='ocrx_word' id='word_1_374' title='bbox 149 2891 204 2917; x_wconf 86' lang='lat' dir='ltr'><strong>aut</strong></span> <span class='ocrx_word' id='word_1_375' title='bbox 224 2897 288 2928; x_wconf 83' lang='lat' dir='ltr'><strong>pro</strong></span> <span class='ocrx_word' id='word_1_376' title='bbox 307 2898 344 2918; x_wconf 87' lang='lat' dir='ltr'><strong>re</strong></span> <span class='ocrx_word' id='word_1_377' title='bbox 363 2893 441 2919; x_wconf 86' lang='lat' dir='ltr'><strong>nata</strong></span> <span class='ocrx_word' id='word_1_378' title='bbox 463 2887 583 2930; x_wconf 88' lang='lat' dir='ltr'><strong>potuit.</strong></span> <span class='ocrx_word' id='word_1_379' title='bbox 616 2886 702 2917; x_wconf 88' lang='lat' dir='ltr'><strong>Nam</strong></span> <span class='ocrx_word' id='word_1_380' title='bbox 720 2896 817 2928; x_wconf 91' lang='lat' dir='ltr'><strong>quum</strong></span> 
     </span>
     <span class='ocr_line' id='line_1_63' title="bbox 60 2930 818 2969; baseline 0 -8"><span class='ocrx_word' id='word_1_381' title='bbox 60 2936 136 2962; x_wconf 87' lang='lat' dir='ltr'><strong>toto</strong></span> <span class='ocrx_word' id='word_1_382' title='bbox 159 2930 223 2962; x_wconf 92' lang='grc'>1100</span> <span class='ocrx_word' id='word_1_383' title='bbox 242 2930 318 2964; x_wconf 89' lang='lat' dir='ltr'><strong>loco</strong></span> <span class='ocrx_word' id='word_1_384' title='bbox 336 2931 371 2964; x_wconf 91' lang='lat' dir='ltr'><strong>id</strong></span> <span class='ocrx_word' id='word_1_385' title='bbox 391 2931 635 2969; x_wconf 84' lang='lat' dir='ltr'><strong>contendisset,</strong></span> <span class='ocrx_word' id='word_1_386' title='bbox 660 2941 731 2962; x_wconf 86' lang='lat' dir='ltr'><strong>esse</strong></span> <span class='ocrx_word' id='word_1_387' title='bbox 753 2940 818 2962; x_wconf 91' lang='lat' dir='ltr'><strong>non</strong></span> 
     </span>
     <span class='ocr_line' id='line_1_64' title="bbox 61 2974 819 3009; baseline 0.003 -4"><span class='ocrx_word' id='word_1_388' title='bbox 61 2974 166 3006; x_wconf 86' lang='lat' dir='ltr'><strong>minus</strong></span> <span class='ocrx_word' id='word_1_389' title='bbox 186 2974 219 3006; x_wconf 88' lang='lat' dir='ltr'><strong>in</strong></span> <span class='ocrx_word' id='word_1_390' title='bbox 246 2975 342 3008; x_wconf 87' lang='lat' dir='ltr'><strong>rebus</strong></span> <span class='ocrx_word' id='word_1_391' title='bbox 365 2977 517 3009; x_wconf 89' lang='lat' dir='ltr'><strong>secundis</strong></span> <span class='ocrx_word' id='word_1_392' title='bbox 541 2975 675 3009; x_wconf 88' lang='lat' dir='ltr'><strong>modum</strong></span> <span class='ocrx_word' id='word_1_393' title='bbox 696 2981 819 3007; x_wconf 87' lang='lat' dir='ltr'><strong>tenen-</strong></span> 
     </span>
    </p>
   </div>
   <div class='ocr_carea' id='block_1_17' title="bbox 843 956 1615 3015">
    <p class='ocr_par' dir='ltr' id='par_1_19' title="bbox 843 956 1614 2425">
     <span class='ocr_line' id='line_1_65' title="bbox 844 956 1606 1000; baseline 0 -12"><span class='ocrx_word' id='word_1_394' title='bbox 844 956 941 997; x_wconf 90' lang='lat' dir='ltr'><strong>dum,</strong></span> <span class='ocrx_word' id='word_1_395' title='bbox 967 968 1065 1000; x_wconf 89' lang='lat' dir='ltr'><strong>quam</strong></span> <span class='ocrx_word' id='word_1_396' title='bbox 1085 956 1119 989; x_wconf 90' lang='lat' dir='ltr'><strong>in</strong></span> <span class='ocrx_word' id='word_1_397' title='bbox 1140 956 1237 989; x_wconf 88' lang='lat' dir='ltr'><strong>rebus</strong></span> <span class='ocrx_word' id='word_1_398' title='bbox 1259 956 1405 989; x_wconf 87' lang='lat' dir='ltr'><strong>adversis</strong></span> <span class='ocrx_word' id='word_1_399' title='bbox 1419 982 1426 996; x_wconf 88' lang='lat'><strong>,</strong></span> <span class='ocrx_word' id='word_1_400' title='bbox 1451 956 1606 988; x_wconf 86' lang='lat' dir='ltr'><strong>dixisset-</strong></span> 
     </span>
     <span class='ocr_line' id='line_1_66' title="bbox 845 1001 1604 1045; baseline -0.001 -11"><span class='ocrx_word' id='word_1_401' title='bbox 845 1013 926 1045; x_wconf 85' lang='lat' dir='ltr'><strong>que,</strong></span> <span class='ocrx_word' id='word_1_402' title='bbox 962 1002 996 1034; x_wconf 89' lang='lat' dir='ltr'><strong>in</strong></span> <span class='ocrx_word' id='word_1_403' title='bbox 1019 1002 1097 1044; x_wconf 84' lang='lat' dir='ltr'><strong>ipsis</strong></span> <span class='ocrx_word' id='word_1_404' title='bbox 1121 1001 1218 1035; x_wconf 88' lang='lat' dir='ltr'><strong>bonis</strong></span> <span class='ocrx_word' id='word_1_405' title='bbox 1243 1002 1413 1045; x_wconf 88' lang='lat' dir='ltr'><strong>potiundis</strong></span> <span class='ocrx_word' id='word_1_406' title='bbox 1435 1002 1604 1034; x_wconf 77' lang='lat' dir='ltr'><strong>exsultan-</strong></span> 
     </span>
     <span class='ocr_line' id='line_1_67' title="bbox 843 1047 1607 1090; baseline 0 -12"><span class='ocrx_word' id='word_1_407' title='bbox 843 1054 910 1078; x_wconf 91' lang='lat' dir='ltr'><strong>tem</strong></span> <span class='ocrx_word' id='word_1_408' title='bbox 943 1047 1106 1079; x_wconf 87' lang='lat' dir='ltr'><strong>laetitiam</strong></span> <span class='ocrx_word' id='word_1_409' title='bbox 1130 1053 1262 1090; x_wconf 83' lang='lat' dir='ltr'><strong>turpem</strong></span> <span class='ocrx_word' id='word_1_410' title='bbox 1286 1058 1355 1079; x_wconf 87' lang='lat' dir='ltr'><strong>esse</strong></span> <span class='ocrx_word' id='word_1_411' title='bbox 1380 1058 1441 1083; x_wconf 79' lang='lat'><strong>—3</strong></span> <span class='ocrx_word' id='word_1_412' title='bbox 1478 1054 1548 1078; x_wconf 86' lang='lat' dir='ltr'><strong>tum</strong></span> <span class='ocrx_word' id='word_1_413' title='bbox 1573 1054 1607 1078; x_wconf 86' lang='lat' dir='ltr'><strong>ut</strong></span> 
     </span>
     <span class='ocr_line' id='line_1_68' title="bbox 844 1091 1606 1135; baseline 0 -13"><span class='ocrx_word' id='word_1_414' title='bbox 844 1091 967 1134; x_wconf 86' lang='lat' dir='ltr'><strong>paucis,</strong></span> <span class='ocrx_word' id='word_1_415' title='bbox 993 1092 1083 1135; x_wconf 90' lang='lat' dir='ltr'><strong>quod</strong></span> <span class='ocrx_word' id='word_1_416' title='bbox 1107 1092 1242 1124; x_wconf 80' lang='lat' dir='ltr'><strong>efficere</strong></span> <span class='ocrx_word' id='word_1_417' title='bbox 1257 1092 1401 1134; x_wconf 88' lang='lat' dir='ltr'><strong>pluribus</strong></span> <span class='ocrx_word' id='word_1_418' title='bbox 1426 1092 1606 1129; x_wconf 73' lang='lat' dir='ltr'><strong>studuerat,</strong></span> 
     </span>
     <span class='ocr_line' id='line_1_69' title="bbox 843 1137 1607 1179; baseline 0.001 -12"><span class='ocrx_word' id='word_1_419' title='bbox 843 1143 1029 1179; x_wconf 86' lang='lat' dir='ltr'><strong>repeteret,</strong></span> <span class='ocrx_word' id='word_1_420' title='bbox 1058 1149 1131 1168; x_wconf 86' lang='lat' dir='ltr'><strong>usus</strong></span> <span class='ocrx_word' id='word_1_421' title='bbox 1154 1143 1204 1168; x_wconf 85' lang='lat' dir='ltr'><strong>est</strong></span> <span class='ocrx_word' id='word_1_422' title='bbox 1224 1137 1275 1168; x_wconf 83' lang='lat' dir='ltr'><strong>his</strong></span> <span class='ocrx_word' id='word_1_423' title='bbox 1295 1137 1425 1168; x_wconf 84' lang='lat' dir='ltr'><strong>verbis:</strong></span> <span class='ocrx_word' id='word_1_424' title='bbox 1461 1141 1551 1177; x_wconf 79' lang='lat' dir='ltr'><strong>alque</strong></span> <span class='ocrx_word' id='word_1_425' title='bbox 1575 1140 1607 1168; x_wconf 77' lang='lat' dir='ltr'><strong>ul</strong></span> 
     </span>
     <span class='ocr_line' id='line_1_70' title="bbox 844 1183 1609 1222; baseline 0 -9"><span class='ocrx_word' id='word_1_426' title='bbox 844 1183 995 1222; x_wconf 79' lang='lat' dir='ltr'><strong>confidere</strong></span> <span class='ocrx_word' id='word_1_427' title='bbox 1019 1183 1113 1221; x_wconf 80' lang='lat' dir='ltr'><strong>decet,</strong></span> <span class='ocrx_word' id='word_1_428' title='bbox 1137 1184 1241 1213; x_wconf 79' lang='lat' dir='ltr'><strong>timere</strong></span> <span class='ocrx_word' id='word_1_429' title='bbox 1264 1192 1326 1214; x_wconf 77' lang='lat' dir='ltr'><strong>non</strong></span> <span class='ocrx_word' id='word_1_430' title='bbox 1350 1184 1444 1222; x_wconf 80' lang='lat' dir='ltr'><strong>decet,</strong></span> <span class='ocrx_word' id='word_1_431' title='bbox 1468 1185 1511 1213; x_wconf 85' lang='lat' dir='ltr'><strong>sic</strong></span> <span class='ocrx_word' id='word_1_432' title='bbox 1529 1191 1609 1221; x_wconf 69' lang='lat' dir='ltr'><strong>flau-</strong></span> 
     </span>
     <span class='ocr_line' id='line_1_71' title="bbox 846 1227 1606 1266; baseline -0.001 -8"><span class='ocrx_word' id='word_1_433' title='bbox 846 1228 916 1258; x_wconf 85' lang='lat' dir='ltr'><strong>dere</strong></span> <span class='ocrx_word' id='word_1_434' title='bbox 930 1228 1024 1266; x_wconf 71' lang='lat' dir='ltr'><strong>decei,</strong></span> <span class='ocrx_word' id='word_1_435' title='bbox 1048 1229 1158 1258; x_wconf 78' lang='lat' dir='ltr'><strong>laetari</strong></span> <span class='ocrx_word' id='word_1_436' title='bbox 1181 1237 1242 1259; x_wconf 82' lang='lat' dir='ltr'><strong>non</strong></span> <span class='ocrx_word' id='word_1_437' title='bbox 1256 1228 1349 1259; x_wconf 74' lang='lat' dir='ltr'><strong>decet.</strong></span> <span class='ocrx_word' id='word_1_438' title='bbox 1384 1227 1476 1265; x_wconf 81' lang='lat' dir='ltr'><strong>Quae</strong></span> <span class='ocrx_word' id='word_1_439' title='bbox 1496 1227 1606 1264; x_wconf 85' lang='lat' dir='ltr'><strong>verba,</strong></span> 
     </span>
     <span class='ocr_line' id='line_1_72' title="bbox 847 1271 1609 1313; baseline 0.001 -12"><span class='ocrx_word' id='word_1_440' title='bbox 847 1282 946 1313; x_wconf 88' lang='lat' dir='ltr'><strong>quum</strong></span> <span class='ocrx_word' id='word_1_441' title='bbox 971 1282 1022 1302; x_wconf 86' lang='lat' dir='ltr'><strong>res</strong></span> <span class='ocrx_word' id='word_1_442' title='bbox 1059 1271 1215 1302; x_wconf 78' lang='lat' dir='ltr'><strong>adversae</strong></span> <span class='ocrx_word' id='word_1_443' title='bbox 1248 1278 1322 1303; x_wconf 89' lang='lat' dir='ltr'><strong>toto</strong></span> <span class='ocrx_word' id='word_1_444' title='bbox 1357 1271 1420 1303; x_wconf 90' lang='lat' dir='ltr'><strong>hoc</strong></span> <span class='ocrx_word' id='word_1_445' title='bbox 1452 1271 1528 1303; x_wconf 92' lang='lat' dir='ltr'><strong>loco</strong></span> <span class='ocrx_word' id='word_1_446' title='bbox 1554 1282 1609 1302; x_wconf 86' lang='lat' dir='ltr'><strong>se—</strong></span> 
     </span>
     <span class='ocr_line' id='line_1_73' title="bbox 848 1315 1609 1358; baseline -0.001 -11"><span class='ocrx_word' id='word_1_447' title='bbox 848 1315 962 1347; x_wconf 89' lang='lat' dir='ltr'><strong>cundis</strong></span> <span class='ocrx_word' id='word_1_448' title='bbox 987 1322 1217 1358; x_wconf 86' lang='lat' dir='ltr'><strong>opponantur,</strong></span> <span class='ocrx_word' id='word_1_449' title='bbox 1250 1316 1316 1348; x_wconf 92' lang='lat' dir='ltr'><strong>hoc</strong></span> <span class='ocrx_word' id='word_1_450' title='bbox 1341 1316 1473 1347; x_wconf 89' lang='lat' dir='ltr'><strong>dicunt:</strong></span> <span class='ocrx_word' id='word_1_451' title='bbox 1511 1323 1609 1358; x_wconf 82' lang='lat' dir='ltr'><strong>atque</strong></span> 
     </span>
     <span class='ocr_line' id='line_1_74' title="bbox 847 1360 1610 1392; baseline -0.003 0"><span class='ocrx_word' id='word_1_452' title='bbox 847 1360 939 1392; x_wconf 87' lang='lat' dir='ltr'><strong>utin</strong></span> <span class='ocrx_word' id='word_1_453' title='bbox 964 1361 1060 1392; x_wconf 85' lang='lat' dir='ltr'><strong>rebus</strong></span> <span class='ocrx_word' id='word_1_454' title='bbox 1094 1360 1239 1392; x_wconf 83' lang='lat' dir='ltr'><strong>adversis</strong></span> <span class='ocrx_word' id='word_1_455' title='bbox 1271 1361 1302 1392; x_wconf 90' lang='lat' dir='ltr'><strong>in</strong></span> <span class='ocrx_word' id='word_1_456' title='bbox 1338 1372 1378 1392; x_wconf 91' lang='lat' dir='ltr'><strong>eo</strong></span> <span class='ocrx_word' id='word_1_457' title='bbox 1411 1367 1460 1392; x_wconf 85' lang='lat' dir='ltr'><strong>est</strong></span> <span class='ocrx_word' id='word_1_458' title='bbox 1493 1360 1610 1392; x_wconf 85' lang='lat' dir='ltr'><strong>modus</strong></span> 
     </span>
     <span class='ocr_line' id='line_1_75' title="bbox 847 1404 1609 1447; baseline 0.001 -11"><span class='ocrx_word' id='word_1_459' title='bbox 847 1404 1048 1445; x_wconf 86' lang='lat' dir='ltr'><strong>servandus,</strong></span> <span class='ocrx_word' id='word_1_460' title='bbox 1075 1411 1130 1443; x_wconf 90' lang='lat' dir='ltr'><strong>ut,</strong></span> <span class='ocrx_word' id='word_1_461' title='bbox 1156 1417 1254 1447; x_wconf 88' lang='lat' dir='ltr'><strong>quum</strong></span> <span class='ocrx_word' id='word_1_462' title='bbox 1277 1405 1418 1436; x_wconf 82' lang='lat' dir='ltr'><strong>maxima</strong></span> <span class='ocrx_word' id='word_1_463' title='bbox 1441 1405 1484 1436; x_wconf 90' lang='lat' dir='ltr'><strong>sit</strong></span> <span class='ocrx_word' id='word_1_464' title='bbox 1507 1405 1609 1437; x_wconf 87' lang='lat' dir='ltr'><strong>timo-</strong></span> 
     </span>
     <span class='ocr_line' id='line_1_76' title="bbox 848 1449 1611 1492; baseline -0.001 -11"><span class='ocrx_word' id='word_1_465' title='bbox 848 1449 892 1481; x_wconf 87' lang='lat' dir='ltr'><strong>ris</strong></span> <span class='ocrx_word' id='word_1_466' title='bbox 916 1461 1047 1489; x_wconf 84' lang='lat' dir='ltr'><strong>caussa,</strong></span> <span class='ocrx_word' id='word_1_467' title='bbox 1073 1461 1145 1481; x_wconf 84' lang='lat' dir='ltr'><strong>eam</strong></span> <span class='ocrx_word' id='word_1_468' title='bbox 1168 1450 1215 1480; x_wconf 84' lang='lat' dir='ltr'><strong>ita</strong></span> <span class='ocrx_word' id='word_1_469' title='bbox 1240 1456 1348 1481; x_wconf 87' lang='lat' dir='ltr'><strong>tamen</strong></span> <span class='ocrx_word' id='word_1_470' title='bbox 1373 1457 1548 1492; x_wconf 87' lang='lat' dir='ltr'><strong>temperes,</strong></span> <span class='ocrx_word' id='word_1_471' title='bbox 1575 1456 1611 1480; x_wconf 90' lang='lat' dir='ltr'><strong>ut</strong></span> 
     </span>
     <span class='ocr_line' id='line_1_77' title="bbox 850 1494 1612 1532; baseline -0.001 -6"><span class='ocrx_word' id='word_1_472' title='bbox 850 1494 997 1526; x_wconf 86' lang='lat' dir='ltr'><strong>confidas</strong></span> <span class='ocrx_word' id='word_1_473' title='bbox 1021 1505 1084 1526; x_wconf 84' lang='lat' dir='ltr'><strong>nec</strong></span> <span class='ocrx_word' id='word_1_474' title='bbox 1106 1501 1140 1525; x_wconf 90' lang='lat' dir='ltr'><strong>te</strong></span> <span class='ocrx_word' id='word_1_475' title='bbox 1164 1494 1275 1526; x_wconf 81' lang='lat' dir='ltr'><strong>tradas</strong></span> <span class='ocrx_word' id='word_1_476' title='bbox 1299 1494 1531 1532; x_wconf 85' lang='lat' dir='ltr'><strong>sollicitudini,</strong></span> <span class='ocrx_word' id='word_1_477' title='bbox 1565 1494 1612 1525; x_wconf 90' lang='lat' dir='ltr'><strong>sic</strong></span> 
     </span>
     <span class='ocr_line' id='line_1_78' title="bbox 848 1538 1612 1572; baseline -0.001 -1"><span class='ocrx_word' id='word_1_478' title='bbox 848 1539 882 1571; x_wconf 90' lang='lat' dir='ltr'><strong>in</strong></span> <span class='ocrx_word' id='word_1_479' title='bbox 907 1539 1003 1571; x_wconf 88' lang='lat' dir='ltr'><strong>rebus</strong></span> <span class='ocrx_word' id='word_1_480' title='bbox 1034 1539 1186 1571; x_wconf 88' lang='lat' dir='ltr'><strong>secundis</strong></span> <span class='ocrx_word' id='word_1_481' title='bbox 1215 1551 1255 1572; x_wconf 94' lang='lat' dir='ltr'><strong>eo</strong></span> <span class='ocrx_word' id='word_1_482' title='bbox 1281 1539 1489 1572; x_wconf 89' lang='lat' dir='ltr'><strong>occasionem</strong></span> <span class='ocrx_word' id='word_1_483' title='bbox 1512 1538 1612 1570; x_wconf 91' lang='lat' dir='ltr'><strong>laeti-</strong></span> 
     </span>
     <span class='ocr_line' id='line_1_79' title="bbox 848 1583 1612 1627; baseline -0.001 -11"><span class='ocrx_word' id='word_1_484' title='bbox 848 1584 915 1616; x_wconf 88' lang='lat' dir='ltr'><strong>tiae</strong></span> <span class='ocrx_word' id='word_1_485' title='bbox 947 1584 1187 1627; x_wconf 86' lang='lat' dir='ltr'><strong>moderabere‚</strong></span> <span class='ocrx_word' id='word_1_486' title='bbox 1227 1591 1262 1616; x_wconf 90' lang='lat' dir='ltr'><strong>ut</strong></span> <span class='ocrx_word' id='word_1_487' title='bbox 1293 1585 1436 1627; x_wconf 86' lang='lat' dir='ltr'><strong>gaudeas</strong></span> <span class='ocrx_word' id='word_1_488' title='bbox 1469 1583 1612 1627; x_wconf 89' lang='lat' dir='ltr'><strong>quidem,</strong></span> 
     </span>
     <span class='ocr_line' id='line_1_80' title="bbox 849 1628 1613 1672; baseline -0.001 -11"><span class='ocrx_word' id='word_1_489' title='bbox 849 1628 909 1661; x_wconf 86' lang='lat' dir='ltr'><strong>sed</strong></span> <span class='ocrx_word' id='word_1_490' title='bbox 928 1635 962 1661; x_wconf 88' lang='lat' dir='ltr'><strong>te</strong></span> <span class='ocrx_word' id='word_1_491' title='bbox 983 1629 1128 1661; x_wconf 87' lang='lat' dir='ltr'><strong>laetitiae</strong></span> <span class='ocrx_word' id='word_1_492' title='bbox 1150 1641 1216 1661; x_wconf 91' lang='lat' dir='ltr'><strong>non</strong></span> <span class='ocrx_word' id='word_1_493' title='bbox 1233 1630 1356 1662; x_wconf 89' lang='lat' dir='ltr'><strong>tradas.</strong></span> <span class='ocrx_word' id='word_1_494' title='bbox 1394 1630 1478 1661; x_wconf 86' lang='lat' dir='ltr'><strong>Nam</strong></span> <span class='ocrx_word' id='word_1_495' title='bbox 1496 1640 1613 1672; x_wconf 88' lang='lat' dir='ltr'><strong>quem-</strong></span> 
     </span>
     <span class='ocr_line' id='line_1_81' title="bbox 850 1673 1614 1706; baseline 0 0"><span class='ocrx_word' id='word_1_496' title='bbox 850 1673 1029 1706; x_wconf 85' lang='lat' dir='ltr'><strong>admodum</strong></span> <span class='ocrx_word' id='word_1_497' title='bbox 1052 1674 1084 1706; x_wconf 90' lang='lat' dir='ltr'><strong>in</strong></span> <span class='ocrx_word' id='word_1_498' title='bbox 1110 1674 1206 1706; x_wconf 86' lang='lat' dir='ltr'><strong>rebus</strong></span> <span class='ocrx_word' id='word_1_499' title='bbox 1235 1675 1381 1706; x_wconf 84' lang='lat' dir='ltr'><strong>adversis</strong></span> <span class='ocrx_word' id='word_1_500' title='bbox 1408 1674 1543 1706; x_wconf 81' lang='lat' dir='ltr'><strong>confisio</strong></span> <span class='ocrx_word' id='word_1_501' title='bbox 1563 1681 1614 1705; x_wconf 91' lang='lat' dir='ltr'><strong>est</strong></span> 
     </span>
     <span class='ocr_line' id='line_1_82' title="bbox 849 1718 1613 1762; baseline 0 -12"><span class='ocrx_word' id='word_1_502' title='bbox 849 1719 1069 1762; x_wconf 84' lang='lat' dir='ltr'><strong>temperantia</strong></span> <span class='ocrx_word' id='word_1_503' title='bbox 1094 1726 1192 1762; x_wconf 86' lang='lat' dir='ltr'><strong>atque</strong></span> <span class='ocrx_word' id='word_1_504' title='bbox 1223 1719 1428 1751; x_wconf 87' lang='lat' dir='ltr'><strong>continentia</strong></span> <span class='ocrx_word' id='word_1_505' title='bbox 1452 1731 1470 1750; x_wconf 85' lang='lat' dir='ltr'><strong>a</strong></span> <span class='ocrx_word' id='word_1_506' title='bbox 1493 1718 1613 1750; x_wconf 85' lang='lat' dir='ltr'><strong>timore</strong></span> 
     </span>
     <span class='ocr_line' id='line_1_83' title="bbox 851 1763 1613 1802; baseline 0 -7"><span class='ocrx_word' id='word_1_507' title='bbox 851 1775 889 1795; x_wconf 89' lang='lat' dir='ltr'><strong>ac</strong></span> <span class='ocrx_word' id='word_1_508' title='bbox 911 1763 1154 1802; x_wconf 86' lang='lat' dir='ltr'><strong>sollicitudine,</strong></span> <span class='ocrx_word' id='word_1_509' title='bbox 1198 1764 1243 1795; x_wconf 91' lang='lat' dir='ltr'><strong>ita</strong></span> <span class='ocrx_word' id='word_1_510' title='bbox 1276 1764 1308 1796; x_wconf 91' lang='lat' dir='ltr'><strong>in</strong></span> <span class='ocrx_word' id='word_1_511' title='bbox 1341 1764 1437 1796; x_wconf 86' lang='lat' dir='ltr'><strong>rebus</strong></span> <span class='ocrx_word' id='word_1_512' title='bbox 1461 1763 1613 1795; x_wconf 90' lang='lat' dir='ltr'><strong>secundis</strong></span> 
     </span>
     <span class='ocr_line' id='line_1_84' title="bbox 851 1808 1614 1860; baseline -0.001 -20"><span class='ocrx_word' id='word_1_513' title='bbox 851 1809 1006 1860; x_wconf 81' lang='lat' dir='ltr'><strong>gaudium</strong></span> <span class='ocrx_word' id='word_1_514' title='bbox 1030 1815 1079 1840; x_wconf 89' lang='lat' dir='ltr'><strong>est</strong></span> <span class='ocrx_word' id='word_1_515' title='bbox 1102 1809 1270 1841; x_wconf 88' lang='lat' dir='ltr'><strong>revocatio</strong></span> <span class='ocrx_word' id='word_1_516' title='bbox 1303 1809 1344 1840; x_wconf 88' lang='lat' dir='ltr'><strong>ab</strong></span> <span class='ocrx_word' id='word_1_517' title='bbox 1380 1808 1557 1840; x_wconf 86' lang='lat' dir='ltr'><strong>exsultanti</strong></span> <span class='ocrx_word' id='word_1_518' title='bbox 1580 1814 1614 1839; x_wconf 86' lang='lat' dir='ltr'><strong>et</strong></span> 
     </span>
     <span class='ocr_line' id='line_1_85' title="bbox 852 1852 1613 1896; baseline -0.001 -11"><span class='ocrx_word' id='word_1_519' title='bbox 852 1854 1007 1896; x_wconf 87' lang='lat' dir='ltr'><strong>gestienti</strong></span> <span class='ocrx_word' id='word_1_520' title='bbox 1030 1853 1168 1885; x_wconf 86' lang='lat' dir='ltr'><strong>laetitia.</strong></span> <span class='ocrx_word' id='word_1_521' title='bbox 1204 1853 1242 1885; x_wconf 87' lang='grc'><strong>111</strong></span> <span class='ocrx_word' id='word_1_522' title='bbox 1263 1853 1358 1885; x_wconf 90' lang='lat' dir='ltr'><strong>nobis</strong></span> <span class='ocrx_word' id='word_1_523' title='bbox 1373 1854 1486 1884; x_wconf 86' lang='lat' dir='ltr'><strong>Cicero</strong></span> <span class='ocrx_word' id='word_1_524' title='bbox 1507 1852 1613 1884; x_wconf 87' lang='lat' dir='ltr'><strong>voluit</strong></span> 
     </span>
     <span class='ocr_line' id='line_1_86' title="bbox 852 1898 1613 1941; baseline -0.001 -12"><span class='ocrx_word' id='word_1_525' title='bbox 852 1905 929 1930; x_wconf 87' lang='lat' dir='ltr'><strong>ante</strong></span> <span class='ocrx_word' id='word_1_526' title='bbox 954 1898 1067 1930; x_wconf 91' lang='lat' dir='ltr'><strong>oculos</strong></span> <span class='ocrx_word' id='word_1_527' title='bbox 1091 1910 1234 1941; x_wconf 65' lang='lat' dir='ltr'><strong>ponere,</strong></span> <span class='ocrx_word' id='word_1_528' title='bbox 1273 1910 1373 1941; x_wconf 85' lang='lat' dir='ltr'><strong>quare</strong></span> <span class='ocrx_word' id='word_1_529' title='bbox 1406 1909 1473 1929; x_wconf 86' lang='lat' dir='ltr'><strong>non</strong></span> <span class='ocrx_word' id='word_1_530' title='bbox 1502 1898 1613 1941; x_wconf 82' lang='lat' dir='ltr'><strong>potuit</strong></span> 
     </span>
     <span class='ocr_line' id='line_1_87' title="bbox 851 1942 1612 1995; baseline -0.003 -20"><span class='ocrx_word' id='word_1_531' title='bbox 851 1953 910 1975; x_wconf 77' lang='lat' dir='ltr'><strong>cat</strong></span> <span class='ocrx_word' id='word_1_532' title='bbox 913 1953 960 1975; x_wconf 83' lang='lat' dir='ltr'><strong>ere</strong></span> <span class='ocrx_word' id='word_1_533' title='bbox 983 1943 1136 1981; x_wconf 91' lang='lat' dir='ltr'><strong>scribere,</strong></span> <span class='ocrx_word' id='word_1_534' title='bbox 1163 1943 1250 1995; x_wconf 81' lang='lat' dir='ltr'><strong>quod</strong></span> <span class='ocrx_word' id='word_1_535' title='bbox 1272 1955 1370 1986; x_wconf 88' lang='lat' dir='ltr'><strong>quum</strong></span> <span class='ocrx_word' id='word_1_536' title='bbox 1396 1942 1556 1974; x_wconf 87' lang='lat' dir='ltr'><strong>cautionis</strong></span> <span class='ocrx_word' id='word_1_537' title='bbox 1579 1949 1612 1973; x_wconf 91' lang='lat' dir='ltr'><strong>et</strong></span> 
     </span>
     <span class='ocr_line' id='line_1_88' title="bbox 851 1987 1614 2030; baseline -0.001 -11"><span class='ocrx_word' id='word_1_538' title='bbox 851 1988 1082 2030; x_wconf 80' lang='lat' dir='ltr'><strong>providentiae</strong></span> <span class='ocrx_word' id='word_1_539' title='bbox 1105 1989 1277 2020; x_wconf 90' lang='lat' dir='ltr'><strong>notionem</strong></span> <span class='ocrx_word' id='word_1_540' title='bbox 1300 1988 1434 2028; x_wconf 86' lang='lat' dir='ltr'><strong>inferat,</strong></span> <span class='ocrx_word' id='word_1_541' title='bbox 1460 1988 1492 2019; x_wconf 93' lang='lat' dir='ltr'><strong>h.</strong></span> <span class='ocrx_word' id='word_1_542' title='bbox 1508 1987 1530 2019; x_wconf 91' lang='lat' dir='ltr'><strong>l.</strong></span> <span class='ocrx_word' id='word_1_543' title='bbox 1556 1993 1614 2019; x_wconf 89' lang='lat' dir='ltr'><strong>to-</strong></span> 
     </span>
     <span class='ocr_line' id='line_1_89' title="bbox 851 2031 1614 2075; baseline -0.001 -11"><span class='ocrx_word' id='word_1_544' title='bbox 851 2033 948 2065; x_wconf 85' lang='lat' dir='ltr'><strong>lerari</strong></span> <span class='ocrx_word' id='word_1_545' title='bbox 973 2044 1039 2065; x_wconf 91' lang='lat' dir='ltr'><strong>non</strong></span> <span class='ocrx_word' id='word_1_546' title='bbox 1066 2040 1187 2075; x_wconf 87' lang='lat' dir='ltr'><strong>potest.</strong></span> <span class='ocrx_word' id='word_1_547' title='bbox 1236 2035 1280 2065; x_wconf 88' lang='lat' dir='ltr'><strong>So</strong></span> <span class='ocrx_word' id='word_1_548' title='bbox 1299 2045 1358 2065; x_wconf 80' lang='lat' dir='ltr'><strong>wie</strong></span> <span class='ocrx_word' id='word_1_549' title='bbox 1381 2044 1456 2064; x_wconf 89' lang='lat' dir='ltr'><strong>man</strong></span> <span class='ocrx_word' id='word_1_550' title='bbox 1482 2031 1614 2063; x_wconf 82' lang='lat' dir='ltr'><strong>endlich</strong></span> 
     </span>
     <span class='ocr_line' id='line_1_90' title="bbox 854 2077 1613 2121; baseline -0.001 -12"><span class='ocrx_word' id='word_1_551' title='bbox 854 2078 911 2121; x_wconf 78' lang='lat' dir='ltr'><strong>(im</strong></span> <span class='ocrx_word' id='word_1_552' title='bbox 932 2078 1119 2120; x_wconf 76' lang='lat' dir='ltr'><strong>Ungliicke)</strong></span> <span class='ocrx_word' id='word_1_553' title='bbox 1148 2078 1242 2110; x_wconf 90' lang='lat' dir='ltr'><strong>Muth</strong></span> <span class='ocrx_word' id='word_1_554' title='bbox 1266 2078 1372 2109; x_wconf 82' lang='lat' dir='ltr'><strong>fassen</strong></span> <span class='ocrx_word' id='word_1_555' title='bbox 1397 2089 1494 2115; x_wconf 87' lang='lat' dir='ltr'><strong>muss,</strong></span> <span class='ocrx_word' id='word_1_556' title='bbox 1521 2077 1613 2108; x_wconf 87' lang='lat' dir='ltr'><strong>nicht</strong></span> 
     </span>
     <span class='ocr_line' id='line_1_91' title="bbox 852 2121 1613 2166; baseline -0.003 -11"><span class='ocrx_word' id='word_1_557' title='bbox 852 2123 931 2155; x_wconf 89' lang='lat' dir='ltr'><strong>aber</strong></span> <span class='ocrx_word' id='word_1_558' title='bbox 951 2134 1130 2166; x_wconf 80' lang='lat' dir='ltr'><strong>verzagen3</strong></span> <span class='ocrx_word' id='word_1_559' title='bbox 1154 2134 1192 2155; x_wconf 89' lang='lat' dir='ltr'><strong>so</strong></span> <span class='ocrx_word' id='word_1_560' title='bbox 1212 2135 1300 2154; x_wconf 88' lang='lat' dir='ltr'><strong>muss</strong></span> <span class='ocrx_word' id='word_1_561' title='bbox 1321 2134 1396 2154; x_wconf 87' lang='lat' dir='ltr'><strong>man</strong></span> <span class='ocrx_word' id='word_1_562' title='bbox 1421 2122 1489 2153; x_wconf 82' lang='lat' dir='ltr'><strong>sich</strong></span> <span class='ocrx_word' id='word_1_563' title='bbox 1515 2121 1613 2163; x_wconf 77' lang='lat' dir='ltr'><strong>(beim</strong></span> 
     </span>
     <span class='ocr_line' id='line_1_92' title="bbox 854 2167 1614 2208; baseline -0.001 -9"><span class='ocrx_word' id='word_1_564' title='bbox 854 2169 1002 2200; x_wconf 90' lang='lat' dir='ltr'><strong>Genusse</strong></span> <span class='ocrx_word' id='word_1_565' title='bbox 1036 2168 1096 2200; x_wconf 90' lang='lat' dir='ltr'><strong>der</strong></span> <span class='ocrx_word' id='word_1_566' title='bbox 1132 2168 1257 2208; x_wconf 71' lang='lat' dir='ltr'><strong>Giiter)</strong></span> <span class='ocrx_word' id='word_1_567' title='bbox 1304 2167 1365 2199; x_wconf 87' lang='lat' dir='ltr'><strong>mit</strong></span> <span class='ocrx_word' id='word_1_568' title='bbox 1400 2167 1614 2199; x_wconf 88' lang='lat' dir='ltr'><strong>Gleichmuth</strong></span> 
     </span>
     <span class='ocr_line' id='line_1_93' title="bbox 852 2213 1614 2253; baseline -0.001 -9"><span class='ocrx_word' id='word_1_569' title='bbox 852 2213 988 2253; x_wconf 83' lang='lat' dir='ltr'><strong>freuen,</strong></span> <span class='ocrx_word' id='word_1_570' title='bbox 1014 2213 1107 2245; x_wconf 88' lang='lat' dir='ltr'><strong>nicht</strong></span> <span class='ocrx_word' id='word_1_571' title='bbox 1130 2213 1209 2245; x_wconf 87' lang='lat' dir='ltr'><strong>aber</strong></span> <span class='ocrx_word' id='word_1_572' title='bbox 1232 2213 1465 2245; x_wconf 82' lang='lat' dir='ltr'><strong>frohlocken.“</strong></span> <span class='ocrx_word' id='word_1_573' title='bbox 1512 2213 1563 2244; x_wconf 92' lang='lat' dir='ltr'><strong>De</strong></span> <span class='ocrx_word' id='word_1_574' title='bbox 1583 2223 1614 2243; x_wconf 85' lang='lat' dir='ltr'><strong>v.</strong></span> 
     </span>
     <span class='ocr_line' id='line_1_94' title="bbox 851 2256 1614 2300; baseline -0.005 -10"><span class='ocrx_word' id='word_1_575' title='bbox 851 2260 1028 2300; x_wconf 80' lang='lat' dir='ltr'><strong>confidendi</strong></span> <span class='ocrx_word' id='word_1_576' title='bbox 1042 2258 1174 2290; x_wconf 82' lang='lat' dir='ltr'><strong>confert</strong></span> <span class='ocrx_word' id='word_1_577' title='bbox 1199 2270 1226 2290; x_wconf 91' lang='lat' dir='ltr'><strong>c.</strong></span> <span class='ocrx_word' id='word_1_578' title='bbox 1241 2258 1295 2297; x_wconf 82' lang='lat'><strong>37,</strong></span> <span class='ocrx_word' id='word_1_579' title='bbox 1317 2259 1379 2290; x_wconf 58' lang='lat'><strong>80:</strong></span> <span class='ocrx_word' id='word_1_580' title='bbox 1407 2265 1440 2288; x_wconf 88' lang='lat' dir='ltr'><strong>et</strong></span> <span class='ocrx_word' id='word_1_581' title='bbox 1462 2256 1488 2287; x_wconf 89' lang='lat' dir='ltr'><strong>si</strong></span> <span class='ocrx_word' id='word_1_582' title='bbox 1508 2256 1614 2287; x_wconf 85' lang='lat' dir='ltr'><strong>fiden-</strong></span> 
     </span>
     <span class='ocr_line' id='line_1_95' title="bbox 851 2300 1614 2343; baseline -0.005 -8"><span class='ocrx_word' id='word_1_583' title='bbox 851 2303 919 2343; x_wconf 88' lang='lat' dir='ltr'><strong>tia,</strong></span> <span class='ocrx_word' id='word_1_584' title='bbox 954 2304 975 2334; x_wconf 89' lang='lat' dir='ltr'><strong>i.</strong></span> <span class='ocrx_word' id='word_1_585' title='bbox 1002 2315 1031 2335; x_wconf 89' lang='lat' dir='ltr'><strong>e.</strong></span> <span class='ocrx_word' id='word_1_586' title='bbox 1057 2303 1149 2335; x_wconf 89' lang='lat' dir='ltr'><strong>firma</strong></span> <span class='ocrx_word' id='word_1_587' title='bbox 1172 2302 1273 2334; x_wconf 90' lang='lat' dir='ltr'><strong>animi</strong></span> <span class='ocrx_word' id='word_1_588' title='bbox 1298 2301 1453 2341; x_wconf 86' lang='lat' dir='ltr'><strong>confisio,</strong></span> <span class='ocrx_word' id='word_1_589' title='bbox 1478 2300 1614 2332; x_wconf 85' lang='lat' dir='ltr'><strong>scientia</strong></span> 
     </span>
     <span class='ocr_line' id='line_1_96' title="bbox 853 2346 1612 2391; baseline -0.003 -12"><span class='ocrx_word' id='word_1_590' title='bbox 853 2348 1013 2391; x_wconf 88' lang='lat' dir='ltr'><strong>quaedam</strong></span> <span class='ocrx_word' id='word_1_591' title='bbox 1040 2355 1089 2380; x_wconf 85' lang='lat' dir='ltr'><strong>est</strong></span> <span class='ocrx_word' id='word_1_592' title='bbox 1113 2354 1147 2379; x_wconf 90' lang='lat' dir='ltr'><strong>et</strong></span> <span class='ocrx_word' id='word_1_593' title='bbox 1172 2347 1285 2389; x_wconf 90' lang='lat' dir='ltr'><strong>opinio</strong></span> <span class='ocrx_word' id='word_1_594' title='bbox 1309 2346 1436 2390; x_wconf 83' lang='lat' dir='ltr'><strong>gravis,</strong></span> <span class='ocrx_word' id='word_1_595' title='bbox 1470 2356 1535 2377; x_wconf 89' lang='lat' dir='ltr'><strong>non</strong></span> <span class='ocrx_word' id='word_1_596' title='bbox 1560 2352 1612 2378; x_wconf 74' lang='grc' dir='ltr'><strong>1οτ</strong></span> 
     </span>
     <span class='ocr_line' id='line_1_97' title="bbox 852 2392 1268 2425; baseline -0.007 0"><span class='ocrx_word' id='word_1_597' title='bbox 852 2404 942 2425; x_wconf 90' lang='lat' dir='ltr'><strong>mere</strong></span> <span class='ocrx_word' id='word_1_598' title='bbox 971 2392 1178 2424; x_wconf 84' lang='lat' dir='ltr'><strong>assentientis</strong></span> <span class='ocrx_word' id='word_1_599' title='bbox 1204 2398 1268 2423; x_wconf 91' lang='lat' dir='ltr'><strong>etc.</strong></span> 
     </span>
    </p>

    <p class='ocr_par' dir='ltr' id='par_1_20' title="bbox 919 2433 1613 2478">
     <span class='ocr_line' id='line_1_98' title="bbox 919 2433 1613 2478; baseline -0.004 -9"><span class='ocrx_word' id='word_1_600' title='bbox 919 2436 1188 2478; x_wconf 72' lang='lat' dir='ltr'><strong>docendicaussa]</strong></span> <span class='ocrx_word' id='word_1_601' title='bbox 1203 2438 1306 2478; x_wconf 83' lang='lat' dir='ltr'><strong>Supra</strong></span> <span class='ocrx_word' id='word_1_602' title='bbox 1322 2448 1348 2468; x_wconf 94' lang='lat' dir='ltr'><strong>c.</strong></span> <span class='ocrx_word' id='word_1_603' title='bbox 1360 2435 1392 2473; x_wconf 85' lang='grc'>6</span> <span class='ocrx_word' id='word_1_604' title='bbox 1409 2434 1456 2468; x_wconf 84' lang='grc'><strong>13.</strong></span> <span class='ocrx_word' id='word_1_605' title='bbox 1470 2441 1503 2467; x_wconf 82' lang='grc'><strong>01</strong></span> <span class='ocrx_word' id='word_1_606' title='bbox 1515 2433 1613 2472; x_wconf 81' lang='grc'>7,16.</span> 
     </span>
    </p>

    <p class='ocr_par' dir='ltr' id='par_1_21' title="bbox 854 2479 1615 2794">
     <span class='ocr_line' id='line_1_99' title="bbox 923 2479 1615 2525; baseline -0.006 -11"><span class='ocrx_word' id='word_1_607' title='bbox 923 2483 952 2525; x_wconf 62' lang='grc' dir='ltr'>ξ.</span> <span class='ocrx_word' id='word_1_608' title='bbox 968 2482 1021 2515; x_wconf 85' lang='grc'>67.</span> <span class='ocrx_word' id='word_1_609' title='bbox 1045 2492 1142 2522; x_wconf 76' lang='lat' dir='ltr'><strong>supra</strong></span> <span class='ocrx_word' id='word_1_610' title='bbox 1156 2481 1308 2524; x_wconf 79' lang='lat' dir='ltr'><strong>diximus]</strong></span> <span class='ocrx_word' id='word_1_611' title='bbox 1335 2493 1363 2513; x_wconf 92' lang='lat' dir='ltr'><strong>c.</strong></span> <span class='ocrx_word' id='word_1_612' title='bbox 1376 2480 1407 2518; x_wconf 87' lang='grc'>6,</span> <span class='ocrx_word' id='word_1_613' title='bbox 1428 2479 1479 2513; x_wconf 70' lang='lat'><strong>14.</strong></span> <span class='ocrx_word' id='word_1_614' title='bbox 1499 2480 1552 2512; x_wconf 86' lang='lat' dir='ltr'><strong>ub1</strong></span> <span class='ocrx_word' id='word_1_615' title='bbox 1566 2479 1615 2511; x_wconf 84' lang='lat' dir='ltr'><strong>dl</strong></span> 
     </span>
     <span class='ocr_line' id='line_1_100' title="bbox 854 2524 1615 2569; baseline -0.003 -11"><span class='ocrx_word' id='word_1_616' title='bbox 854 2533 957 2565; x_wconf 86' lang='lat' dir='ltr'><strong>xerat,</strong></span> <span class='ocrx_word' id='word_1_617' title='bbox 982 2525 1164 2569; x_wconf 87' lang='lat' dir='ltr'><strong>praesentis</strong></span> <span class='ocrx_word' id='word_1_618' title='bbox 1184 2526 1259 2557; x_wconf 88' lang='grc'>111311</span> <span class='ocrx_word' id='word_1_619' title='bbox 1279 2525 1436 2569; x_wconf 85' lang='lat' dir='ltr'><strong>sapientis</strong></span> <span class='ocrx_word' id='word_1_620' title='bbox 1458 2524 1615 2557; x_wconf 82' lang='lat' dir='ltr'><strong>affectio·</strong></span> 
     </span>
     <span class='ocr_line' id='line_1_101' title="bbox 854 2569 1614 2613; baseline -0.001 -11"><span class='ocrx_word' id='word_1_621' title='bbox 854 2583 928 2603; x_wconf 87' lang='lat' dir='ltr'><strong>nem</strong></span> <span class='ocrx_word' id='word_1_622' title='bbox 963 2571 1085 2603; x_wconf 90' lang='lat' dir='ltr'><strong>nullam</strong></span> <span class='ocrx_word' id='word_1_623' title='bbox 1119 2582 1189 2602; x_wconf 87' lang='lat' dir='ltr'><strong>esse</strong></span> <span class='ocrx_word' id='word_1_624' title='bbox 1214 2577 1247 2602; x_wconf 87' lang='lat' dir='ltr'><strong>et</strong></span> <span class='ocrx_word' id='word_1_625' title='bbox 1271 2570 1468 2613; x_wconf 85' lang='lat' dir='ltr'><strong>aegritudini</strong></span> <span class='ocrx_word' id='word_1_626' title='bbox 1493 2569 1614 2601; x_wconf 86' lang='lat' dir='ltr'><strong>nullam</strong></span> 
     </span>
     <span class='ocr_line' id='line_1_102' title="bbox 856 2596 1615 2659; baseline -0.001 -12"><span class='ocrx_word' id='word_1_627' title='bbox 856 2617 1073 2648; x_wconf 84' lang='lat' dir='ltr'><strong>constantiam</strong></span> <span class='ocrx_word' id='word_1_628' title='bbox 1108 2615 1242 2659; x_wconf 86' lang='lat' dir='ltr'><strong>opponi.</strong></span> <span class='ocrx_word' id='word_1_629' title='bbox 1296 2596 1432 2648; x_wconf 52' lang='lat' dir='ltr'><strong>Nbeidius.</strong></span> <span class='ocrx_word' id='word_1_630' title='bbox 1479 2615 1615 2658; x_wconf 85' lang='lat' dir='ltr'><strong>Sapiens</strong></span> 
     </span>
     <span class='ocr_line' id='line_1_103' title="bbox 855 2660 1614 2702; baseline -0.001 -11"><span class='ocrx_word' id='word_1_631' title='bbox 855 2660 941 2692; x_wconf 80' lang='lat' dir='ltr'><strong>enim</strong></span> <span class='ocrx_word' id='word_1_632' title='bbox 967 2660 1008 2691; x_wconf 90' lang='lat' dir='ltr'><strong>de</strong></span> <span class='ocrx_word' id='word_1_633' title='bbox 1033 2660 1221 2693; x_wconf 89' lang='lat' dir='ltr'><strong>Stoicorum</strong></span> <span class='ocrx_word' id='word_1_634' title='bbox 1253 2660 1417 2693; x_wconf 87' lang='lat' dir='ltr'><strong>sententia</strong></span> <span class='ocrx_word' id='word_1_635' title='bbox 1449 2671 1614 2702; x_wconf 84' lang='lat' dir='ltr'><strong>nunquam</strong></span> 
     </span>
     <span class='ocr_line' id='line_1_104' title="bbox 855 2705 1613 2750; baseline -0.001 -14"><span class='ocrx_word' id='word_1_636' title='bbox 855 2705 1094 2748; x_wconf 77' lang='lat' dir='ltr'><strong>aegritudinem</strong></span> <span class='ocrx_word' id='word_1_637' title='bbox 1116 2705 1272 2750; x_wconf 87' lang='lat' dir='ltr'><strong>suscipit;</strong></span> <span class='ocrx_word' id='word_1_638' title='bbox 1306 2707 1443 2747; x_wconf 65' lang='lat' dir='ltr'><strong>gaudere</strong></span> <span class='ocrx_word' id='word_1_639' title='bbox 1474 2705 1502 2736; x_wconf 71' lang='lat' dir='ltr'><strong>ei</strong></span> <span class='ocrx_word' id='word_1_640' title='bbox 1526 2705 1613 2736; x_wconf 90' lang='lat' dir='ltr'><strong>licet</strong></span> 
     </span>
     <span class='ocr_line' id='line_1_105' title="bbox 854 2754 1164 2794; baseline 0.01 -13"><span class='ocrx_word' id='word_1_641' title='bbox 854 2762 1018 2794; x_wconf 87' lang='lat' dir='ltr'><strong>nunquam</strong></span> <span class='ocrx_word' id='word_1_642' title='bbox 1041 2754 1164 2784; x_wconf 77' lang='lat' dir='ltr'><strong>laetari.</strong></span> 
     </span>
    </p>

    <p class='ocr_par' dir='ltr' id='par_1_22' title="bbox 853 2793 1613 2873">
     <span class='ocr_line' id='line_1_106' title="bbox 921 2793 1613 2838; baseline -0.009 -10"><span class='ocrx_word' id='word_1_643' title='bbox 921 2806 1080 2837; x_wconf 80' lang='lat' dir='ltr'><strong>nunquam</strong></span> <span class='ocrx_word' id='word_1_644' title='bbox 1100 2806 1210 2837; x_wconf 84' lang='lat' dir='ltr'><strong>posse,</strong></span> <span class='ocrx_word' id='word_1_645' title='bbox 1233 2815 1278 2821; x_wconf 94' lang='lat'><em>-</em></span> <span class='ocrx_word' id='word_1_646' title='bbox 1300 2796 1404 2838; x_wconf 82' lang='lat' dir='ltr'><strong>posse]</strong></span> <span class='ocrx_word' id='word_1_647' title='bbox 1429 2796 1467 2826; x_wconf 91' lang='lat' dir='ltr'><strong>V.</strong></span> <span class='ocrx_word' id='word_1_648' title='bbox 1490 2793 1530 2825; x_wconf 78' lang='lat' dir='ltr'><strong>nd</strong></span> <span class='ocrx_word' id='word_1_649' title='bbox 1556 2794 1613 2823; x_wconf 83' lang='lat' dir='ltr'><strong>Ill.</strong></span> 
     </span>
     <span class='ocr_line' id='line_1_107' title="bbox 853 2841 971 2879; baseline 0 -6"><span class='ocrx_word' id='word_1_650' title='bbox 853 2841 895 2879; x_wconf 89' lang='lat'><strong>5,</strong></span> <span class='ocrx_word' id='word_1_651' title='bbox 922 2842 971 2873; x_wconf 90' lang='lat'><strong>11.</strong></span> 
     </span>
    </p>

    <p class='ocr_par' dir='ltr' id='par_1_23' title="bbox 853 2885 1614 3015">
     <span class='ocr_line' id='line_1_108' title="bbox 921 2885 1614 2930; baseline -0.009 -13"><span class='ocrx_word' id='word_1_652' title='bbox 921 2887 1035 2918; x_wconf 79' lang='lat' dir='ltr'><strong>Laetus</strong></span> <span class='ocrx_word' id='word_1_653' title='bbox 1054 2886 1136 2929; x_wconf 83' lang='lat' dir='ltr'><strong>sum]</strong></span> <span class='ocrx_word' id='word_1_654' title='bbox 1163 2888 1222 2918; x_wconf 91' lang='lat' dir='ltr'><strong>Est</strong></span> <span class='ocrx_word' id='word_1_655' title='bbox 1245 2885 1429 2917; x_wconf 83' lang='lat' dir='ltr'><strong>trochaicus</strong></span> <span class='ocrx_word' id='word_1_656' title='bbox 1455 2888 1614 2930; x_wconf 67' lang='lat' dir='ltr'><strong>tetrame-</strong></span> 
     </span>
     <span class='ocr_line' id='line_1_109' title="bbox 853 2927 1611 2963; baseline 0.003 -2"><span class='ocrx_word' id='word_1_657' title='bbox 853 2937 906 2962; x_wconf 89' lang='lat' dir='ltr'><strong>ter</strong></span> <span class='ocrx_word' id='word_1_658' title='bbox 938 2931 1156 2963; x_wconf 84' lang='lat' dir='ltr'><strong>catalecticus.</strong></span> <span class='ocrx_word' id='word_1_659' title='bbox 1205 2931 1246 2963; x_wconf 92' lang='lat' dir='ltr'><strong>ad</strong></span> <span class='ocrx_word' id='word_1_660' title='bbox 1281 2931 1370 2960; x_wconf 86' lang='lat' dir='ltr'><strong>Fam.</strong></span> <span class='ocrx_word' id='word_1_661' title='bbox 1407 2928 1480 2958; x_wconf 78' lang='lat' dir='ltr'><strong>XV.</strong></span> <span class='ocrx_word' id='word_1_662' title='bbox 1506 2928 1547 2963; x_wconf 60' lang='grc' dir='ltr'><strong>(Μ</strong></span> <span class='ocrx_word' id='word_1_663' title='bbox 1576 2927 1611 2957; x_wconf 74' lang='lat'><strong>¹³</strong></span> 
     </span>
     <span class='ocr_line' id='line_1_110' title="bbox 853 2971 1612 3015; baseline -0.008 -8"><span class='ocrx_word' id='word_1_664' title='bbox 853 2976 966 3008; x_wconf 79' lang='lat' dir='ltr'><strong>Laetus</strong></span> <span class='ocrx_word' id='word_1_665' title='bbox 989 2986 1057 3009; x_wconf 85' lang='lat' dir='ltr'><strong>sum</strong></span> <span class='ocrx_word' id='word_1_666' title='bbox 1090 2978 1218 3009; x_wconf 80' lang='lat' dir='ltr'><strong>laudari</strong></span> <span class='ocrx_word' id='word_1_667' title='bbox 1243 2985 1309 3013; x_wconf 85' lang='lat' dir='ltr'><strong>me,</strong></span> <span class='ocrx_word' id='word_1_668' title='bbox 1344 2971 1449 3015; x_wconf 84' lang='lat' dir='ltr'><strong>inquit</strong></span> <span class='ocrx_word' id='word_1_669' title='bbox 1474 2971 1612 3008; x_wconf 82' lang='lat' dir='ltr'><strong>Hector,</strong></span> 
     </span>
    </p>
   </div>
  </div>
 </body>
</html>
