1832 3137
626 83 770 115 INDEX
793 82 1065 116 HISTORICUS.

115 161 172 194 ‹liu
218 160 358 192 inveniri
399 171 468 193 uon
508 167 642 204 posset,

116 205 158 238 ab
177 205 354 249 Eriphyle,
380 216 481 238 uxore
500 217 568 244 sua,
593 217 692 238 aureo
716 206 830 238 monili

115 250 157 283 ab
177 249 319 283 Adrasto
342 262 420 293 rege
443 258 617 294 corrupta,
650 251 830 294 productus
863 253 1031 292 Antonius,
1054 254 1116 292 M„
1149 263 1292 284 summus
1325 257 1448 284 orator.

114 302 214 338 atque
234 295 281 327 ita
299 295 461 338 proficisci
485 303 616 328 coactns
638 296 744 339 primo
764 296 829 335 die,

119 351 184 383 quo
208 340 339 372 Thebas
372 341 482 380 venit,
520 341 611 372 hiatu
636 348 744 373 terrae
768 341 828 372 ab·

121 392 252 428 sorptus
277 392 337 417 est.
362 386 402 424 2,
426 385 480 418 60.
515 387 556 417 V.
579 386 700 429 Hygia.
726 386 828 418 Fabb.

118 430 172 464 70.
198 430 251 464 73.
276 431 352 463 250.
399 430 451 462 Cf.
475 433 617 471 Epiyoni.

73 487 282 526 Anacharsis,
306 486 440 530 Scytha,
468 486 607 529 sapienS,
633 486 829 530 Scytharum

114 536 184 562 tum
206 531 291 573 regis
316 531 441 569 frater,
467 531 598 564 Solonis
622 530 826 574 temporibus

111 574 261 607 florebat.
285 577 316 615 5,
331 576 386 608 90.
413 576 509 619 Diog.
525 577 562 608 L.
579 579 606 615 l,
625 578 683 608 101
697 595 741 601 ——
753 576 826 608 105.

70 635 248 672 Anacreon,
272 639 372 675 poeta
394 631 515 675 lyricus
541 644 580 663 ex
604 633 687 668 Te0‚
714 630 826 663 Ioniae

115 676 268 716 civitate,
304 677 481 716 oriundus,
514 676 713 720 aliquamdiu
737 675 825 718 apud

115 721 344 764 Polycratem,
379 722 466 754 Sami
490 728 683 765 tyrannum,
708 727 825 763 postea

112 766 251 798 Athenis
273 766 361 810 apud
383 767 587 798 Pisistratum
607 766 698 798 vixit.
744 765 826 797 Flo-

112 810 178 842 ruit
202 823 228 842 c.
244 822 272 842 a.
287 811 353 844 530
374 822 402 844 a.
419 811 492 843 Chr.
527 811 664 854 Scripsit
683 810 825 842 carmina

111 855 281 888 amatoria.
328 853 369 895 4,
394 856 448 890 71.

70 915 289 952 Anaxagoras,
306 911 518 950 Clazomenis,
536 912 644 944 Ioniae
663 912 752 952 urbe,
765 923 826 944 na-

112 963 184 996 tus,
215 956 430 1000 philosophus
453 964 562 988 sectae
586 957 735 995 Ionicae,
771 969 827 988 re—

113 1013 184 1034 rum
205 1002 401 1033 naturalium
420 1001 530 1033 studio
552 1001 584 1033 iu
606 1002 718 1044 primis
741 1013 824 1044 ope-

113 1058 183 1078 ram
201 1046 303 1084 dedit,
328 1046 405 1078 inde
428 1047 580 1090 physicus
603 1054 652 1078 est
675 1047 826 1090 appella-

112 1098 175 1123 tus.
223 1091 301 1123 fuit
333 1092 452 1123 doctor
481 1091 627 1124 Periclis.
675 1094 710 1123 Iu
738 1092 824 1123 exsi-

112 1137 192 1168 lium
223 1137 338 1168 missus
362 1136 552 1180 Lampsaci,
586 1137 665 1168 urbe
688 1137 824 1180 Mysiae,

113 1182 202 1213 diem
224 1193 412 1225 supremum
436 1181 529 1214 obiit.
567 1185 594 1219 1,
620 1180 692 1214 104.
716 1184 747 1221 3,
770 1184 824 1215 30.

113 1227 166 1259 53.
209 1228 250 1264 5,
290 1228 337 1259 10.
360 1226 512 1260 66 115.
568 1228 608 1258 V.
639 1226 680 1258 de
713 1238 752 1258 eo
787 1229 824 1259 E.

112 1273 307 1304 Schaubach.
331 1273 494 1314 Fragmm.
521 1275 743 1314 Anaxagorae.

70 1330 287 1368 Anaxarchus,
310 1328 537 1371 philosophus,
563 1327 738 1370 discipulus
755 1328 824 1359 De-

111 1372 254 1411 mocriti,
278 1373 453 1404 Alexandri
467 1374 512 1404 M.
526 1372 559 1403 in
583 1373 676 1403 bellis
699 1383 819 1411 comes,

111 1417 379 1456 Nicocreontem‚
407 1417 506 1460 Cypri
527 1428 649 1459 regem,
672 1417 822 1455 laeserat,

111 1462 166 1506 qui
190 1470 267 1505 post
290 1462 466 1494 Alexandri
497 1470 638 1493 mortem
668 1473 741 1493 eum
767 1462 823 1493 in—

109 1507 214 1539 terfici
229 1507 331 1539 iussit.
356 1510 387 1544 2,
414 1509 466 1540 52.
494 1507 543 1540 Cf.
557 1508 628 1538 Val.
644 1508 730 1538 Max.
745 1506 777 1544 3,
789 1507 821 1540 3.

111 1554 281 1584 extera-4.
317 1554 355 1583 V.
370 1555 477 1584 Dacis.
496 1552 538 1584 ad
557 1554 588 1589 2,
611 1553 663 1585 52.
685 1559 719 1583 et
743 1554 825 1591 ll‘yt-

113 1599 190 1630 tenb.
214 1596 335 1628 selecta
359 1597 499 1628 scholar.
525 1597 558 1627 in
572 1597 613 1628 N.
630 1598 667 1628 D.
691 1598 759 1635 111,
780 1596 824 1629 33

113 1648 194 1673 extr.
220 1654 250 1684 p.
266 1641 342 1675 797.
370 1642 421 1673 ed.
449 1642 499 1673 Cr.

67 1688 290 1723 Andromache,
311 1687 464 1718 Hectoris
486 1698 576 1726 uxor,
594 1686 753 1725 Eetionis,
769 1698 825 1718 rc-

113 1731 161 1774 gis
181 1731 369 1764 Thebarum
398 1731 430 1763 in
454 1732 578 1775 Mysia,
604 1731 679 1763 filia.
727 1733 824 1763 Mor—

111 1783 170 1808 tuo
199 1778 341 1809 Hectore
366 1777 527 1820 Pyrrhus,
563 1776 698 1808 Achillis
729 1777 824 1814 lilius,

111 1832 183 1853 eam
208 1822 241 1853 in
267 1822 437 1854 Graeciam
463 1822 608 1854 abduxit.
643 1822 674 1861 3,
696 1819 748 1854 -15-
771 1822 824 1854 53.

69 1868 278 1900 Andronicus.
325 1867 400 1900 Vid.
420 1869 537 1899 Livius.

68 1915 219 1944 Anticlea.

265 1913 305 1945 V.
329 1912 370 1943 ad
391 1914 430 1951 5,
455 1912 509 1945 46.

65 1959 253 1997 Antiochus,
279 1956 439 1989 Ascalone
462 1957 495 1988 in
516 1957 609 2001 Syria
628 1963 734 1995 natm,
759 1967 824 1988 no—

111 2014 172 2034 vae
193 2001 389 2034 Academiae
410 2009 575 2040 sectator,
606 2002 736 2033 dicendi
761 2013 824 2044 pe—

110 2047 302 2086 ritissimus,
340 2046 486 2085 Luculli,
524 2047 708 2086 Ciceronis,
736 2046 825 2078 Bruti

110 2099 317 2136 praeceptor,
349 2092 494 2124 Philonis
519 2092 706 2135 discipulus=
729 2092 826 2134 longe

112 2138 208 2170 aliam
242 2150 281 2169 ac
314 2137 414 2169 ceteri
434 2137 621 2169 Academici
652 2138 737 2168 viam
769 2137 824 2167 in—

113 2194 240 2226 gressus
264 2190 323 2214 est.
371 2182 459 2214 Alias
485 2182 571 2214 enim
594 2182 825 2226 philosophiae

114 2227 323 2271 disciplinas,
349 2227 381 2258 iu
406 2227 519 2270 primis
542 2229 686 2259 Stoicam
709 2235 741 2259 et
761 2228 823 2259 Pe-

111 2273 329 2316 ripateticam,
347 2284 418 2304 cum
435 2272 610 2304 Academia
632 2272 664 2303 in
684 2283 823 2304 concor-

112 2318 201 2350 diam
230 2317 376 2359 redigere
398 2325 532 2349 conatus
555 2324 614 2349 est.
663 2317 758 2348 Plura
783 2317 824 2348 de

112 2373 153 2394 eo
174 2361 408 2404 disputavimus
440 2361 472 2393 in
502 2362 586 2393 libro
621 2361 652 2392 d.
677 2363 714 2393 cle
741 2363 824 2394 Cice-

111 2410 196 2439 ronis
224 2409 256 2438 in
282 2409 392 2447 philos.
414 2409 511 2439 merit.
535 2417 567 2449 p.
582 2407 643 2439 15&
653 2417 702 2448 sq.
725 2425 768 2430 —
791 2407 823 2446 3,

113 2452 167 2485 59.
204 2453 244 2490 5,
272 2454 326 2483 21.
352 2454 405 2483 22.
432 2452 504 2484 107.

67 2500 236 2537 Antipater.
269 2496 411 2528 Plurium
432 2496 524 2527 huius
546 2495 686 2527 nominis
710 2495 822 2538 philo-

112 2542 291 2585 sophorum
305 2541 420 2572 Cicero
434 2541 465 2572 in
483 2541 611 2583 scriptis
624 2541 822 2572 mentionem

112 2587 203 2626 facit,
225 2589 380 2626 Antipatri
394 2589 561 2625 Tarsensis,
579 2585 632 2628 qui
651 2586 711 2616 snit
726 2585 822 2617 disci-

114 2632 208 2675 pulus
220 2631 374 2673 Diogenis
389 2631 567 2674 babylonii,
583 2631 710 2662 Stoicae
721 2630 823 2662 disci-

114 2677 223 2720 plinae
245 2683 389 2708 sectator
411 2676 592 2718 doctorque
612 2675 765 2711 Panaetii,
780 2694 823 2699 —-

117 2724 221 2761 Tyrii,
257 2721 311 2764 qui
336 2721 399 2753 fuit
422 2721 597 2763 discipulus
622 2720 766 2752 Panaetii
791 2727 824 2751 et

115 2766 282 2797 familiaris
297 2765 429 2798 Catonis
448 2765 610 2797 Uticensis
631 2765 823 2807 scripsitque

117 2810 159 2842 de
189 2810 325 2851 officiis,
361 2830 403 2836 —
439 2813 601 2850 Cyrenaici
637 2809 824 2852 philosophi

119 2857 163 2898 (5,
191 2856 297 2897 112.);
334 2856 376 2888 de
399 2867 439 2887 eo
464 2867 494 2888 v.
517 2855 611 2897 Diog.
633 2857 671 2887 L.
694 2857 744 2891 It.
768 2854 822 2887 ῠὸ.

116 2901 221 2939 Quem
246 2911 285 2931 ex
304 2900 342 2932 iis
367 2901 482 2933 Cicero
501 2902 532 2937 5,
562 2900 631 2933 107.
653 2899 823 2941 significet,

116 2955 184 2976 non
207 2945 286 2977 satis
309 2945 421 2987 liquet.

151 2999 198 3026 etl.
218 3002 335 3034 quarta.

1538 75 1613 116 481

697 161 830 193 tandem
863 164 1063 202 Antisthenes,
1086 168 1202 194 auctor
1219 168 1328 194 sectae
1341 161 1492 205 Cynicae,
1512 163 1612 195 disei-

1227 207 1267 246 5,
1291 206 1345 240 26.

907 206 1003 249 pulus
1026 207 1181 239 Socratis.

1498 252 1618 285 Consul

910 297 1014 328 factus
1039 303 1089 328 est
1114 290 1190 330 656.
1217 298 1259 328 U.
1273 308 1300 328 c.
1316 295 1370 329 9¹6.
1381 308 1410 329 a.
1428 296 1502 329 Chr.
1539 297 1619 329 Dis-

909 348 1071 372 serentem
1093 353 1166 373 enm
1184 341 1226 373 de
1243 341 1430 384 eloquentia
1451 353 1522 374 cum
1537 343 1618 375 Luc.

908 386 978 417 Lic.
996 387 1112 418 Crasso
1134 386 1258 419 inducit
1281 386 1397 418 Cicero
1421 386 1455 418 in
1475 387 1554 419 libb.
1577 388 1619 420 de

910 437 1051 463 oratore.
1100 433 1188 462 Iussu
1221 431 1317 463 Marii
1341 431 1466 463 occisus
1490 439 1539 464 est
1563 432 1618 465 89.

909 486 936 506 a.
951 476 1024 507 Chr.
1051 477 1078 514 1,
1095 476 1143 508 10.
1170 478 1200 515 ¹2,
1215 477 1267 509 57.
1287 477 1318 514 5,
1332 477 1384 509 55.
1407 476 1461 508 ubi
1478 477 1520 509 cf.
1535 477 1618 510 Adn.

862 522 970 560 Apollo
993 522 1141 560 Pythius,
1175 521 1261 553 Iovis
1296 528 1330 552 et
1352 522 1500 554 Latonae
1523 522 1618 562 filius,

907 564 986 596 dens
1010 572 1200 607 poetarum,
1225 566 1451 605 oraculorum,
1477 567 1618 599 medici—

906 621 966 641 nae
990 611 1017 648 1,
1043 610 1092 642 17.
1114 610 1166 642 52.
1192 611 1244 644 73.
1270 610 1302 648 4,
1326 611 1379 644 77.
1413 614 1520 652 Apollo
1539 623 1618 645 san-

904 658 970 686 ctus
993 654 1024 693 4,
1048 654 1110 687 73:
1136 655 1190 685 ubi
1215 667 1244 686 v.
1269 655 1354 687 Adn.

858 701 989 739 Appius.
1024 699 1055 739 a)
1082 701 1202 738 Appius
1215 702 1365 732 Claudius
1384 703 1510 742 Caecus,
1535 715 1618 735 con-

904 743 954 775 sul
975 740 1052 777 446.
1080 744 1120 775 U.
1144 755 1169 775 c.
1190 743 1265 777 306.
1289 757 1318 776 a.
1335 745 1420 784 Chr„
1447 747 1551 779 clarus
1575 748 1618 780 ob

905 795 1042 820 stratam
1087 787 1128 819 ab
1172 788 1244 830 ipso
1279 789 1375 821 Viam
1409 792 1548 834 Appiam
1585 800 1618 824 et

905 836 1032 877 Aquam
1058 833 1197 875 Appiam
1220 833 1253 865 in
1278 834 1391 866 urbem
1416 835 1558 868 ductam.
1585 836 1618 875 4,

905 877 938 911 4,
973 880 1013 917 5,
1041 880 1111 911 112.
1163 878 1320 910 Carminis
1353 881 1484 912 moralis
1510 881 1617 924 Appii,

907 923 996 966 quod
1019 921 1051 962 -1,
1070 921 1101 955 -l,
1127 931 1419 963 commemoratur,
1454 926 1517 957 tria
1540 934 1617 958 tan—

905 975 975 1000 tum
987 967 1278 1011 deprehenduntur
1289 969 1436 1012 vestigia,
1452 983 1502 1013 ap.
1515 972 1616 1003 Pseu-

906 1013 1075 1045 dosallust.
1094 1012 1136 1043 de
1150 1024 1218 1055 rep.
1232 1013 1302 1045 ord.
1319 1015 1342 1053 Ι,
1362 1018 1388 1047 l.
1406 1026 1458 1058 ap.
1488 1016 1617 1048 Festum

905 1057 937 1089 in
951 1063 1102 1098 stuprum,
1117 1069 1168 1100 ap.
1183 1058 1336 1092 Priscian.
1349 1061 1436 1092 VIII.
1449 1072 1482 1103 p.
1495 1061 1569 1094 792.
1582 1062 1616 1093 Ρ.

903 1103 978 1135 Vid.
995 1105 1143 1135 Orellium
1163 1109 1196 1133 et
1210 1114 1304 1145 quem
1328 1104 1438 1136 laudat
1451 1107 1617 1147 Spalding).

904 1148 947 1180 ad
969 1147 1126 1187 Quinctil.
1148 1148 1187 1180 T.
1203 1150 1255 1179 lV.
1283 1161 1313 1191 p.
1327 1150 1401 1182 5511.
1426 1169 1469 1174 ——
1495 1151 1526 1191 b)
1553 1154 1615 1191 Ap-

900 1195 985 1233 pius,
1014 1195 1038 1232 l,
1061 1193 1113 1225 37.
1138 1199 1171 1223 et
1185 1193 1289 1226 Divin.
1313 1195 1338 1225 Ι.
1356 1195 1409 1232 5175,
1428 1196 1500 1227 132.
1520 1207 1615 1227 com—

902 1244 1120 1276 memoratus,
1157 1249 1176 1268 a
1205 1240 1401 1271 Billerbeckio
1425 1239 1618 1283 intelligitur

901 1285 1046 1323 „Appius
1069 1284 1220 1314 Claudius
1240 1285 1381 1324 Pulcher,
1407 1286 1519 1316 consul
1541 1286 1616 1319 700.

906 1328 946 1358 U.
970 1340 996 1359 c.
1019 1326 1083 1369 (54.
1105 1339 1134 1359 a.
1158 1328 1246 1368 Chr.)
1261 1353 1268 1367 ‚
1296 1329 1385 1359 Bruti
1408 1341 1511 1368 socer,
1538 1342 1616 1362 ora-

903 1378 966 1410 tor,
993 1372 1047 1415 qui
1070 1384 1088 1403 a
1110 1373 1339 1410 Q.Hortensio
1363 1375 1528 1417 Brutoque
1538 1374 1614 1408 70⁴1».

903 1428 1000 1459 quum
1031 1428 1071 1448 ex
1107 1416 1217 1448 Cilicia
1239 1417 1416 1459 -provincia
1449 1420 1551 1450 redux
1584 1427 1617 1451 et

902 1462 1041 1493 ambitus
1073 1468 1106 1492 et
1129 1462 1307 1493 maiestatis
1329 1475 1347 1495 a
1368 1463 1539 1496 Dolabella
1563 1476 1616 1495 es-

903 1513 954 1538 set
981 1513 1169 1543 accusatus,
1209 1506 1362 1539 defensus
1387 1515 1435 1540 est
1460 1516 1492 1540 et
1516 1511 1616 1541 Pom-

903 1552 970 1594 peii
1002 1551 1187 1595 patrocinio
1219 1552 1386 1585 absolutus
1418 1554 1452 1586 in
1479 1554 1616 1587 Graecia

902 1604 1050 1629 mortuus
1085 1603 1145 1628 est.
1195 1598 1232 1628 V.
1261 1599 1347 1629 Brut.
1379 1610 1404 1631 c.
1431 1600 1458 1631 l.
1483 1598 1536 1632 6-1--
1559 1600 1613 1633 72.

902 1642 956 1676 77.
980 1641 1033 1675 9-1.
1055 1642 1097 1673 ad
1121 1641 1215 1672 Divv.
1239 1644 1297 1674 III.
1320 1643 1371 1675 10.
1391 1650 1423 1675 et.
1451 1645 1500 1676 ll.
1529 1646 1615 1676 VIII.

903 1686 935 1724 (5,
959 1686 989 1719 9.
1014 1687 1121 1718 Valer.
1142 1688 1228 1718 Mam
1253 1688 1277 1718 1.
1297 1688 1328 1725 8,
1359 1689 1407 1720 10.
1454 1689 1505 1720 Ad
1528 1689 1615 1721 hunc

903 1731 1040 1763 fratrem
1060 1732 1093 1763 P.
1111 1731 1227 1770 Clodii,
1252 1744 1270 1763 a
1290 1732 1415 1764 Milone
1436 1733 1614 1772 interfecti,

906 1776 1038 1814 Cicero,
1076 1776 1129 1818 qui
1153 1776 1219 1806 eins
1246 1776 1371 1819 collega
1401 1777 1435 1809 in
1457 1786 1614 1821 auguratu

905 1828 985 1860 erat,
1011 1821 1143 1852 tertium
1165 1821 1236 1852 libr.
1252 1822 1355 1864 Epist.
1370 1822 1412 1853 ad
1426 1824 1511 1856 Fam.
1531 1824 1615 1855 scri-

904 1866 988 1908 psit,
1024 1866 1057 1897 id
1080 1866 1167 1909 quod
1193 1877 1230 1896 ex
1255 1867 1361 1898 Divin.
1385 1869 1417 1906 Ι,
1444 1868 1492 1900 16.
1515 1869 1614 1910 (adde

904 1913 946 1949 11,
969 1912 1036 1951 35.)
1058 1911 1195 1954 liquet.⁴‘
1234 1911 1282 1943 Cf.
1296 1914 1469 1944 Turnebum
1492 1913 1534 1944 ad
1548 1914 1614 1946 Cic.

904 1957 1006 1999 Legg.
1041 1958 1090 1994 Il,
1117 1956 1166 1988 13.
1215 1981 1234 1994 „
1251 1957 1372 1999 Appius
1403 1957 1541 1990 Pulcher
1573 1959 1614 1990 de

903 2001 1048 2044 augurali
1070 2000 1242 2043 disciplina
1263 2002 1304 2033 ad
1321 2002 1512 2035 Ciceronem
1529 2004 1614 2035 scri-

904 2053 1015 2089 pserat
1040 2046 1093 2089 (ad
1119 2047 1206 2077 Ifam.
1233 2048 1286 2085 llI,
1309 2045 1353 2087 4.)
1381 2053 1414 2078 et
1434 2048 1521 2090 apud
1543 2050 1614 2080 Lu-

907 2103 976 2123 can.
1000 2091 1055 2123 lib.
1068 2092 1106 2122 V.
1128 2091 1294 2123 oraculum
1314 2091 1506 2134 Delphicum
1531 2105 1614 2125 con-

903 2137 999 2175 sulit,
1035 2136 1123 2179 quod
1147 2136 1272 2168 consuli
1304 2136 1366 2168 iam
1388 2137 1547 2177 desierat,
1582 2146 1614 2171 et

904 2182 946 2214 ad
968 2182 1127 2213 cortinam
1150 2181 1286 2213 invitam
1306 2181 1408 2213 mittit
1428 2184 1613 2225 Pythiam.‘⁴

906 2229 1038 2260 Orellius
1056 2238 1093 2257 ex
1107 2226 1263 2268 Sulpicio,
1289 2233 1400 2258 vetere
1423 2228 1545 2259 Lucani
1563 2229 1613 2260 in-

904 2278 1069 2314 terprete,
1094 2271 1186 2302 illum
1209 2271 1351 2313 Appium
1371 2271 1510 2314 intelligi
1531 2274 1611 2309 vult,

904 2317 958 2359 qui
979 2315 1066 2358 apud
1087 2315 1195 2347 Valer.
1211 2316 1297 2346 Max.
1322 2317 1345 2347 Ι.
1364 2320 1395 2355 ὅ,
1419 2316 1469 2349 10.
1494 2324 1525 2348 et
1543 2318 1613 2349 Lu-

905 2372 975 2393 can.
1009 2362 1056 2399 V,
1079 2360 1122 2393 6&
1135 2371 1182 2402 sq.
1222 2360 1414 2402 Delphicum
1447 2362 1611 2395 oraculum

905 2405 1045 2438 consulit
1068 2412 1100 2436 et
1126 2405 1166 2436 ab
1189 2405 1305 2436 Orosio
1327 2406 1368 2436 Vt
1383 2430 1390 2444 ,
1419 2407 1466 2438 15.
1492 2406 1610 2450 p.417.

902 2453 1021 2490 Appius
1042 2452 1192 2482 Claudius
1215 2452 1398 2482 Censorinus
1417 2452 1611 2494 appellatur.

902 2495 997 2527 Adde
1027 2497 1175 2527 Orellium
1210 2494 1242 2526 in
1279 2496 1489 2528 Onomastico
1521 2497 1609 2529 Tull.

903 2541 938 2572 P.
955 2542 993 2570 Π.
1015 2551 1047 2582 p.
1063 2541 1116 2572 ὅτε.
1137 2546 1169 2570 et
1189 2540 1262 2571 152.
1283 2546 1316 2570 et
1327 2542 1478 2573 Moserum
1497 2541 1571 2574 Vol.
1585 2544 1608 2574 1.

901 2597 933 2628 p.
960 2587 1030 2617 125.

857 2632 1020 2671 Aquillius,
1036 2631 1172 2670 Manius,
1197 2641 1223 2663 c.
1239 2629 1273 2660 C.
1290 2630 1395 2663 Mario
1408 2631 1519 2663 consul
1532 2631 1608 2665 652.

905 2676 944 2706 U.
973 2686 998 2705 c.
1026 2675 1096 2706 102.
1119 2686 1147 2705 a.
1173 2674 1267 2715 Chr.,
1301 2682 1418 2718 postea
1442 2677 1608 2719 peculatus

903 2732 920 2751 a
942 2720 979 2751 L.
993 2719 1089 2750 Fusio
1113 2727 1291 2760 accusatus,
1308 2720 1348 2752 ab
1368 2722 1512 2752 Antonio
1531 2732 1608 2752 ora-

902 2771 976 2796 tore
1009 2764 1162 2796 defensus
1195 2771 1255 2798 est.
1314 2769 1340 2797 A
1373 2772 1485 2797 senatu
1513 2766 1607 2796 Rom.

903 2809 1016 2841 missus
1038 2816 1087 2841 est
1106 2809 1139 2841 in
1163 2811 1270 2842 Asiam
1290 2810 1466 2847 minorem,
1493 2815 1528 2840 ut
1552 2821 1608 2841 re—

903 2866 958 2897 ges
982 2866 1000 2886 a
1028 2854 1220 2887 Mithridate
1252 2866 1352 2897 regno
1376 2855 1526 2897 expulsos
1552 2865 1609 2886 re-

903 2899 1073 2939 stitueret,
1108 2906 1221 2943 captus
1245 2907 1353 2930 autem
1377 2910 1395 2929 a
1418 2898 1609 2931 Mithridate

906 2944 1027 2976 crudeli
1054 2952 1161 2984 morte
1194 2943 1311 2986 periit;
1347 2950 1396 2973 est
1421 2943 1507 2975 enim
1529 2955 1608 2976 auro

1260 2995 1307 3028 51
