1863 3221
231 107 310 150 18⁶2

231 207 326 250 quas
347 206 419 234 nos
448 191 704 233 multitudinis
731 188 873 230 iudicio
904 187 1062 242 probari
1083 186 1335 238 volebamus,
1366 187 1577 243 (popularis
1599 195 1661 229 est
1682 189 1785 230 enim

230 267 296 308 illa
323 265 512 315 facultas,
546 271 587 305 et
614 263 779 304 effectus
802 260 1049 315 eloquentiae
1075 267 1135 300 est
1158 259 1396 300 audientium
1419 260 1689 315 approbati03)
1719 261 1788 301 sed

233 339 265 381 si
296 337 592 392 reperiebantur
620 334 820 385 nonnulli,
861 333 926 388 qui
952 333 1045 374 nihil
1075 332 1299 382 laudarent,
1340 333 1415 373 nisi
1446 333 1547 387 quod
1573 347 1616 373 se
1646 333 1788 373 imitari

827 110 994 144 LIBER
1017 110 1061 142 ΙΙ.
1088 109 1127 149 1,
1151 110 1183 142 4.

233 424 348 467 posse
387 410 654 460 confiderent,
700 420 890 463 quemque
930 405 1109 462 sperandi
1151 405 1252 455 sibi,
1299 406 1464 446 eundem
1501 405 1601 446 bene
1637 405 1790 445 dicendi

233 485 347 525 finem
377 488 640 538 proponerent
670 488 733 532 et,
777 494 894 535 quum
932 479 1193 520 obruerentur
1222 477 1334 533 copia
1363 478 1646 518 sententiarum
1675 485 1790 532 atque

232 557 465 607 verborum,
503 555 744 596 ieiunitatem
776 560 815 593 et
845 554 984 594 famem
1016 565 1058 593 se
1089 552 1229 602 malle,
1263 565 1377 605 quam
1407 552 1624 592 ubertatem
1656 557 1696 592 et
1725 564 1791 591 co-

233 630 332 684 piam
357 628 554 669 dicerent:
588 628 689 668 unde
717 633 800 667 erat
829 632 1011 666 exortum
1039 638 1163 679 genus
1189 624 1433 674 Atticorum,
1466 624 1545 664 iis⁵
1577 623 1693 678 ipsis,
1727 624 1791 677 qui

232 702 271 742 id
301 701 411 756 sequi
441 714 485 742 se
516 700 818 755 profitebantur,
859 698 1060 752 ignotume
1109 697 1172 751 qui
1210 698 1284 738 iam
1324 698 1631 740 conticuerunt⁶
1668 710 1792 751 paene

232 774 279 815 ab
310 775 394 829 ipso
426 775 512 814 foro
542 773 672 814 irrisi:
734 778 776 814 4.
809 771 898 826 quid
930 771 1098 811 futurum
1130 777 1332 824 putamus,
1372 785 1486 824 quum
1518 770 1695 811 adiutore
1724 784 1792 824 po-

234 847 346 902 pulo,
383 861 458 901 quo
490 846 694 887 utebamur
725 852 862 894 antea,
903 858 1004 885 nuno
1037 843 1193 883 minime
1227 857 1299 883 nos
1334 843 1387 884 uti
1420 857 1534 898 posse
1563 843 1792 884 videamus?

234 919 310 959 Est
343 919 446 959 enim
479 917 720 973 philosophia
752 916 885 972 paucis
915 923 1100 956 contenta
1129 915 1341 965 iudicibus,
1386 916 1666 956 multitudinem
1699 930 1791 955 con-

234 992 335 1032 sulto
367 992 450 1046 ipsa
479 991 629 1044 fugiens
662 989 774 1043 eique
806 989 877 1043 ipsi
907 995 946 1029 et
973 995 1155 1042 suspecta
1187 995 1226 1028 et
1252 988 1404 1039 invisa,
1446 996 1486 1028 ut
1518 989 1604 1039 vel,
1643 989 1675 1028 si
1706 988 1791 1042 quis

234 1063 455 1103 universam
480 1062 575 1103 velit
595 1063 842 1117 vituperare,
875 1061 1048 1102 secundo
1076 1060 1113 1101 id
1139 1061 1278 1115 populo
1306 1061 1436 1100 facere
1461 1061 1605 1115 possit,
1638 1061 1724 1111 vel,
1757 1061 1790 1101 si

322 1180 343 1211 5
367 1179 424 1211 Kl.
446 1181 494 1211 his
515 1190 587 1210 cum
611 1178 650 1211 R.
670 1178 806 1223 aliisque
831 1177 938 1218 codd.,
965 1183 1000 1208 ut
1022 1177 1078 1209 ait.
1102 1178 1141 1209 R.
1163 1189 1216 1221 ap.
1237 1177 1360 1221 Tregd.
1382 1177 1482 1209 habet
1504 1180 1564 1210 iis:
1588 1177 1677 1221 quod
1697 1177 1792 1210 unice

233 1236 344 1257 verum
364 1231 424 1256 est.
471 1225 511 1256 V.
537 1223 579 1254 ad
601 1224 625 1254 L
644 1221 685 1262 3,
711 1223 743 1255 5.
791 1220 813 1254 6
837 1235 867 1254 ν.
891 1222 978 1254 Adn.

233 1298 344 1324 autem
362 1289 523 1322 eiusmodi
546 1289 743 1321 anacolutha
762 1301 801 1320 ex
815 1288 992 1321 memoriae

233 1336 326 1379 lapsu
350 1342 468 1378 putes,
505 1334 656 1366 consulto
681 1334 922 1372 admittuntur,
951 1345 992 1366 ne

232 1388 310 1424 post
326 1380 510 1423 longiorem
529 1378 670 1410 maxime
685 1378 895 1421 parenthesin
913 1389 992 1410 con-

233 1425 372 1457 structio
396 1424 491 1456 nimis
517 1423 560 1455 ad
583 1423 737 1455 amussim
763 1423 851 1454 facta
875 1422 991 1454 videa-

233 1474 320 1501 tur.“
370 1471 403 1500 ln
429 1469 541 1512 primis
566 1468 757 1510 cogitemus,
783 1468 815 1499 in
840 1467 992 1510 dialogis,

233 1514 266 1545 in
297 1513 412 1557 quibus
448 1513 556 1545 oratio
589 1513 694 1544 minus
728 1512 887 1544 adstricta
923 1524 992 1544 esse

232 1558 317 1590 solet
349 1558 582 1601 grammaticae
613 1557 757 1599 legibus,
802 1564 836 1589 et
866 1563 993 1599 gratam

234 1614 305 1635 esse
334 1603 422 1634 illam
446 1603 679 1645 negligentiam
697 1609 730 1633 et
750 1614 901 1646 magnam
919 1614 995 1634 sae-

234 1659 278 1691 pe
298 1647 365 1680 vim
394 1647 515 1679 habere
546 1647 589 1678 ad
619 1647 804 1689 augendum
836 1646 994 1678 sermonis

233 1692 381 1734 vigorem
416 1698 449 1722 et
482 1692 619 1723 multum
655 1692 806 1723 conferre
832 1692 873 1722 ad
897 1692 993 1723 adiu-

233 1737 374 1769 vandam
398 1736 556 1767 orationis
576 1736 863 1779 perspicuitatem,
888 1737 992 1767 maxi-

233 1793 286 1814 me
315 1781 348 1812 in
381 1781 584 1823 longioribus
617 1780 782 1824 periodis,
819 1781 853 1812 in
878 1781 995 1824 quibus

233 1825 370 1858 difficile
392 1832 442 1856 est
464 1832 569 1857 totam
592 1825 829 1857 sententiarum
845 1825 993 1868 comple-

231 1870 365 1902 xionem
395 1876 508 1901 tenere
540 1877 573 1901 et
604 1881 670 1901 uno
702 1870 793 1912 quasi
824 1871 995 1902 oculorum

234 1915 352 1948 obtutu
385 1914 544 1945 contueri.
592 1914 705 1953 Quid?
737 1914 764 1946 si
790 1914 993 1954 Ciceronem,

233 1970 394 1991 summum
433 1959 574 1990 Romani
618 1959 778 1990 sermonis
822 1959 993 1998 artificem,

234 2003 333 2035 etiam
363 2003 396 2034 iu
426 2003 561 2034 minoris
591 2003 731 2035 ambitus
758 2003 858 2045 (infra
883 2006 938 2035 ΙΙΙ.
961 2003 993 2042 8,

237 2047 303 2088 16.)
334 2047 511 2078 enuntiatis
542 2047 597 2078 isti
629 2047 848 2089 negligentiae
882 2048 994 2079 indul-

235 2091 315 2122 sisse
336 2090 504 2128 videmus,
529 2091 759 2133 putabimusne
786 2092 864 2123 talia
888 2092 994 2123 invito

236 2135 265 2166 ei
285 2146 325 2166 ex
353 2134 478 2166 incuria
507 2135 646 2177 quadam
676 2142 774 2177 atque
797 2136 994 2178 negligentia

236 2178 421 2211 excidisse?
460 2179 511 2212 Cf.
533 2179 620 2211 infra
641 2181 680 2212 V.
707 2180 756 2217 19,
782 2178 835 2211 54.
865 2183 919 2217 22,
937 2179 992 2212 63.

236 2223 319 2255 Ibid.
342 2235 368 2255 c.
388 2223 437 2261 15,
461 2220 513 2255 45.
550 2226 590 2257 ΙΙ.
614 2225 646 2263 7,
667 2224 717 2258 17.
741 2223 793 2254 ubi
816 2236 845 2255 v.
869 2224 990 2255 Adnot.

236 2269 293 2300 ΙΙΙ.
316 2269 357 2306 ὅ,
386 2267 435 2300 16.
486 2268 538 2299 Cf.
564 2268 730 2300 Adnotata
762 2268 795 2299 in
818 2270 842 2299 Ι.
870 2269 919 2307 13,
939 2269 992 2300 50.

237 2311 407 2344 Sententia
428 2318 538 2343 autem
560 2313 654 2345 huius
678 2312 865 2355 implicatae
886 2324 992 2345 enun-

237 2356 385 2388 tiationis
404 2356 487 2388 haec
509 2364 577 2389 est:
609 2358 642 2389 Si
663 2357 827 2389 orationes
849 2364 992 2396 nostrae,

236 2401 269 2432 in
293 2401 428 2445 quibus,
455 2401 482 2432 si
505 2414 571 2433 non
596 2403 754 2439 aliorum,
788 2402 905 2433 saltem
929 2414 994 2444 po-

238 2445 306 2487 puli
329 2456 461 2477 assensu
484 2453 518 2477 et
540 2447 636 2479 laude
662 2447 870 2486 fruebamur,
907 2459 993 2478 nou-

239 2489 333 2519 nullis
356 2490 515 2530 probatae
550 2503 614 2523 non
639 2498 734 2523 sunt:
771 2499 894 2534 quanto
918 2492 994 2534 plu-

238 2544 289 2564 res
322 2533 525 2566 adversarios
556 2536 589 2567 in
623 2536 853 2579 philosophiae
884 2536 994 2568 studio

239 2577 462 2620 experiemur,
499 2579 532 2610 in
551 2591 615 2621 quo
636 2592 768 2622 sperare
786 2591 850 2613 non
874 2592 994 2623 possu-

238 2632 328 2660 mus,
355 2622 448 2659 sore,
474 2629 509 2654 ut
532 2624 671 2665 populus
696 2625 790 2656 nobis
815 2626 996 2668 opituletur

239 2672 274 2698 et
310 2666 551 2708 approbatione
585 2679 641 2699 sua
678 2676 791 2701 contra
825 2671 994 2702 hominum

238 2709 394 2742 invidiam
419 2721 477 2742 nos
501 2711 671 2743 defendat.

305 2757 359 2787 sed
378 2758 404 2787 si
424 2756 666 2798 reperiebantur]
693 2758 754 2788 Sed
768 2757 903 2790 inservit
916 2771 995 2791 sen-

240 2799 363 2831 tentiae
398 2806 475 2831 ante
499 2800 709 2842 parenthesin
744 2801 915 2835 inchoatae
940 2816 995 2836 re-

241 2844 427 2883 vocandae,
454 2851 487 2875 et
506 2844 638 2886 quidem
661 2856 759 2886 saepe
783 2846 849 2885 ita,
875 2854 910 2878 ut
933 2860 993 2881 an-

241 2888 426 2920 tecedentia
442 2889 656 2931 corrigantur.
691 2890 729 2920 V.
748 2889 854 2922 locum
873 2892 925 2934 (V.
942 2893 993 2930 19,

239 2931 306 2975 54.)
327 2933 427 2966 modo
449 2933 618 2966 laudatum
638 2940 671 2966 et
691 2935 733 2966 ΙΙ.
759 2932 819 2973 14,
841 2935 895 2968 32.
944 2937 994 2968 Cf.

1028 1292 1173 1321 Goerenz.
1200 1289 1243 1321 ad
1266 1289 1421 1322 Academ.
1448 1292 1473 1321 l.
1497 1289 1527 1328 7,
1550 1289 1604 1323 26.
1628 1302 1661 1333 p.
1676 1287 1730 1323 44.
1756 1297 1790 1322 et

1026 1336 1158 1366 Ellendt.
1184 1334 1225 1365 ad
1252 1336 1341 1365 Brut.
1366 1335 1531 1373 XLVnI,
1562 1335 1633 1368 177.

1093 1388 1240 1418 quemque
1264 1380 1412 1419 sperandi
1433 1377 1505 1420 sibi]
1531 1379 1701 1410 Sententia
1721 1385 1787 1411 est:

1027 1422 1082 1466 qui
1105 1434 1265 1455 summam
1288 1430 1387 1465 atque
1417 1423 1690 1465 perfectissimam
1714 1424 1789 1456 elo-

1028 1468 1194 1511 quentiam
1227 1480 1294 1499 non
1322 1468 1419 1499 aliam
1445 1476 1690 1510 proponerent,
1728 1468 1791 1500 nisi

1028 1524 1125 1555 quam
1147 1512 1209 1555 ipsi
1238 1525 1273 1544 se
1296 1513 1459 1555 attingere
1484 1524 1580 1555 posse
1604 1520 1788 1556 sperarent.

1029 1560 1115 1588 Finis
1140 1569 1238 1600 saepe
1262 1557 1400 1596 dicitur,
1431 1557 1520 1599 quod
1545 1557 1577 1589 iu
1603 1569 1729 1602 quaque
1754 1570 1789 1589 re

1029 1613 1189 1632 summum
1211 1609 1260 1633 est
1282 1614 1320 1634 ac
1343 1601 1638 1644 perfectissimum,
1665 1610 1698 1634 nt
1721 1603 1752 1634 h.
1766 1603 1787 1634 l.

1029 1648 1100 1687 finis
1123 1649 1271 1686 sperandi
1300 1654 1349 1678 est
1383 1658 1565 1686 summum,
1606 1648 1694 1690 quod
1719 1648 1789 1690 quis

1029 1703 1160 1733 sperare
1191 1698 1303 1734 potest
1334 1698 1389 1723 aut
1413 1699 1542 1733 sperat3
1576 1694 1647 1732 finis
1667 1694 1790 1724 dicendi

1030 1743 1079 1767 est
1103 1747 1264 1767 summum
1289 1736 1518 1779 eloquentiae;
1543 1737 1620 1768 hinc
1645 1740 1715 1777 finis
1738 1740 1789 1768 bo-

1028 1791 1140 1812 norum
1174 1785 1202 1812 et
1235 1784 1391 1813 malorum
1416 1780 1536 1812 dicitur
1568 1793 1628 1824 pro
1662 1793 1789 1813 summo

1029 1825 1119 1857 bono
1144 1831 1177 1856 et
1200 1826 1298 1858 malo.
1349 1826 1398 1857 Cf.
1422 1828 1553 1858 Ernestii
1577 1826 1666 1857 Clav.
1690 1827 1790 1858 Cice-

1030 1881 1102 1901 ron.
1127 1870 1159 1902 h.
1185 1882 1215 1902 v,
1265 1872 1312 1901 De
1333 1870 1497 1901 sententia
1529 1871 1572 1903 cf.
1593 1872 1646 1902 Or.
1669 1870 1699 1908 7,
1724 1873 1786 1902 24:

1034 1915 1127 1946 Nunc
1152 1921 1278 1947 tantum
1303 1915 1438 1957 quisque
1460 1915 1593 1954 laudat,
1630 1922 1787 1957 quantum

1030 1970 1064 1989 se
1085 1966 1197 2001 sperat
1217 1971 1313 2002 posse
1334 1959 1466 1991 imitari.
1502 1960 1578 1991 Sall.
1594 1960 1663 1991 Cat.
1688 1961 1742 1997 111,
1756 1961 1789 1991 2.

1030 2003 1134 2035 Thuc.
1158 2005 1198 2042 Il,
1221 2005 1283 2037 35:
1320 2004 1372 2036 ubi
1393 2016 1424 2036 v.
1448 2007 1625 2044 Popponem
1649 2004 1724 2036 Vol.
1747 2005 1788 2037 ll.

1030 2058 1063 2089 p.
1082 2047 1144 2080 149
1154 2060 1202 2090 sq.

1100 2092 1195 2135 unde]
1220 2104 1283 2131 „ex
1298 2092 1411 2134 quibus
1432 2092 1600 2135 principiis
1619 2094 1675 2135 (sc.
1687 2105 1790 2135 genus

1030 2135 1161 2166 dicendi
1187 2148 1258 2168 esse
1283 2137 1404 2168 debere
1427 2137 1566 2176 humile,
1601 2138 1787 2178 demissum,

1029 2179 1073 2210 nil
1108 2180 1168 2211 nisi
1204 2180 1428 2223 incorruptam
1462 2188 1610 2213 naturam
1633 2183 1787 2225 spirans).

1031 2225 1121 2262 Quae
1148 2224 1279 2267 quidem
1304 2225 1461 2267 principia
1489 2238 1638 2268 perverse
1661 2227 1787 2258 intelli-

1028 2268 1190 2310 gebantur
1215 2269 1256 2301 ab
1280 2270 1482 2309 adversariis,
1509 2270 1562 2313 qui
1585 2271 1789 2303 ieiunitatem

1029 2320 1062 2344 et
1083 2314 1269 2345 ariditatem
1292 2314 1465 2357 quandam,
1493 2326 1622 2347 omnem
1637 2323 1788 2348 ornatum

1029 2364 1062 2388 et
1082 2358 1275 2400 elegantiam
1293 2359 1451 2391 orationis
1472 2359 1587 2392 sedulo
1606 2360 1788 2402 fugientem

1029 2413 1068 2433 ac
1092 2410 1319 2445 respuentem,
1353 2416 1466 2435 verum
1491 2404 1699 2437 Atticismum
1722 2416 1786 2448 pu-

1029 2447 1178 2482 tabant.‘}
1225 2450 1362 2480 Neidius.

1096 2502 1192 2532 genus
1213 2495 1395 2534 Atticorum]
1436 2493 1514 2525 Tria
1548 2494 1636 2536 apud
1660 2501 1788 2525 veteres

1029 2537 1246 2568 censebantur
1270 2537 1399 2568 dicendi
1430 2549 1568 2579 genera,
1606 2541 1788 2578 Asiaticum,

1029 2583 1172 2621 Atticum,
1190 2584 1354 2614 Rhodium.
1392 2583 1501 2613 Genus
1523 2584 1692 2613 Asiaticum
1707 2593 1787 2613 sen-

1029 2626 1206 2657 tentiarum
1223 2626 1410 2668 granditate
1424 2632 1456 2656 et
1478 2626 1648 2657 maiestate
1665 2627 1786 2657 verbo-

1030 2681 1120 2710 rum,
1154 2671 1296 2703 maxima
1320 2670 1453 2702 omnino
1476 2670 1645 2708 ubertate,
1679 2671 1785 2713 copia,

1028 2721 1158 2746 tumore
1171 2715 1256 2747 adeo
1277 2721 1311 2747 et
1327 2714 1539 2746 affectatione
1554 2714 1680 2756 insigne
1694 2722 1764 2747 erat
1777 2728 1785 2754 ς

1029 2762 1160 2792 Atticum
1185 2766 1300 2792 contra
1321 2759 1458 2801 simplex
1483 2766 1564 2797 erat,
1590 2759 1784 2792 tenuitatem

1030 2805 1193 2846 quandam
1215 2816 1253 2835 ac
1274 2804 1476 2835 ieiunitatem
1498 2810 1626 2835 sectans
1640 2829 1648 2841 ‚
1673 2804 1785 2836 subtili

1030 2855 1063 2880 et
1086 2860 1198 2891 pressa
1212 2848 1360 2880 oratione
1378 2848 1534 2885 limatum,
1551 2848 1638 2879 omui
1653 2848 1785 2880 dicendi

1031 2893 1214 2925 festivitate
1234 2904 1273 2924 ac
1293 2892 1406 2935 lepore
1421 2892 1659 2936 verborumque
1680 2904 1785 2925 vene-

1030 2937 1117 2970 ribus
1140 2937 1328 2976 abstinens3
1368 2939 1523 2970 Rhodium
1547 2937 1687 2982 denique
1711 2949 1782 2972 me·
