1863 3221
220 113 303 154 218

221 200 297 241 levi
319 199 430 239 ictu²
456 199 629 253 ploratus
653 195 897 251 turpissimos
921 195 1053 235 edere.
1098 194 1153 234 At
1177 207 1273 235 vero
1296 194 1360 236 ille
1384 196 1625 237 exercitatus
1649 203 1688 236 et
1711 209 1779 238 ve-

222 280 283 313 tus
307 272 354 312 ob
377 284 538 325 eamque
560 284 642 310 rem
666 268 805 309 fortior
825 268 1015 308 medicum
1037 267 1150 307 modo
1172 267 1392 321 requirens,
1418 282 1441 309 a
1463 283 1538 323 quo
1562 268 1776 322 obligetur:

256 347 300 385 E.
334 348 363 384 0
385 345 596 383 Patricoles
611 347 647 390 ³,
682 344 807 395 inquit,
839 345 890 381 ad
910 345 974 380 vos
994 344 1192 380 adveniens
1213 343 1397 380 auxilium
1420 349 1457 380 et
1478 345 1627 380 vestras
1651 355 1781 380 manus

798 116 963 150 LIBER
988 117 1030 148 11.
1059 113 1119 157 16,
1144 117 1196 150 38.

332 421 442 465 Peto,
473 420 694 469 priusquam
717 417 880 467 oppetd4
906 417 1040 453 malam
1057 416 1213 466 pestem,
1250 414 1438 453 *datam*
1453 416 1471 440 ⁵
1498 416 1629 453 hostili
1654 428 1778 461 manu,

334 493 465 542 Neque
493 492 656 541 sc'mguls
683 491 760 527 ullo
785 492 889 540 potis
918 496 974 526 est
997 495 1110 539 pacto
1136 489 1332 541 profluens
1362 491 1582 535 consistere,

299 600 305 605 .
332 567 381 603 Sa·
405 566 475 616 qui
487 565 505 589 ⁶
538 565 728 615 sapientiai
758 561 878 613 magis
908 569 1032 600 vestra
1062 564 1163 599 mors
1190 563 1352 599 devitari
1367 562 1387 586 ⁷
1415 568 1552 612 potest.

332 639 502 689 Namque
530 638 742 687 Aesculapi
769 636 975 674 liberorum
1005 636 1131 672 saz'cciz'
1156 636 1310 685 opplent
1330 636 1526 685 porticus,-

333 712 419 750 Noa
444 713 574 762 potest
598 711 738 748 accedi.
802 709 843 748 P.
878 711 986 747 Certe
1006 709 1227 759 Eurypylus
1251 709 1312 746 lzz'e
1335 709 1480 760 quidem
1496 709 1532 745 ⁸.
1594 708 1786 746 Hominem

1401 782 1606 818 exercitam
1621 782 1639 806 ⁹
1657 783 1673 819 Ι

310 912 332 945 2
358 913 438 945 Cod.
452 914 535 945 Dav.
561 919 594 944 et
616 923 717 954 marg.
744 911 796 943 Cr.
818 911 923 943 leviter
945 912 1058 942 ictum.-
1082 909 1170 953 quod
1190 909 1310 952 probat
1331 908 1437 941 Bentl.
1462 919 1569 951 comp.
1595 920 1622 941 c.
1638 907 1693 949 21,
1717 906 1782 941 49:

221 959 366 1001 graviter
387 977 431 984 ·—-
453 958 566 989 ictum.
614 961 657 989 At
679 968 709 988 v.
734 956 777 987 ad
799 957 857 987 Ill.
881 953 941 994 16,
966 954 1029 987 34:
1063 955 1209 986 adversis
1236 954 1374 986 casibus.
1432 952 1454 986 3
1479 954 1533 985 Sic
1555 953 1670 996 scripsi
1693 965 1721 987 c.
1743 953 1784 986 R.

223 1003 309 1037 Gud.
336 1003 363 1035 l.
389 1005 429 1035 Il.
453 1002 537 1034 I’ith.
559 1002 695 1044 aliisque
718 1012 778 1043 pro
798 1000 885 1042 vulg.
908 1002 1084 1039 Patrocles,·
1109 999 1198 1041 quod
1218 999 1338 1040 recepi,
1365 997 1464 1030 etiam
1483 1000 1632 1038 Bequius
1653 998 1685 1029 in
1711 1001 1784 1030 An·-

220 1048 285 1080 nal.
308 1048 411 1091 antiq.
433 1047 559 1087 discipl.
592 1046 687 1077 1851.
712 1057 744 1087 p.
766 1042 866 1081 39ὅ.;
892 1046 930 1075 L.
953 1046 1080 1075 Rossius
1099 1043 1179 1075 ibid.
1200 1055 1233 1085 p.
1251 1041 1330 1075 399.
1354 1043 1446 1075 malit
1465 1045 1663 1082 Patrocules5
1688 1042 1783 1084 pauci

222 1091 320 1125 codd.
345 1099 379 1123 et
401 1091 476 1123 edd.
502 1093 654 1123 Patrocle.
701 1090 741 1120 V.
763 1088 805 1120 ad
826 1089 866 1120 V.
885 1087 950 1128 21,
975 1085 1030 1120 61.
1078 1087 1100 1120 4
1125 1087 1178 1119 Sic
1203 1087 1288 1119 Gud.
1316 1088 1344 1119 1.
1368 1089 1407 1118 ΙΙ.
1429 1087 1488 1129 b(a
1510 1099 1558 1130 pr.
1583 1087 1639 1124 m.)
1663 1087 1783 1130 aliique

221 1136 374 1180 plurimi3
399 1139 543 1176 oppetam
568 1136 605 1166 R.
621 1146 673 1176 ap.
687 1135 744 1166 Tr.
770 1133 791 1164 b
815 1145 833 1165 a
855 1144 920 1165 sec.
942 1144 985 1163 m.
1012 1144 1092 1163 unus
1114 1135 1173 1163 Ox.
1190 1143 1270 1163 unus
1292 1131 1386 1164 Leid.
1410 1132 1461 1163 ed.
1474 1139 1540 1162 vet.
1557 1131 1658 1163 Bouh.
1705 1133 1726 1164 5
1752 1144 1782 1163 v,

221 1182 307 1215 Adn.
365 1179 387 1212 6
422 1180 477 1212 Sic
499 1182 553 1211 Or.
578 1192 604 1211 c.
629 1180 665 1211 R.
686 1180 762 1210 Vat.
794 1177 881 1210 Gud.
908 1178 937 1209 1.
965 1178 1004 1208 ll.
1026 1177 1059 1209 b.
1095 1177 1203 1208 Murb.
1238 1180 1282 1217 (si
1304 1179 1358 1217 qui
1378 1176 1398 1207 i.
1421 1188 1449 1208 e.
1485 1176 1511 1208 si
1540 1188 1602 1219 qua
1627 1176 1782 1219 ratione).

220 1226 328 1269 Vulgo
349 1229 376 1257 st
398 1236 460 1266 qua
481 1235 574 1264 sap.;
599 1225 654 1256 W.
676 1235 693 1254 e
708 1223 793 1255 coni.
820 1225 882 1254 Seu
904 1232 965 1262 qua
988 1232 1058 1262 sap.
1105 1220 1126 1254 7
1153 1221 1360 1255 SicOr.c.R.
1375 1221 1507 1254 Gud.1.
1533 1223 1573 1253 ΙΙ.
1594 1221 1625 1252 b.
1651 1221 1782 1252 multis-

221 1283 284 1314 que
305 1271 376 1303 nliis
401 1269 498 1302 codd.
518 1281 578 1311 pro
598 1271 731 1300 devitari
760 1277 852 1299 mors.

220 1323 350 1348 metro:
377 1326 476 1358 quare
499 1326 525 1345 c.
540 1313 650 1346 Tisch.
671 1312 779 1344 delevi
800 1316 853 1344 est.

908 1269 930 1299 ὅ
958 1266 1064 1298 Codd.
1097 1278 1210 1298 omnes
1242 1269 1290 1299 hic
1313 1268 1436 1306 quidem
1465 1270 1545 1306 est,
1578 1273 1784 1308 repugnante

901 1309 922 1343 9
947 1310 1001 1342 Sic
1015 1314 1070 1343 Or.
1090 1323 1117 1343 c.
1136 1313 1173 1342 R.
1188 1310 1273 1342 Gud.
1291 1310 1320 1342 l.
1344 1312 1382 1342 ll.
1395 1311 1426 1343 b.
1452 1311 1527 1343 Vat.
1543 1311 1649 1343 Rehd.
1673 1311 1786 1343 Duisb.

223 1360 333 1393 Marb.
354 1360 429 1393 trib.
450 1359 528 1391 Pall.
551 1358 622 1390 Ulr.
650 1359 796 1389 Petrens.
820 1363 853 1387 et
875 1355 1010 1388 Norvic.
1036 1367 1097 1399 pro
1119 1356 1206 1398 vulg.
1230 1358 1453 1396 exercitatum5
1487 1357 1544 1388 Tr.
1569 1362 1646 1387 ante
1670 1367 1699 1389 v.
1723 1357 1782 1387 ho-

220 1408 336 1438 minem
356 1415 456 1437 exerc.
478 1403 590 1446 posuit
614 1409 728 1434 notam
753 1400 971 1444 corruptelae.

291 1485 317 1515 0
336 1482 518 1523 Patricoles]
545 1483 627 1513 Sunt
646 1492 756 1511 versus
779 1479 910 1511 iambici
932 1485 985 1510 te-

220 1528 371 1560 trametri
390 1526 580 1558 acatalecti:
607 1526 649 1558 cf.
664 1527 833 1557 Hermann.
854 1524 887 1555 in
907 1524 987 1555 Ele-

221 1579 322 1604 ment.
347 1571 496 1603 Doctrin.
519 1577 613 1602 metr.
637 1582 668 1613 p.
688 1571 780 1608 15ὅ.,
814 1569 869 1612 qui
891 1569 987 1600 refu-

223 1625 293 1650 tare
313 1616 425 1648 studet
445 1619 635 1655 Bmttetum,
667 1615 721 1657 qui
743 1614 776 1646 in
799 1613 987 1645 Emendatt.

222 1662 265 1694 ad
285 1662 316 1694 h.
331 1661 351 1693 l.
371 1668 403 1693 et
423 1673 521 1704 supra
540 1661 583 1691 ad
603 1662 627 1698 l,
642 1657 709 1698 44,
731 1659 899 1701 „tragicos
916 1659 987 1690 Ro-

221 1718 394 1739 manorum
419 1713 518 1748 negat
550 1705 613 1736 hoc
646 1711 752 1736 metro
779 1716 853 1736 usos
879 1706 986 1741 esse‚“

224 1751 313 1783 nulla
339 1758 448 1782 tamen
473 1750 601 1782 ratione
625 1749 742 1786 allata;
779 1760 881 1791 eaque
909 1747 986 1790 opi—

222 1796 322 1828 nione
336 1802 460 1837 captus,
483 1795 582 1826 etiam
599 1794 653 1837 qui
667 1793 874 1836 apertissime
888 1799 985 1824 octo-

221 1840 302 1872 narii
318 1840 448 1871 iambici
464 1846 550 1878 sunt⁷
576 1839 733 1870 audacter
753 1850 813 1869 nec
827 1837 897 1869 sine
910 1837 987 1869 vio-

221 1885 324 1917 lentia
347 1884 380 1916 in
406 1884 591 1916 trochaicos
623 1890 835 1914 tetrametros
861 1882 987 1914 catale-

223 1930 325 1962 cticos
347 1936 463 1961 mutat.
499 1931 615 1969 Oppeto
638 1931 756 1960 malam
775 1931 890 1967 pestem
911 1927 944 1958 h.
959 1939 987 1959 e.

221 1975 324 2006 subeo
338 1981 487 2006 mortem.
524 1976 671 2005 Davisius
695 1979 864 2014 comparat
878 1971 982 2003 Plaut.

225 2019 354 2061 Captiv.
379 2021 434 2052 Ill.
455 2018 487 2056 3,
517 2019 573 2050 11:
608 2017 766 2049 Occidam
786 2020 988 2056 oppetamque

219 2067 346 2104 pestem.
395 2062 484 2094 Asin.
512 2063 533 2092 l.
562 2063 597 2099 l,
624 2061 663 2094 7:
701 2064 807 2103 Atque
831 2060 887 2091 illa
913 2061 987 2091 vive-1

222 2107 314 2139 vivus
340 2113 374 2138 ut
403 2111 518 2146 pestem
540 2110 675 2144 oppetas.
723 2104 808 2136 Satis
837 2111 916 2136 nota
939 2111 989 2136 est

222 2151 347 2184 locutio
370 2155 499 2183 mortem
523 2154 661 2189 oppetere
691 2161 751 2192 pro
784 2149 877 2180 mori.
925 2150 988 2180 Se-

224 2207 326 2239 quens
358 2198 468 2227 datam
498 2206 524 2226 c.
558 2194 680 2236 Tregd.
715 2206 732 2225 e
758 2193 864 2226 Bentl.
901 2194 985 2226 coni.

225 2240 303 2272 dedi
326 2252 386 2283 pro
410 2241 595 2271 mandatam
604 2249 615 2278 ,·
644 2238 770 2281 syllaba
795 2248 869 2269 man
891 2238 988 2269 facile

226 2285 304 2317 oriri
334 2285 444 2328 potuit
476 2296 515 2315 ex
538 2283 687 2314 anteced.
711 2286 830 2315 malam
863 2289 987 2325 pestem

224 2337 280 2362 aut
302 2341 340 2361 ex
361 2341 430 2372 seq.
455 2339 561 2360 manu.
612 2328 708 2359 Cuius
736 2327 865 2370 generis
897 2339 990 2359 error

224 2374 259 2406 in
281 2373 378 2406 codd.
401 2373 684 2416 frequentissimus
699 2380 758 2405 est.
795 2373 835 2404 V.
854 2375 988 2405 Wesenb.

224 2420 296 2451 Em.
315 2421 338 2451 I.
361 2431 393 2461 p.
411 2418 445 2452 6.
480 2418 543 2457 Qui
563 2419 750 2450 mandatam
771 2417 988 2455 retinuerunt,

225 2463 414 2505 exquisitius
434 2474 495 2505 pro
516 2465 689 2494 immissam
709 2462 833 2494 dictum
853 2468 989 2504 putant3

225 2507 284 2539 sed
306 2518 387 2550 quos
413 2507 504 2538 locos
528 2507 707 2538 attulerunt
732 2506 897 2550 (Appulei.
913 2506 987 2538 Me-

225 2558 303 2583 tam.
324 2551 361 2584 9:
388 2551 541 2582 mandare
562 2551 772 2593 suspendium
793 2551 899 2584 alicui.
934 2553 990 2583 Iu-

225 2596 332 2628 venal.
358 2596 412 2633 X,
438 2596 479 2626 52
496 2607 561 2637 sq.:
602 2607 698 2637 quum
723 2597 888 2628 Fortunae
919 2596 988 2638 ipse

226 2640 344 2672 minaci
377 2639 551 2670 mandaret
585 2639 771 2682 laqueum),
810 2653 877 2673 non
911 2641 988 2672 satis

228 2683 429 2718 conveniunt
452 2683 483 2713 in
507 2683 593 2714 hune
615 2684 733 2716 locum.
783 2686 989 2718 Vocabulum

227 2732 328 2770 magis
352 2729 384 2760 in
408 2734 524 2771 quarto
549 2740 579 2758 v.
605 2729 781 2769 pronuntia
802 2732 898 2770 mayi.
946 2732 986 2763 V.

227 2775 271 2806 ad
291 2776 316 2805 Ι.
336 2773 368 2813 9,
397 2774 447 2805 18.
487 2771 734 2814 comparativus
756 2774 888 2815 respicit
908 2787 986 2806 sen-

228 2819 365 2852 tentiam
384 2828 603 2859 suppressam,
629 2817 673 2847 uti
695 2824 783 2848 recte
801 2818 898 2849 docnt
913 2822 987 2850 Klo-

227 2867 326 2896 tzius:
350 2865 471 2903 magis,
496 2871 590 2901 quam
613 2864 638 2892 si
660 2872 720 2892 non
742 2864 917 2894 adveniam.
950 2865 985 2894 In

228 2907 355 2939 verbis:
391 2917 452 2939 non
480 2909 576 2946 potest
601 2907 705 2937 accedi
730 2906 862 2937 verbum
893 2912 988 2946 potest

231 2949 485 2994 μονοσυλλάβως
521 2950 797 2993 pronuntiandum
844 2952 984 2993 (pot'st).

1024 1478 1075 1510 Cf.
1101 1491 1128 1510 c.
1147 1479 1195 1516 17.
1220 1477 1283 1512 39:
1319 1490 1385 1511 non
1418 1485 1530 1521 potest
1562 1478 1674 1511 ecfari.
1722 1483 1784 1511 Ae-

1021 1526 1155 1564 sculapii
1177 1526 1263 1556 liberi
1293 1536 1337 1557 sc.
1364 1524 1545 1555 Podalirius
1577 1531 1611 1555 et
1636 1523 1785 1564 Machao,

1023 1568 1191 1600 clarissimi
1216 1570 1417 1601 Graecorum
1447 1575 1524 1600 ante
1547 1568 1682 1601 Troiam
1711 1579 1786 1600 me-

1022 1613 1096 1645 dici.
1145 1614 1185 1645 V.
1213 1613 1249 1644 ll,
1276 1615 1318 1657 β,
1344 1613 1419 1647 732.
1449 1616 1602 1654 Porticus,
1627 1613 1787 1645 vestibula

1021 1658 1168 1694 tentorii,
1194 1664 1229 1688 ut
1253 1665 1344 1689 recte
1367 1658 1510 1700 explicat
1537 1661 1673 1699 Wolfius.
1719 1659 1785 1689 Ce-

1021 1710 1128 1735 terum
1152 1705 1285 1735 Orellius
1308 1703 1369 1734 hos
1393 1714 1503 1734 versus
1527 1715 1566 1734 cx
1590 1703 1678 1735 Accii
1703 1703 1782 1745 Epi-

1021 1747 1230 1780 nausimacha
1250 1754 1399 1790 sumptos
1424 1759 1494 1779 esse
1517 1755 1621 1790 putat.
1657 1750 1785 1780 Beroal-

1021 1795 1080 1824 dus
1111 1792 1286 1833 observat,
1326 1795 1459 1834 poetam
1491 1793 1523 1823 in
1557 1792 1607 1824 his
1639 1793 1785 1825 versibus

1020 1838 1058 1869 ll.
1083 1839 1122 1877 λ,
1146 1836 1211 1870 &37
1229 1848 1299 1879 sqq.
1326 1837 1518 1879 respexisse.

1091 1884 1175 1914 Certe
1199 1883 1375 1921 Eurypylus
1406 1884 1454 1914 hic
1488 1883 1611 1922 quidem
1635 1881 1692 1923 est]
1732 1883 1785 1914 Or.

1022 1934 1056 1959 et
1090 1926 1189 1969 aliqui
1213 1925 1289 1957 edd.
1316 1938 1400 1958 rece.
1424 1926 1488 1957 itu:
1523 1929 1590 1958 Non
1612 1930 1708 1966 potest
1732 1936 1785 1957 ac-

1021 1974 1088 2004 cedi
1107 1995 1202 2003 .....
1228 1970 1357 2002 Deinde
1370 1983 1434 2002 uno
1449 1982 1561 2002 versu:
1590 1975 1673 2003 Certe
1684 1973 1785 2009 Eury-

1019 2019 1112 2057 pylus
1130 2017 1178 2047 hic
1192 2018 1315 2056 quidem
1335 2020 1387 2047 est.
1421 2018 1583 2047 Hominem
1598 2017 1785 2047 exercitum!

1022 2063 1107 2093 Tum
1128 2067 1221 2092 extra
1238 2072 1366 2091 versum
1386 2063 1437 2092 ubi
1457 2065 1579 2092 tantum
1597 2063 1696 2092 luctus
1716 2070 1787 2091 con-

1022 2108 1172 2137 tinuatur.
1220 2106 1368 2147 Denique
1393 2116 1515 2136 novum
1537 2112 1635 2147 caput
1660 2103 1787 2135 orditur

1023 2162 1041 2181 a
1060 2148 1185 2181 verbis:
1215 2151 1299 2189 Vide,
1323 2159 1419 2188 quam
1440 2156 1503 2180 etc.
1551 2150 1642 2181 Haec
1664 2148 1785 2179 distin-

1023 2193 1144 2236 guendi
1168 2193 1252 2224 ratio
1274 2193 1353 2224 mihi
1376 2204 1440 2224 non
1464 2193 1592 2236 placet3
1624 2204 1698 2224 nam
1721 2193 1785 2224 ob-

1023 2250 1151 2269 scurum
1164 2244 1224 2273 est,
1250 2249 1314 2280 quo
1332 2237 1432 2269 modo
1449 2238 1566 2269 verba:
1591 2240 1644 2268 ubi
1665 2241 1786 2268 tantum

1023 2286 1122 2315 luctus
1146 2285 1343 2315 continuatur
1363 2282 1470 2313 versui
1493 2281 1701 2313 antecedenti
1723 2281 1784 2312 ad-

1023 2327 1076 2358 iici
1113 2326 1291 2369 potuerint.
1350 2327 1466 2369 Neque
1507 2328 1663 2369 probatur
1705 2326 1785 2357 mihi

1027 2374 1169 2413 Wolfius,
1205 2371 1259 2414 qui
1280 2371 1362 2403 haec
1386 2372 1486 2403 verba
1512 2371 1559 2403 sic
1581 2372 1784 2412 interpreta-

1024 2424 1095 2448 tur:
1122 2417 1179 2455 „in
1200 2416 1340 2448 welcher
1359 2416 1460 2447 stelle
1481 2415 1566 2447 dann
1582 2415 1724 2448 Patrokl.
1745 2426 1783 2447 so

1024 2462 1099 2493 sehr
1120 2462 1200 2493 iiber
1215 2461 1327 2492 seinen
1341 2462 1461 2503 Euryp.
1482 2461 1676 2500 jammert:“
1701 2471 1784 2502 quae

1024 2506 1188 2538 sententia
1218 2506 1314 2548 plane
1345 2505 1502 2537 abhorret
1533 2506 1573 2536 ab
1599 2505 1664 2543 eis,
1700 2515 1782 2546 quae

1025 2551 1136 2594 paullo
1170 2557 1246 2593 post
1279 2550 1319 2581 de
1351 2550 1483 2581 duriore
1507 2548 1647 2580 Patrocli
1671 2548 1783 2579 indole

1023 2603 1202 2638 sequuntur
1238 2596 1277 2637 <si
1301 2596 1425 2634 quidem
1457 2595 1544 2625 homo
1576 2597 1650 2624 esset
1682 2592 1778 2633 etc.);

1024 2652 1129 2683 neque
1162 2639 1295 2683 probari
1319 2644 1430 2681 potest
1452 2638 1537 2669 ratio
1561 2639 1694 2676 Kloffli,
1728 2637 1783 2680 qui

1023 2685 1056 2716 in
1079 2685 1164 2717 Add.
1188 2697 1219 2728 p.
1236 2683 1279 2717 93
1295 2694 1343 2725 sq.
1376 2682 1475 2714 verba
1496 2684 1548 2713 ubi
1571 2685 1690 2713 tantum
1712 2684 1732 2715 l.
1756 2693 1782 2714 c.

1023 2730 1065 2761 ad
1087 2728 1317 2761 antecedentia
1339 2730 1457 2769 poetae
1486 2727 1585 2757 verba
1617 2737 1686 2757 esse
1711 2733 1780 2758 tra-

1023 2774 1132 2806 henda
1168 2772 1361 2814 suspicatur.
1422 2772 1530 2809 Quare
1566 2771 1647 2802 haec
1682 2772 1783 2803 verba

1023 2831 1095 2850 cum
1127 2817 1336 2860 sequentibus
1368 2815 1531 2847 coniunxi.
1579 2817 1702 2847 Totum
1728 2816 1782 2847 lo·—

1023 2876 1095 2894 cnm
1124 2863 1170 2894 sic
1200 2860 1429 2903 explicandum
1463 2866 1560 2901 puto:
1599 2860 1779 2898 Patroclus,

1023 2908 1161 2939 amicum
1196 2905 1399 2948 Eurypylum
1431 2916 1609 2947 agnoscens
1645 2916 1781 2946 eumque

1022 2953 1165 2994 graviter
1185 2951 1327 2983 saucium
1349 2949 1461 2982 videns
1475 2975 1482 2989 ‚
1508 2949 1684 2982 exclamat:
1719 2952 1780 2981 Ho-
