1863 3221
220 91 304 134 354

227 181 327 221 idem
361 193 474 234 quum
500 177 623 219 Stoici
654 176 700 216 de
732 175 908 230 sapiente
940 175 1094 225 dicunt,
1139 176 1252 216 nimis
1287 177 1564 219 admirabiliter
1595 179 1784 232 nimisque

229 252 432 307 magnifice
463 251 593 290 dicere
625 248 819 289 videntur.

342 321 481 365 XVll.

233 397 376 439 stantia
403 396 554 450 quietus
577 394 705 434 animo
733 401 793 434 est
825 394 973 448 sibique
1000 395 1081 449 ipse
1110 395 1306 449 placatus,
1340 404 1380 436 ut
1400 410 1470 436 nec
1503 397 1678 437 tabescat
1708 411 1789 436 nio-

754 97 916 129 LIBER
942 97 997 130 IV.
1024 94 1086 136 17,
1111 94 1166 129 37.
1192 97 1248 131 38.

543 328 612 362 57.
647 320 754 374 Ergo
781 321 871 361 hic1
889 353 899 372 ,
934 321 1107 375 quisquis
1139 330 1223 373 est,
1258 323 1320 376 qui
1348 324 1612 364 moderatione
1637 332 1675 364 et
1697 339 1788 365 con-

230 471 376 520 lestiis,
409 482 480 508 nec
506 469 709 521 frangatur
732 467 894 517 timore,
933 482 1003 507 nec
1030 468 1208 507 sitienter
1231 469 1319 521 quid
1349 477 1539 523 expetens
1565 470 1698 509 ardeat
1723 470 1788 509 de-

228 543 388 593 siderio,
423 555 494 581 nee
515 541 713 581 alacritate.
736 540 832 581 futili
854 541 1027 595 gestiens
1046 541 1300 595 deliquescat,
1333 542 1367 581 is
1392 549 1451 581 est
1471 543 1642 594 sapiens,
1675 555 1788 595 quem

228 615 472 670 quaerimus,
514 614 548 654 is
573 621 633 654 est
660 613 823 664 beatus,
864 614 924 654 cui
949 613 1042 654 nihil
1069 614 1319 655 humanarum
1352 628 1480 654 rerum
1518 622 1584 655 aut
1608 615 1791 655 intolera-

227 689 302 729 bile
325 688 372 728 ad
396 687 672 728 demittendum
697 687 890 737 animum,
925 694 988 727 aut
1012 687 1124 726 nimis
1151 687 1330 727 laetabile
1355 688 1403 728 ad
1426 688 1706 728 ecferendum²
1732 688 1790 729 vi-

227 761 309 802 deri
334 768 475 816 potest.
540 758 641 813 Quid
670 760 771 799 enim
796 760 976 799 videatur
1001 761 1033 799 ei
1059 774 1237 814 magnum
1268 760 1307 799 in
1336 761 1452 800 rebus
1482 761 1682 811 humanis,
1725 761 1788 801 cui

229 834 441 874 aeternitas
475 833 599 873 omnis
631 833 825 886 totiusque
862 834 989 872 mundi
1024 841 1113 873 nota
1147 834 1198 872 sit
1227 834 1476 887 magnitudo?
1531 833 1633 874 Nam
1667 833 1786 887 quid³

229 907 358 947 autin
388 906 525 946 studiis
554 905 730 945 humanis
759 912 824 944 aut
855 905 892 944 in
930 912 1003 944 tam
1041 906 1185 959 exigua
1223 906 1413 946 brevitate
1439 906 1574 946 vitae4
1610 920 1791 959 magnum

228 979 393 1034 sapienti
417 979 540 1019 videri
569 985 719 1032 potest,
755 977 819 1031 qui
842 991 997 1031 semper
1023 978 1151 1017 animo
1172 979 1228 1018 sio
1254 979 1449 1029 excubat,
1483 986 1525 1018 ut
1549 980 1583 1019 ei
1608 979 1701 1018 nihil
1720 979 1790 1018 im-

231 1052 428 1106 provisum
463 1051 641 1091 accidere
675 1050 820 1104 possit,
866 1051 959 1090 nihil
997 1051 1262 1105 inopinatum,
1308 1051 1403 1091 nihil
1437 1052 1593 1091 omnino
1626 1053 1793 1092 novum?

229 1130 298 1165 53.
332 1124 462 1177 Atque
485 1124 585 1164 idem
611 1124 661 1162 ita
684 1137 812 1163 acrem
842 1124 879 1162 in
903 1137 1040 1164 omnes
1065 1131 1196 1177 partes
1221 1124 1345 1164 aciem
1365 1124 1546 1174 intendit,
1582 1132 1622 1164 ut
1638 1138 1794 1179 semper

228 1198 360 1238 videat
388 1197 519 1237 sedem
543 1196 682 1236 sibiae
709 1196 836 1236 locum
866 1196 951 1236 sine
974 1197 1151 1237 molestia
1186 1204 1300 1251 atque
1333 1211 1479 1251 angore
1508 1198 1689 1249 vivendi,
1736 1204 1790 1248 ut,

229 1284 496 1324 quemcunque
513 1283 645 1310 casum
669 1270 820 1310 fortuna
839 1269 1059 1321 invexerit,
1093 1270 1193 1310 hunc
1215 1277 1301 1325 apte
1323 1277 1362 1310 et
1383 1270 1512 1325 quiete
1537 1272 1658 1310 ferat:
1693 1271 1792 1324 quod

319 1389 427 1420 XVII.
477 1387 491 1419 1
520 1387 575 1419 Sic
594 1390 648 1421 Or.
676 1399 704 1419 c.
727 1388 765 1419 R.
789 1388 825 1419 P.
845 1387 934 1419 Med.
960 1390 1008 1420 hic
1031 1399 1091 1430 pro
1114 1391 1150 1420 is.
1186 1390 1283 1420 Pron.
1308 1388 1394 1420 dem.
1420 1390 1468 1420 hic
1489 1388 1522 1420 h.
1544 1387 1565 1419 l.
1591 1388 1794 1430 aptissimum

233 1439 301 1470 est3
327 1443 469 1475 persona
493 1432 590 1471 enim,
616 1443 699 1475 quae
722 1432 929 1471 describitur,
956 1433 1046 1475 quasi
1068 1433 1168 1464 oculis
1190 1434 1310 1465 nostris
1331 1433 1511 1464 subiicitur.
1549 1433 1586 1463 V.
1610 1433 1650 1463 ad
1676 1434 1696 1463 l.
1712 1432 1743 1471 ὃ,
1762 1433 1793 1464 5.

231 1476 253 1509 2
276 1477 437 1508 Nonnulli
463 1476 582 1515 codd.‚
609 1477 708 1508 etiam
730 1478 767 1508 R.
782 1478 816 1508 P.
839 1476 925 1509 Gud.
942 1476 970 1508 1.
994 1479 1046 1515 Il.,
1074 1484 1227 1520 corrupte
1250 1481 1292 1510 ad
1314 1480 1485 1519 ferendum.
1532 1479 1572 1508 V.
1597 1477 1637 1508 ad
1663 1477 1711 1516 15,
1737 1476 1792 1509 35.

230 1522 339 1564 Vulgo
362 1523 559 1562 efferendum.
607 1521 628 1554 3
655 1522 757 1553 Bouh.
782 1522 867 1553 coni.
892 1524 960 1554 Iam
980 1525 1075 1562 quid3
1101 1523 1205 1553 Bentl.
1230 1524 1314 1554 coni.
1340 1525 1519 1562 Numquid,
1544 1528 1578 1552 ut
1603 1529 1651 1553 est
1673 1522 1705 1553 in
1728 1533 1792 1553 uno

233 1569 312 1605 Ox.;
339 1567 428 1609 vulg.
452 1573 543 1598 recte
564 1578 599 1598 se
621 1567 730 1598 habet.
779 1568 819 1598 V.
843 1566 927 1599 Adn.
974 1566 996 1598 4
1022 1567 1104 1598 Edd.
1132 1575 1208 1599 ante
1232 1568 1337 1599 Gebh.
1362 1568 1433 1598 fere
1453 1577 1566 1598 omnes
1587 1570 1668 1598 vilae
1693 1569 1736 1598 br.

231 1648 340 1686 gelius,
364 1656 382 1676 a
407 1645 540 1676 Mos-ero
565 1645 693 1684 allatus,
718 1645 751 1676 in
770 1645 906 1676 Probus.
940 1645 998 1676 Bi—

234 1696 328 1732 pont.
357 1690 450 1721 lffll.
485 1701 517 1731 p.
540 1690 583 1723 ‘27
598 1701 645 1732 sq.
683 1701 749 1720 non
780 1689 887 1721 solum
920 1696 997 1721 ante

234 1746 436 1776 pronomen,
460 1734 519 1765 sed
541 1734 636 1765 latius
657 1740 772 1777 patere
793 1734 886 1765 istius
906 1741 996 1766 tme—

231 1780 273 1810 sis
305 1791 396 1810 usum
423 1779 543 1817 (locet,
581 1791 688 1821 comp.
713 1780 836 1810 Famm.
861 1781 928 1821 ΙΙΙ,
954 1781 994 1811 ὀῑ

229 1824 312 1855 dixit
334 1834 388 1864 per
408 1824 481 1854 fore
502 1825 771 1855 acconmiodalum
791 1824 861 1855 tibi.
896 1824 995 1856 Attic.

233 1870 285 1908 X,
318 1870 349 1899 l:
373 1879 432 1908 per
454 1868 539 1899 enim
562 1871 670 1909 magni
691 1869 840 1900 aestimo.
875 1870 918 1900 de
941 1872 995 1901 Or.

234 1915 265 1951 l,
291 1913 352 1946 47:
379 1920 528 1955 pergrata
551 1923 664 1953 perque
686 1916 835 1946 iucunda.

298 1960 391 1989 nimis
412 1960 653 1999 admirabiliter]
685 1958 756 1990 Fin.
778 1960 836 1989 ΙΙΙ.
858 1958 910 1997 22,
935 1959 993 1992 75:

233 2003 363 2041 „Quam
397 2003 505 2044 gravis
542 2014 640 2040 vero,
680 2014 775 2045 quam
811 2003 993 2046 magnifica,

230 2058 326 2088 quam
351 2054 502 2077 constans
524 2046 696 2078 conficitur
716 2058 851 2087 persona
871 2051 995 2088 sapien-

230 2094 268 2122 lis
281 2094 321 2121 ,⁹⁶⁶
345 2098 376 2122 et
402 2102 484 2132 quae
508 2097 697 2133 sequuntur.

300 2136 375 2166 Car.
402 2136 509 2166 XVH.
539 2138 566 2176 ᾗ.
590 2136 643 2168 57.
692 2138 830 2176 quisquis
863 2138 918 2177 est]
956 2138 993 2167 V.

228 2180 271 2211 ad
294 2182 318 2211 1.
343 2178 396 2217 46,
424 2180 493 2211 110.
544 2180 594 2210 De
618 2191 686 2222 seq.
711 2183 768 2212 sibi
792 2183 856 2220 ipse
880 2181 994 2222 placa—

228 2232 299 2262 tus,
338 2236 397 2266 pro
419 2235 482 2266 quo
503 2231 673 2266 exspectes
702 2228 760 2257 sibi
782 2228 862 2265 ipsi,
897 2238 927 2257 v.
952 2226 993 2256 nd

230 2270 253 2300 1.
280 2271 344 2306 50,
373 2269 423 2302 ΤΒ).

294 2314 442 2357 sitienter]
469 2314 518 2345 De
541 2314 704 2345 adverbiis
726 2315 758 2345 in
780 2318 846 2346 nter
869 2327 993 2346 exeun-

229 2359 315 2390 tibus
333 2371 363 2390 v.
377 2361 473 2390 Beier.
488 2358 530 2390 ad
544 2359 639 2390 Offie.
656 2361 678 2390 l.
697 2360 748 2397 10,
763 2360 816 2392 33.
833 2371 865 2402 p.
880 2360 922 2393 77
934 2372 993 2403 sq.,

229 2403 283 2445 qni
301 2403 334 2434 in
353 2403 423 2445 ipsa
442 2404 677 2435 conscribenda
699 2404 930 2436 observatione
952 2405 993 2435 de

228 2447 291 2478 illis
317 2448 477 2479 adverbiis
510 2448 588 2479 satis
623 2449 812 2480 ioculariter
841 2450 991 2481 omnibus

230 2491 300 2522 sere
324 2492 481 2524 eiusmodi
503 2505 585 2535 quae
600 2494 687 2535 apud
704 2494 826 2536 probos
846 2494 993 2536 scripto—

229 2546 278 2566 res
311 2536 462 2577 leguntur
486 2538 649 2569 adverbiis
677 2551 750 2570 usus
776 2546 836 2570 est.
886 2540 992 2571 Minus

231 2580 307 2611 trita
330 2588 425 2612 sunt:
462 2582 639 2622 audenter,
666 2584 910 2626 intelligenter,
937 2596 992 2616 sa-

229 2625 378 2667 pienter,
413 2633 625 2666 revelenter,
660 2628 896 2671 obsequenter,
929 2641 992 2670 pu-

228 2669 362 2707 denter,
390 2669 621 2709 observanter,
648 2672 845 2712 insolenter,
871 2674 990 2705 arden-

226 2720 297 2753 ter,
324 2714 533 2756 ignoranter,
564 2716 723 2755 furenter,
750 2718 902 2758 latenter,
930 2731 993 2761 np-

225 2765 386 2801 petenter.

290 2806 318 2836 is
341 2808 383 2836 est
405 2805 544 2845 sapiens]
585 2805 770 2836 Pronomeu
800 2810 827 2838 is
862 2819 935 2838 cum
960 2807 991 2838 vi

223 2848 363 2892 quadam
396 2855 428 2880 et
457 2848 699 2891 perspicuitatis
726 2861 837 2882 caussa
863 2852 990 2894 repeti-

221 2901 289 2925 tum
314 2900 373 2925 est.
421 2894 460 2926 V.
484 2893 525 2924 acl
550 2895 606 2924 ltt.
631 2895 669 2933 ὅ,
700 2894 748 2925 js,

284 2941 369 2977 Quiriv
389 2942 469 2970 enim
484 2940 552 2968 -—?
578 2941 659 2970 Nam
683 2940 758 2978 quid
780 2939 862 2980 ἫΡ]
893 2942 982 2972 Enim

1032 1645 1259 1676 antecedentis
1289 1644 1523 1676 enuntiationis
1553 1657 1698 1677 caussam
1728 1656 1790 1676 no-

1032 1696 1099 1726 tat;
1126 1701 1200 1722 nam
1220 1690 1318 1722 habet
1338 1690 1524 1731 explicandi
1545 1690 1620 1723 vim.
1654 1690 1790 1732 Sapiens

1032 1746 1138 1777 neque
1165 1734 1309 1766 adversis
1342 1735 1437 1766 rebus
1462 1735 1602 1766 animum
1635 1735 1791 1776 demittit,

1032 1791 1137 1822 neque
1170 1780 1264 1811 laetis
1296 1792 1330 1811 se
1362 1780 1468 1813 effert.
1516 1780 1607 1811 Nihil
1632 1783 1712 1812 enim
1736 1792 1792 1812 sa·-

1031 1824 1154 1866 pienti‚
1194 1824 1243 1856 cui
1275 1825 1451 1856 aeternitas
1487 1826 1592 1856 omnis
1625 1825 1793 1867 totiusque

1031 1869 1142 1900 mundi
1164 1870 1354 1911 magnitudo
1375 1876 1454 1901 nota
1476 1876 1535 1909 est,
1560 1870 1591 1900 in
1613 1869 1708 1900 rebus
1728 1870 1792 1901 hu—

1031 1914 1133 1945 manis
1169 1926 1321 1956 magnnm
1354 1914 1458 1946 videri
1492 1921 1612 1956 potest.
1671 1916 1794 1946 Scilicet

1032 1958 1132 2002 (nam)
1166 1959 1221 1990 illa
1254 1960 1457 1991 aeternitatis
1481 1959 1647 2002 totiusque
1679 1959 1792 1990 mundi

1031 2004 1268 2047 contemplatio
1300 2005 1420 2043 efficit,
1456 2010 1491 2035 ut
1521 2004 1662 2035 humana
1685 2003 1792 2035 studia

1030 2061 1108 2091 prae
1138 2049 1202 2080 illis
1236 2049 1354 2081 divinis
1379 2056 1411 2081 et
1435 2049 1523 2081 vitae
1546 2048 1689 2080 brevitas
1712 2060 1791 2090 prae

1030 2094 1226 2125 aeternitate
1246 2106 1346 2136 parva
1364 2101 1462 2137 atque
1483 2093 1725 2127 contemnenda
1740 2093 1790 2125 vi·-

1031 2137 1169 2169 (leantur
1194 2139 1352 2180 sapienti,
1378 2139 1431 2180 qui
1458 2145 1521 2170 etc.

1100 2185 1205 2214 animo
1231 2203 1266 2206 —
1296 2183 1448 2222 excubat]
1487 2185 1587 2214 Moser
1623 2189 1792 2225 comparat

1029 2226 1109 2259 Phil.
1133 2228 1188 2258 vl.
1203 2227 1232 2265 Τ,
1255 2227 1310 2259 18.-
1339 2227 1476 2258 consilio
1498 2227 1667 2258 excubare.
1701 2230 1790 2258 Men-

1028 2273 1098 2302 hius
1130 2271 1162 2302 in
1191 2272 1346 2303 Observv.
1375 2271 1463 2302 ine-d.
1498 2271 1610 2303 laudat
1634 2274 1789 2303 Dukerum

1029 2316 1071 2347 ad
1096 2316 1184 2347 Flor.
1210 2318 1232 2347 l.
1264 2318 1300 2353 1,
1330 2318 1378 2348 lb.

1096 2363 1172 2392 nihil
1205 2364 1409 2400 improvisum
1442 2363 1580 2393 accidere
1614 2362 1703 2403 etc.]
1743 2362 1791 2391 De

1029 2405 1225 2441 discrimine,
1252 2406 1339 2448 quod
1361 2412 1409 2437 est
1431 2406 1517 2437 inter
1537 2407 1614 2437 nihil
1633 2407 1794 2446 improvisi

1029 2457 1061 2481 et
1080 2453 1157 2482 nihil
1178 2454 1383 2491 improvisum
1403 2453 1479 2482 milii
1499 2452 1614 2482 accidit
1631 2463 1660 2482 v.
1681 2461 1739 2481 nos
1758 2450 1791 2481 in

1030 2496 1173 2527 Gramm.
1199 2497 1237 2526 L.
1268 2496 1294 2528 (i.
1320 2497 1390 2528 111.
1416 2497 1496 2526 Not.
1520 2496 1570 2527 15.

1097 2543 1124 2584 ᾗ.
1150 2540 1203 2572 35.
1242 2542 1344 2571 videat
1363 2542 1465 2571 sedem
1485 2540 1557 2581 sibi]
1587 2539 1636 2569 Cf.
1666 2538 1707 2570 ad
1734 2539 1790 2570 Ill.

1021 2584 1091 2627 ¹19,
1118 2585 1171 2617 46.

1095 2634 1166 2669 apte
1186 2648 1229 2654 ——
1251 2628 1344 2671 ferat]
1371 2632 1446 2668 Aple
1468 2631 1546 2669 serre
1567 2627 1650 2658 bene
1666 2629 1791 2667 wolfius

1028 2674 1108 2705 dicit
1134 2674 1174 2705 (lc
1200 2685 1299 2705 onere
1325 2673 1408 2709 diei,
1435 2673 1523 2715 quod
1547 2679 1623 2714 apte
1646 2672 1789 2703 humeris

1027 2719 1215 2761 impositum
1241 2718 1369 2749 facilius
1396 2718 1510 2748 fertur.

1094 2766 1196 2795 mollis
1220 2767 1246 2794 et
1272 2766 1417 2794 enervata
1440 2764 1715 2800 Peripateticorum
1737 2771 1790 2793 ra-

1026 2809 1081 2849 tio]
1108 2810 1149 2839 V.
1174 2819 1270 2849 supra
1294 2808 1351 2838 ΙΙΙ.
1381 2807 1435 2842 10,
1463 2809 1518 2838 22.

1093 2856 1173 2885 ratio
1205 2856 1232 2884 et
1263 2853 1375 2892 oratio]
1414 2850 1538 2881 Nobis:
1578 2852 1701 2882 Ansicht
1724 2852 1789 2882 und

1026 2899 1200 2930 Ausdruch.
1247 2895 1380 2938 Saepius
1412 2895 1591 2937 iunguntur
1618 2894 1705 2937 apud
1731 2895 1790 2925 Ci-

1027 2953 1179 2974 ceronem
1200 2941 1281 2973 haec
1301 2940 1366 2971 duo
1387 2940 1538 2977 nomina,
1565 2946 1600 2971 ut
1625 2940 1711 2971 infra
1735 2940 1790 2971 IV.
