1832 3137
1545 101 1622 144 261

65 187 194 229 tudine
220 187 368 238 solum,
404 200 619 241 quanquam
644 188 680 227 id
708 188 859 242 quidem
886 189 1072 244 primum,
1115 190 1182 230 sed
1204 190 1250 231 de
1272 191 1375 230 omui
1401 191 1542 242 animi,
1583 199 1625 232 ut

58 274 131 315 ego
154 261 279 315 posui,
314 260 621 315 perturbatione,
657 262 826 314 (morbo,
862 269 903 302 ut
925 260 1069 303 Graeci
1095 263 1267 316 volunt,)
1287 263 1508 318 explicabo.
1573 263 1625 304 Et

57 331 206 388 primo,
239 333 272 373 si
299 334 448 388 placet,
484 332 706 374 Stoicorum
734 347 843 374 more
865 348 1048 388 agamus,
1084 336 1147 390 qui
1173 336 1350 377 breviter
1377 337 1622 392 adstringere

648 109 810 142 LIBER
836 111 892 143 111.
918 109 958 150 7,
991 109 1039 144 14.

56 406 184 447 solent
214 413 464 460 argumenta3
499 407 638 448 deinde
668 414 804 447 nostro
836 407 1014 447 instituto
1046 409 1289 463 vagabimur.

167 477 262 520 Vll.
328 486 395 521 14.

53 551 158 593 dens
176 553 273 593 mala
298 553 579 593 consuetudine
611 553 790 607 loquendi
820 553 858 593 in
882 553 976 593 vitio
1001 553 1179 608 ponitur,
1225 556 1378 596 ductum
1406 557 1572 598 verbum
1597 572 1618 598 a

53 624 331 679 confidendo,
364 627 463 680 quod
488 626 610 666 laudis
638 633 712 666 est.
742 649 796 655 ——
856 624 935 679 Qui
961 633 1088 666 autem
1116 634 1175 667 est
1206 628 1351 679 fidens,
1388 631 1418 670 is
1441 632 1618 684 profecto

52 713 130 738 non
148 699 393 750 extimescit,
428 699 622 753 discrepat
641 699 741 739 enim
761 712 783 739 a
802 699 972 739 timendo
997 699 1209 741 confidere.

459 477 536 532 Qui
564 481 676 520 fortis
699 487 781 531 est,
812 480 911 520 idem
933 487 994 520 est
1016 481 1161 532 fidens3
1200 507 1250 514 —
1281 484 1463 537 quoniam
1491 483 1622 539 confi-

1272 701 1393 755 Atqui
1410 707 1424 729 ¹
1447 704 1484 742 in
1506 717 1617 757 quem

909 771 1082 825 Quarum
1107 773 1208 813 enim
1235 787 1366 814 rerum
1395 776 1619 828 praesentia

51 858 184 885 sumus
221 844 260 884 in
295 845 562 898 aegritudine,
607 845 764 885 easdem
797 845 1066 899 impendentes
1109 852 1147 886 et
1177 847 1382 888 venientes
1420 849 1616 889 timemus.

52 772 155 812 cadit
183 772 409 825 aegritudo,
450 771 489 811 in
517 772 680 811 eundem
713 772 844 812 timor.

51 916 109 958 lta
136 918 200 969 fit,
235 924 276 957 ut
302 917 518 958 fortitudini
544 917 748 972 aegritudo
774 925 982 973 repugnet.
1043 917 1141 960 Veri
1167 919 1293 959 simile
1318 927 1379 959 est
1402 920 1544 974 igitur,
1578 921 1617 961 in

52 1005 164 1046 quem
194 991 339 1031 cadat²
367 991 592 1045 aegritudo,
639 992 778 1031 cadere
803 991 839 1031 iu
867 992 1030 1032 eundem
1063 992 1241 1032 timorem
1269 999 1307 1032 et
1343 993 1617 1034 infractionem

51 1065 242 1119 quandam
260 1066 276 1090 ³
305 1064 419 1104 animi
443 1072 481 1104 et
505 1064 796 1104 demissionem.

51 1138 177 1188 cadit,
217 1145 260 1178 ut
289 1137 461 1188 serviat,
504 1144 546 1177 ut
570 1137 713 1178 vietum
731 1169 741 1188 ,
776 1137 809 1178 si
833 1139 1009 1191 quando,
1043 1151 1086 1178 se
1111 1141 1232 1178 esse3
1259 1139 1439 1179 fateatur.

52 1211 115 1266 qui
140 1211 294 1266 recipit,
328 1211 491 1266 recipiat
517 1210 618 1251 idem
645 1224 809 1251 neeesse
833 1217 893 1250 est
918 1210 1160 1251 timiditatem
1191 1218 1229 1251 et
1253 1211 1462 1266 ignaviam.

861 1063 976 1117 Quae
995 1065 1032 1104 in
1055 1078 1167 1118 quem
1191 1066 1356 1116 eadunt,
1390 1066 1427 1106 in
1452 1068 1616 1106 eundem

1505 1138 1618 1192 Quae

1523 1212 1617 1254 Non

141 1325 214 1356 VH.
263 1323 278 1355 1
306 1335 335 1355 v.
359 1322 444 1355 Adn.
491 1322 513 1354 2
539 1322 624 1356 Gud.
649 1321 677 1354 1.
704 1323 819 1354 Duisb.
843 1323 909 1355 duo
935 1325 1015 1355 Oxx.
1037 1322 1136 1356 Vind.
1158 1321 1190 1355 2.
1217 1324 1307 1355 Mon.
1327 1323 1356 1356 1.
1381 1330 1414 1356 et
1435 1323 1511 1357 edd.
1534 1330 1616 1359 vett.

53 1369 199 1411 (praeter
223 1368 273 1410 P.)
300 1373 377 1399 ante
403 1367 510 1399 Gebh.
534 1369 628 1399 cadit.
677 1368 776 1399 Male.
825 1366 846 1400 3
870 1380 901 1400 v.
923 1367 1010 1400 Adu.

51 1435 93 1468 de
120 1434 371 1479 perturbatione
395 1434 493 1466 animi
518 1434 663 1466 omnino.
714 1436 754 1467 V.
776 1435 820 1467 ad

52 1493 80 1514 o.
103 1480 145 1520 3,
170 1480 209 1513 6:
235 1482 273 1512 de
296 1482 442 1512 universa
463 1481 670 1520 philosophia.

118 1528 249 1558 breviter
281 1526 487 1566 adstringere]
527 1525 578 1556 Cf.
619 1537 646 1556 c.
675 1525 737 1565 10,
761 1525 817 1558 2‘2.

53 1571 105 1603 Cf.
131 1573 369 1611 Enyelbronner.
395 1569 436 1601 ad
463 1569 568 1601 Cicer.
595 1569 637 1601 de
661 1570 764 1612 Legg.
792 1572 818 1609 Ι,

54 1616 105 1649 13.
140 1627 172 1658 p.
196 1615 250 1648 90.
285 1615 336 1646 Cr.
393 1617 492 1646 Moser
526 1626 633 1656 comp.
669 1614 710 1645 de
744 1616 816 1647 Fat.

54 1660 106 1700 14,
132 1661 194 1693 32:
220 1660 301 1691 haec
322 1659 443 1690 arctius
467 1661 622 1700 adstringi
646 1659 732 1691 ratio
751 1671 817 1691 non

51 1712 174 1749 potest.
202 1702 370 1745 Brut.95,
392 1704 478 1738 327:
504 1704 680 1736 verborum
704 1706 820 1737 adstri-

51 1755 102 1783 cta
127 1749 390 1792 comprehensio.

122 1796 200 1827 CAP.
224 1796 291 1826 VH.
320 1797 348 1837 ᾗ.
366 1791 416 1826 1-1.
442 1794 604 1836 quoniam]
632 1795 672 1825 H.
691 1806 718 1826 e.
745 1807 818 1826 usus

53 1852 123 1873 sum
146 1839 308 1871 vocabulo
331 1841 449 1879 fidens,
489 1839 642 1882 quoniam
665 1842 819 1879 confidens

54 1892 131 1918 cett.
165 1886 213 1916 De
235 1884 364 1915 diversa
386 1884 626 1927 significatione
642 1885 732 1915 verbi
749 1895 819 1916 con-

53 1933 116 1972 fido
141 1937 174 1961 et
205 1928 369 1972 participii
402 1932 558 1969 confidens
593 1930 635 1962 cf.
662 1931 819 1960 Breminm

53 1976 96 2008 ad
127 1975 197 2007 Fin.
222 1976 270 2012 11,
296 1975 326 2006 ὃ.
364 1985 395 2015 p.
423 1974 493 2005 1152.
546 1976 676 2005 Orellius
711 1973 818 2012 docet,

54 2022 258 2060 confidentiae
277 2029 395 2049 nomen
418 2018 451 2048 in
476 2018 573 2049 laude
596 2018 739 2060 positum
757 2018 820 2049 ad-

53 2065 118 2096 huc
138 2063 273 2106 reperiri
296 2062 383 2104 apud
398 2063 545 2094 Plautum
568 2063 639 2094 Mil.
657 2065 696 2094 [l.
710 2064 740 2101 2,
755 2064 818 2099 Τῆς,

54 2109 114 2141 sed
137 2108 201 2140 iam
221 2108 252 2139 iu
276 2108 355 2138 vitio
376 2108 521 2149 positum
545 2107 625 2139 ibid.
649 2109 688 2139 H.
710 2108 741 2147 2,
764 2107 818 2140 36.

54 2156 195 2186 Klotzius
218 2153 311 2184 addit
333 2155 410 2185 Ter.
429 2152 530 2184 Andr.
555 2154 593 2184 V.
607 2153 640 2191 2,
665 2150 723 2184 ti:
749 2163 820 2184 con-

54 2201 172 2239 fidem,
198 2205 307 2230 catus:
335 2197 388 2228 ubi
412 2198 482 2240 pari
506 2197 606 2228 modo
631 2209 701 2230 curn
724 2197 821 2229 laude

54 2244 185 2275 dicitur.
234 2245 272 2274 V.
297 2244 455 2283 Heindorf.
481 2242 523 2274 ad
556 2243 637 2274 Hor.
668 2244 771 2274 Serm.
796 2244 821 2274 1.

53 2288 85 2328 7,
107 2289 138 2322 7.
164 2287 286 2330 p.‘21(5.
314 2287 365 2320 ed.
391 2288 502 2320 &Vnst

122 2333 227 2374 Atqui]
255 2332 308 2363 Sic
332 2338 421 2363 recte
442 2335 495 2363 Or.
517 2344 544 2363 c.
558 2332 593 2363 b.
612 2333 718 2364 Marb.
733 2332 819 2364 Gud.

54 2378 87 2410 2.
118 2380 199 2418 Aug.
235 2378 324 2407 Mon.
348 2378 380 2407 2.
412 2383 445 2407 et
477 2377 603 2419 aliquot
634 2377 709 2410 edd.
738 2384 819 2409 vett.

55 2433 117 2464 pro
139 2421 227 2463 vulg.
252 2421 365 2461 (eiiam
390 2421 441 2459 R.)
467 2425 578 2460 atquc:
606 2421 694 2463 quod
718 2433 822 2464 nuper

55 2466 182 2509 recepit
204 2467 357 2505 Treoder,
383 2471 516 2496 notatus
547 2466 587 2495 ab
614 2468 821 2506 Wesenberyio

55 2512 127 2544 Em.
154 2513 177 2543 l.
201 2523 233 2553 p.
254 2510 318 2548 1-1.,
344 2509 397 2552 qui
421 2509 587 2541 verissimo
611 2509 821 2542 demonstra—

55 2556 124 2595 vit,
159 2556 192 2587 in
224 2554 418 2587 assumenda
447 2555 666 2586 conclusionis
689 2554 821 2586 alicuius

57 2601 288 2644 propositione
311 2600 437 2631 minore
456 2611 520 2630 non
546 2604 635 2639 alque
657 2599 746 2641 poni,
764 2600 823 2631 sed

57 2649 143 2686 atqui
169 2647 239 2688 (ΙΙΙ.
269 2647 326 2682 10,
350 2644 404 2676 21.
443 2645 482 2675 V.
510 2642 568 2681 1-1»,
591 2646 644 2674 40.
687 2645 745 2682 15,
769 2643 823 2677 43.

58 2691 112 2722 all.
135 2691 197 2730 lt),
223 2695 326 2722 autem
352 2691 422 2732 (111.
444 2689 476 2730 7,
496 2687 533 2720 1-'1
547 2695 630 2720 extr.
647 2690 695 2721 15.
720 2689 753 2727 9,
774 2689 823 2721 19.

58 2736 113 2767 21.
137 2735 189 2768 all.
214 2735 287 2774 lt),
324 2739 355 2766 at
381 2736 449 2775 (ΙΙΙ.
471 2734 513 2773 7,
543 2734 592 2766 15.
627 2734 669 2771 9,
698 2734 746 2765 19.
783 2734 823 2765 V.

63 2777 115 2817 16,
137 2777 190 2811 4&-
216 2779 268 2810 all.
293 2779 326 2811 ll.
373 2780 412 2809 V.
439 2782 582 2811 Goerenz.
609 2778 648 2808 ad
675 2779 775 2819 [κς-εξ.
800 2779 822 2808 1.

64 2822 115 2860 17,
141 2822 194 2855 510.
216 2830 250 2854 et
270 2825 374 2855 Hand.
392 2823 532 2855 Tursell.
557 2823 631 2854 Vol.
657 2825 678 2853 Ι.
703 2823 821 2864 p.43›1.

61 2878 112 2898 nr.
138 2868 223 2909 12),
261 2863 407 2910 deniquo
427 2873 454 2899 et
481 2870 549 2909 (lli.
573 2866 612 2905 4,
639 2868 671 2899 9.
708 2867 748 2905 ’7,
776 2868 825 2898 15.

61 2911 93 2948 ὅ,
122 2910 174 2943 18.
208 2913 247 2943 V.
271 2913 322 2949 17,
344 2912 398 2946 49.
424 2913 466 2944 N.
481 2914 520 2944 Ι).
547 2915 572 2944 Ι.
593 2910 648 2949 40,
676 2911 746 2944 110.
770 2911 824 2943 all.

853 1446 913 1478 per
941 1439 1032 1475 cuque
1062 1445 1149 1466 nova
1182 1434 1290 1478 aliqua
1325 1435 1493 1468 conclusio
1515 1448 1616 1480 argu-—

853 1486 1043 1512 mentumve
1065 1479 1262 1512 adnectatur
1283 1481 1335 1524 (V.
1363 1480 1413 1520 15,
1430 1479 1492 1514 43:
1517 1488 1617 1525 atque

854 1525 955 1557 etiam
979 1531 1013 1556 et
1034 1531 1112 1557 cett.
1135 1524 1194 1564 15,
1217 1525 1278 1558 53:
1314 1524 1369 1556 ubi
1392 1538 1422 1557 v.
1449 1526 1618 1558 Adnotata

854 1571 990 1611 nostra.)
1044 1571 1091 1601 De
1116 1569 1282 1612 frequenti
1304 1570 1488 1602 litterarum
1508 1574 1520 1603 i
1545 1578 1579 1603 et
1603 1582 1617 1604 e

854 1615 886 1647 in
915 1615 1012 1648 codd.
1037 1614 1233 1646 confusione
1261 1627 1292 1646 v.
1317 1615 1359 1646 ad
1380 1617 1421 1647 Il.
1439 1616 1479 1655 8,
1504 1616 1558 1648 20.
1584 1622 1617 1647 et

853 1662 930 1692 Var.
948 1662 1017 1692 Scr.
1038 1659 1079 1691 ad
1100 1661 1140 1693 V.
1165 1659 1214 1699 15,
1236 1657 1301 1698 43„
1329 1660 1383 1691 ubi
1407 1661 1505 1692 etiam
1526 1666 1618 1702 alque

854 1712 887 1736 et
911 1708 998 1745 atqui
1021 1705 1053 1736 in
1081 1704 1178 1736 codd.
1199 1705 1363 1747 permixta
1387 1712 1473 1738 sunt.

921 1752 1136 1791 infractionem
1154 1750 1329 1791 quandam]
1358 1750 1412 1782 Sic
1429 1753 1482 1783 Or.
1499 1763 1525 1782 c.
1538 1750 1616 1793 plu-

854 1795 942 1826 rimis
979 1794 1075 1826 codd.
1102 1801 1134 1825 et
1169 1793 1243 1826 edd.
1269 1801 1350 1826 vett.
1383 1802 1461 1826 ante
1487 1795 1616 1833 Gebh.;

855 1842 994 1871 Klotzius
1020 1845 1052 1870 et
1076 1840 1209 1877 Treqtler
1233 1851 1249 1869 e
1277 1840 1315 1870 R.
1333 1840 1367 1870 P.
1387 1839 1471 1871 Gnd.
1489 1840 1515 1872 l.
1540 1841 1616 1871 Vat.

854 1885 990 1926 aliisque
1012 1890 1044 1914 et
1058 1883 1169 1914 Nonio
1188 1895 1220 1924 p.
1236 1883 1306 1915 122.
1328 1891 1526 1927 receperunt
1544 1886 1617 1924 infr.

854 1940 871 1968 q
884 1941 903 1960 η
915 1932 923 1960 i
935 1931 954 1959 (Ι,
965 1939 978 1960 e.
992 1938 1041 1959 m:
1066 1938 1204 1970 quorum
1220 1927 1276 1958 ille
1291 1932 1318 1960 et
1330 1931 1506 1969 -quidem
1528 1940 1618 1960 com-

855 1980 949 2015 parat
975 1984 1046 2004 cum
1074 1973 1203 2003 Graeco
1227 1972 1285 2005 καὶ
1307 1993 1346 1996 -
1371 1973 1427 2016 γέῑ
1462 1973 1551 2016 quod
1576 1974 1617 2005 ab

854 2019 887 2050 h.
904 2019 924 2050 l.
949 2017 1181 2049 alienissimum
1204 2025 1263 2048 cst.
1300 2019 1476 2049 Verissime
1493 2021 1620 2059 lVolfius

856 2064 955 2095 (locet
987 2063 1149 2103 quandam
1183 2061 1387 2103 significare,
1427 2075 1547 2094 nomen
1571 2066 1619 2095 in-

854 2110 1014 2149 fractionis
1038 2113 1107 2137 tum
1130 2106 1261 2149 quidem
1285 2119 1351 2139 non
1375 2107 1478 2139 videri
1501 2108 1620 2139 admo-

856 2153 933 2184 dum
952 2152 1051 2183 fuisse
1074 2151 1240 2183 usitatum.
1290 2154 1331 2183 Et
1355 2164 1434 2184 vero
1453 2153 1551 2184 etiam
1577 2153 1619 2184 ob

856 2196 1113 2240 metaphoricam
1138 2196 1231 2228 huius
1252 2197 1392 2228 nominis
1416 2198 1620 2229 notationem

856 2254 962 2286 paene
996 2241 1217 2273 necessarium
1252 2248 1300 2272 est
1335 2242 1400 2273 hoc
1424 2254 1619 2284 pronomen.

856 2288 1025 2330 Scriptura
1061 2293 1170 2317 autem
1203 2289 1325 2326 quide-m
1351 2298 1389 2317 ex
1423 2286 1620 2329 compendio

855 2333 1036 2375 scripturae
1061 2331 1158 2362 facile
1184 2331 1261 2362 oriri
1285 2330 1404 2372 potuit.

922 2380 1049 2415 victum,
1073 2379 1100 2407 si
1118 2377 1255 2415 quando,
1278 2385 1308 2406 se
1332 2375 1407 2416 esse]
1434 2376 1529 2406 Hunc
1548 2387 1620 2417 ger-

856 2433 985 2454 manam
1009 2421 1225 2462 scripturam,
1261 2431 1357 2461 quum
1382 2427 1514 2461 praeter
1538 2420 1620 2451 alios

857 2467 955 2498 codd.
982 2465 1079 2496 etiam
1105 2464 1220 2504 optimi
1249 2464 1283 2494 R.
1306 2465 1339 2495 P.
1360 2464 1446 2496 Gud.
1474 2467 1499 2496 l.
1524 2465 1620 2496 exhi-

856 2512 945 2548 bont,
973 2521 1043 2540 cum
1062 2511 1187 2540 Davisii)
1209 2515 1297 2538 rorte
1320 2509 1463 2540 restituit
1487 2512 1620 2542 Orethus

856 2566 918 2598 pro
941 2554 1028 2595 vulg.
1040 2556 1155 2585 victum
1172 2563 1202 2584 se
1216 2555 1399 2594 quandoque
1415 2564 1489 2593 esse,
1511 2566 1619 2596 comp.

859 2602 951 2632 Paret
964 2598 1110 2630 mantiss.
1124 2597 1219 2630 lexic.
1231 2598 1302 2630 crit.
1318 2609 1349 2640 p.
1366 2599 1435 2632 117.
1448 2602 1619 2631 Burmann.

859 2644 900 2675 ad
925 2643 1034 2674 Valer.
1061 2642 1168 2674 Flacc.
1203 2643 1251 2681 V,
1277 2641 1352 2676 474.
1402 2647 1552 2675 Garatom.
1578 2643 1619 2675 ad

859 2689 975 2719 Milon.
998 2684 1119 2730 p.242.
1149 2689 1269 2720 Bonon.
1293 2688 1498 2720 Vocabulum
1521 2699 1619 2727 (litan-

859 2736 957 2772 (loque
978 2731 1064 2775 apud
1081 2732 1271 2764 Ciceronem
1293 2733 1334 2764 ad
1345 2734 1435 2764 Fam.
1450 2735 1506 2766 VI.
1525 2734 1573 2769 w,
1588 2735 1618 2763 2.

858 2778 996 2819 legitur:
1023 2789 1084 2818 ego
1108 2789 1158 2808 me
1175 2780 1311 2808 Asturae
1334 2778 1454 2809 diutins
1478 2777 1619 2808 arbitror

862 2829 1149 2862 commoraturum,
1172 2822 1280 2864 quoad
1296 2823 1349 2853 ills¹
1361 2825 1544 2862 quandoque
1560 2832 1617 2851 ve-

861 2867 950 2905 niat3
985 2866 1044 2898 sed
1066 2866 1110 2898 ibi
1134 2878 1200 2898 non
1225 2869 1399 2905 interdum,
1429 2866 1515 2908 quod
1540 2865 1618 2904 eins,

862 2923 957 2955 quem
980 2923 1067 2944 nunc
1087 2919 1278 2953 tractamus,
1303 2911 1368 2943 loci
1384 2910 1546 2941 sententia
1563 2920 1619 2941 re-

62 2955 128 2999 ll.),
153 2955 453 3000 discernendosque
475 2969 546 2990 esse
566 2969 622 2989 eos
643 2957 745 2996 locos,
772 2956 826 2988 ubi
863 2957 972 3000 quirit,
997 2956 1055 2989 sed
1078 2959 1249 2997 aliquando
1273 2955 1446 2997 significat.
1491 2954 1550 2986 Illa
1571 2954 1621 2985 el·-
