1832 3137
1529 77 1604 120 401

65 176 139 217 quo
171 161 251 202 vita
283 175 360 201 nou
395 161 564 216 adspirat
594 161 721 202 beata.
785 162 847 203 M.
881 161 982 216 Quid
1017 162 1161 217 igitur?
1200 163 1332 205 solane
1364 163 1479 205 beata
1511 167 1605 212 vita,

62 248 229 288 quaeso,
262 234 492 288 relinquitur
520 242 634 275 extra
662 235 802 275 ostium
835 235 1028 289 limenque
1059 236 1250 288 carceris,
1292 252 1405 291 quum
1426 247 1608 281 constan-

651 83 816 116 LIBER
841 84 881 116 v.
907 84 950 124 ὁ,
978 83 1026 117 14.

60 308 135 359 tia,
179 307 373 361 gravitas,
419 308 623 359 fortitudo,
668 308 854 363 sapientia
891 308 1172 364 reliquaeque⁶
1210 310 1374 351 virtutes
1409 312 1608 367 rapiantur

58 382 106 421 ad
126 388 312 421 tortorem
335 380 556 435 nullumque
575 389 760 421 recusent
777 395 849 421 nec
871 382 1096 435 supplicium
1121 397 1191 424 nec
1217 384 1414 425 dolorem?
1445 385 1496 426 A.
1523 386 1603 438 Tu,

56 454 89 494 si
112 454 200 508 quid
224 467 266 494 es
297 455 492 503 facturus,
525 469 626 494 nova
652 455 777 509 aliqua
801 455 1006 508 conquiras
1030 463 1196 510 oportet.
1258 456 1337 498 Ista
1367 473 1426 499 me
1450 460 1604 501 minime

56 534 238 578 movent,
280 541 357 568 non
391 528 513 567 solum
543 527 629 582 quia
659 528 884 582 pervulgata
911 535 1021 578 sunt,
1063 530 1129 569 sed
1165 531 1284 571 multo
1313 533 1457 586 magis,
1497 534 1601 587 quia,

56 608 234 655 tanquam
263 601 361 641 levia
391 601 575 655 quaedam
604 601 693 641 vina
718 601 812 640 nihil
832 601 965 641 valent
986 601 1024 641 in
1047 616 1142 655 aqua
1158 635 1167 653 ,
1202 604 1257 643 sic
1285 603 1507 646 Stoicorum
1530 607 1604 647 ista

55 675 179 727 magis
199 681 375 728 gustata,
410 689 520 728 quam
543 682 673 728 potata
694 675 902 714 delectant.
967 673 1084 715 Velut
1106 676 1178 715 iste
1199 677 1340 716 chorus
1362 678 1540 719 virtutum
1564 681 1603 720 in

54 748 227 788 eculeum
253 747 453 801 impositus
476 747 663 801 imagines
687 747 886 788 constituit
908 755 997 788 ante
1022 748 1154 789 oculos
1183 764 1266 789 cum
1292 751 1527 805 amplissima
1550 754 1604 793 di-

53 820 222 875 gnitate,
256 827 295 860 ut
313 820 359 860 ad
384 834 450 860 eas
475 820 616 860 cursim
645 823 901 875 perrectura⁷
928 835 999 861 nec
1020 835 1086 862 eas
1112 822 1225 863 beata
1245 823 1324 863 vita
1351 838 1371 864 a
1404 839 1446 864 se
1472 826 1604 866 deser-

52 901 112 934 tas
140 907 300 948 passura
322 893 513 934 videatur.
581 900 646 934 14.
683 892 809 946 Quum
836 901 961 935 autem
986 895 1155 935 animum
1175 896 1220 936 ab
1241 896 1314 937 ista
1339 897 1488 950 pictura
1509 899 1604 940 ima-
1643 939 1646 951 ἕ

53 967 282 1021 ginibusque
301 967 487 1007 virtutum
508 967 553 1007 ad
573 982 654 1007 rem
674 967 958 1022 veritatemque
976 969 1221 1020 traduxeris3
1252 970 1323 1010 hoc
1345 972 1485 1011 nudum
1500 974 1520 998 ⁷
1543 987 1605 1013 re-

1458 1043 1604 1098 Quam-

52 1114 185 1154 obrem
207 1114 278 1153 hoc
302 1128 403 1154 nunc
425 1127 678 1168 quaeramus3
720 1114 885 1155 virtutes
913 1123 1038 1155 autem
1057 1147 1068 1165 ,
1108 1115 1187 1155 noli
1214 1116 1369 1167 vereri,
1405 1131 1452 1158 ne
1481 1132 1602 1174 expo-

52 1041 261 1094 linquitur‚
305 1040 476 1095 possitne
505 1040 589 1094 quis
617 1041 752 1081 beatus
787 1055 898 1091 esse,
947 1042 1124 1095 quamdiu
1157 1049 1396 1096 torqueatur.

52 1187 196 1228 stulent
220 1194 258 1227 et
285 1194 516 1241 querantur,
550 1201 592 1227 se
617 1201 638 1227 a
660 1187 772 1227 beata
789 1187 867 1227 vita
888 1201 976 1228 esse
1000 1188 1181 1240 relictas,
1215 1190 1247 1229 si
1272 1190 1372 1230 enim
1396 1192 1499 1231 nulla
1524 1193 1601 1232 vir-

49 1267 111 1301 tus
148 1261 349 1316 prudentia
383 1267 515 1311 vacat,
556 1261 756 1315 prudentia
792 1261 876 1315 ipsa
910 1261 982 1301 hoc
1018 1262 1146 1312 videt,
1192 1277 1268 1302 non
1301 1278 1435 1304 omnes
1477 1265 1600 1306 bonos

49 1347 138 1374 esse
161 1335 274 1374 etiam
294 1334 427 1373 beatos
442 1365 451 1383 ,
485 1334 678 1388 multaque
700 1334 745 1373 de
764 1333 822 1373 M.
846 1334 991 1385 Atilio,
1027 1332 1078 1387 Q.
1100 1332 1316 1390 Caepione,
1348 1336 1422 1376 M&
1443 1337 1599 1393 Aquilio

47 1407 297 1457 recordatur,
338 1406 564 1460 beatamque
588 1407 704 1447 vitam
731 1407 780 1460 (si
808 1406 1040 1461 imaginibus
1067 1407 1193 1462 potius
1228 1409 1305 1458 uti,
1347 1424 1457 1463 quam
1485 1412 1599 1452 rebus

47 1480 141 1535 ipsis
163 1480 332 1536 placet,)
363 1488 567 1521 conantem
593 1480 651 1520 ire
670 1481 709 1520 in
733 1481 907 1521 eculeum
932 1481 1076 1521 retinet.
1097 1482 1178 1536 ipsa
1199 1483 1433 1536 prudentia⁷
1463 1492 1598 1538 negat-

48 1568 120 1609 que
153 1555 187 1594 ei
220 1569 304 1594 cum
336 1554 469 1594 dolore
500 1561 538 1594 et
569 1553 742 1594 cruciatu
771 1554 971 1610 quicquam
1003 1569 1091 1595 esse
1123 1569 1341 1596 commune.

138 1646 159 1681 6
184 1651 240 1682 Τι·.
262 1661 280 1681 e
304 1648 388 1681 Gud.
404 1650 443 1682 11.
469 1656 503 1681 et
524 1649 650 1692 aliquot
675 1649 749 1681 edd.
771 1656 853 1681 vett.
872 1652 1027 1691 reliquae:
1051 1650 1140 1694 quod
1162 1650 1260 1683 etiam
1282 1651 1337 1683 Kl.
1364 1652 1395 1683 in
1410 1652 1494 1684 Add.
1518 1626 1600 1697 nro-

47 1695 123 1735 bat,
147 1695 206 1726 sed
225 1694 399 1727 immerito.
447 1696 486 1726 V.
513 1694 555 1727 ad
577 1696 631 1726 1V.
652 1693 716 1734 31,
743 1691 795 1726 66.

45 1762 108 1794 iste
124 1774 254 1795 omnem
270 1774 376 1793 rerum
395 1761 585 1794 memoriam
602 1761 747 1793 breviter
759 1780 802 1787 —-

46 1808 234 1851 complexus
258 1806 332 1838 est?
380 1809 481 1839 Istum
500 1807 624 1850 ipsum,
658 1807 801 1850 inquam,

44 1855 155 1890 Brute,
178 1852 253 1885 dico
272 1852 389 1883 librum
410 1852 488 1884 mihi
506 1852 602 1884 saluti
619 1851 729 1883 fuisse.
763 1853 802 1884 V.

44 1900 241 1939 Hartunyum
267 1897 396 1930 Griech.
422 1897 542 1929 Partik.
563 1899 602 1929 T.
622 1898 645 1928 Ι.
674 1909 705 1939 p.
723 1895 800 1929 490.

44 1950 78 1975 et
99 1955 158 1975 nos
180 1944 212 1974 in
239 1943 295 1974 Gr.
320 1943 357 1973 L.
386 1945 413 1986 ᾗ.
434 1943 512 1981 133,
537 1945 569 1974 2.
594 1942 632 1982 A)
660 1942 702 1982 c).

112 1988 204 2030 §.1:3.
230 1988 380 2028 eculeum]
405 1986 541 2018 Eculeus
563 1993 633 2017 erat
655 1985 802 2018 machina

42 2033 162 2075 lignea,
190 2032 231 2063 ad
257 2032 330 2075 equi
354 2032 493 2063 formam
517 2032 614 2069 sacta,
641 2038 801 2074 torquen-

43 2078 92 2109 dis
114 2077 300 2109 hominibus
322 2084 521 2120 comparata.
571 2078 620 2108 De
639 2089 670 2108 v.
694 2078 801 2116 adspi-

42 2124 148 2163 randi,
170 2122 258 2165 quod
276 2128 325 2153 est
346 2122 503 2154 accedere
520 2121 641 2154 audere
657 2122 708 2152 vel
724 2128 801 2152 ten-

41 2175 133 2206 tare,
167 2167 322 2199 adiuncta
355 2168 492 2199 notione
525 2167 630 2198 inanis
665 2174 800 2198 conatus

44 2214 121 2257 (sich
141 2213 343 2253 versleiyen),
375 2213 418 2244 cf.
451 2224 476 2244 c.
503 2212 544 2251 9,
571 2212 626 2246 27.
660 2218 693 2244 et
718 2224 801 2256 quae

42 2258 252 2291 contulerunt
280 2259 432 2290 Iordanus
463 2257 505 2289 ad
539 2270 585 2290 or.
611 2268 643 2300 p.
669 2258 798 2289 Caeciu.

44 2301 96 2342 14,
117 2303 171 2336 39.
194 2315 226 2345 p.
242 2304 318 2335 210.
345 2309 379 2333 et
402 2304 586 2334 Matthiaeus
605 2302 647 2334 ad
668 2314 714 2334 or.
738 2314 799 2345 pro

42 2349 77 2380 P.
99 2347 186 2379 Sulla
205 2349 254 2385 18,
270 2348 322 2378 52.
347 2358 378 2389 p.
392 2347 452 2379 33:
479 2358 615 2389 quorum
635 2347 690 2378 ille
710 2353 800 2379 recte

43 2392 161 2430 docet,
197 2391 278 2423 illud
300 2391 452 2424 verbum.
489 2398 524 2422 ut
555 2391 643 2434 quod
669 2392 800 2434 proprie

40 2440 153 2478 spiritu
184 2439 294 2477 quasi,
328 2436 348 2467 i.
371 2448 398 2467 e.
423 2435 494 2474 vix,
527 2439 674 2477 attingere
695 2443 798 2475 notet,

42 2482 130 2526 apud
161 2482 226 2514 Cic.
262 2481 293 2512 in
329 2480 489 2523 negativis
524 2481 800 2513 enuntiationibus

41 2534 98 2560 aut
120 2525 385 2569 interrogativis,
421 2537 502 2569 quae
524 2525 589 2557 vim
615 2525 800 2567 negativam

40 2573 182 2610 habent,
208 2571 352 2614 reperiri.

109 2620 135 2650 si
154 2619 229 2659 quid
248 2627 278 2649 es
298 2616 452 2660 facturus]
474 2616 516 2648 H.
533 2627 559 2647 e.
583 2615 779 2658 probaturus
791 2628 798 2654 5

42 2662 70 2694 si
92 2674 143 2694 me
168 2662 361 2694 convincere
385 2661 506 2693 studes.
554 2662 691 2692 Neidius.

109 2711 259 2747 tanquam
277 2708 357 2738 levia
377 2708 533 2746 quaedam
551 2707 640 2747 vina]
662 2704 799 2744 Tenuia,

44 2763 126 2796 quae
159 2751 275 2783 leviter
309 2751 412 2783 diluta
447 2762 597 2794 saporem
633 2750 798 2787 amittunt,

44 2808 126 2840 quae
150 2796 255 2838 primo
278 2796 387 2828 statim
411 2804 506 2839 gustu
530 2795 693 2832 arrident,
719 2794 799 2826 nihil

44 2852 123 2873 vero
147 2840 278 2872 iucundi
301 2841 427 2884 saporis
458 2841 579 2873 liabent
603 2840 634 2872 in
660 2851 798 2872 recessu.

43 2889 138 2920 idem.
186 2887 234 2916 De
258 2886 415 2928 particula
440 2891 588 2927 tanquam
611 2885 641 2916 in
664 2896 800 2927 compa-

43 2931 172 2964 ratione
193 2941 251 2973 pro
274 2934 307 2962 ut
335 2931 384 2962 vel
409 2932 669 2972 quemadmodum
693 2929 800 2974 posita

112 2985 158 3012 ed.
178 2987 294 3019 quarta.

844 1693 864 1727 7
889 1707 919 1728 V.
942 1695 1026 1727 Adn.

837 1762 881 1794 cf.
906 1764 1077 1794 Gernhard.
1099 1762 1140 1794 ad
1157 1763 1226 1795 Cat.
1240 1763 1317 1794 Mai.
1340 1763 1387 1799 19.
1405 1765 1456 1797 71.
1479 1777 1509 1808 p.
1526 1768 1598 1799 135.

904 1809 1011 1839 chorus
1045 1808 1208 1851 virtutum]
1247 1808 1310 1840 Off.
1342 1810 1398 1840 ΙΙΙ.
1424 1810 1488 1849 53,
1516 1811 1596 1843 116:

836 1851 912 1883 huic
934 1852 1048 1883 talium
1070 1854 1219 1884 virtutum
1242 1855 1343 1884 choro.

911 1901 1088 1936 perrectura
1111 1907 1164 1929 nec
1187 1908 1240 1930 eas
1261 1900 1350 1929 beata
1373 1899 1453 1942 vila]
1490 1901 1596 1932 Erne-

837 1941 916 1973 stius
941 1953 966 1973 c.
993 1943 1032 1973 D.
1057 1941 1108 1972 ed.
1130 1942 1159 1974 2.
1185 1954 1202 1974 e
1227 1942 1310 1974 coni.
1335 1943 1444 1976 dedit:
1466 1950 1594 1984 petrect.

837 1989 926 2018 beata
958 1989 1024 2018 vita
1055 1997 1107 2018 nec
1140 1997 1193 2019 eas
1216 1998 1236 2018 a
1260 1997 1290 2019 se
1317 1990 1471 2021 desertas.-
1506 1990 1594 2033 quod

836 2042 932 2063 nemo
955 2031 1051 2062 facile
1074 2032 1244 2074 probavit3
1280 2044 1378 2076 saepe
1407 2034 1491 2066 euim
1515 2035 1595 2066 snb—

836 2077 913 2108 iecti
947 2087 1066 2108 nomen
1101 2077 1237 2119 ponitur
1269 2077 1301 2108 in
1335 2079 1439 2110 altero
1465 2079 1596 2111 demum

835 2122 1019 2153 sententiae
1040 2122 1207 2161 membro,
1232 2134 1330 2165 quum
1354 2123 1386 2154 in
1410 2125 1519 2167 priore
1542 2126 1596 2157 lo-

836 2178 909 2198 cum
945 2178 1105 2209 occupare
1129 2167 1258 2199 debeat.
1319 2169 1368 2200 Cf.
1395 2171 1543 2212 exempla
1577 2184 1594 2202 u

838 2214 1016 2252 Wopkensio
1038 2213 1146 2244 Lectt.
1165 2212 1251 2244 Tull.
1276 2214 1308 2250 Ι,
1339 2213 1385 2244 19.
1418 2226 1449 2256 p.
1471 2215 1532 2248 146
1546 2226 1593 2257 sq.

835 2268 900 2288 nou
926 2257 1005 2287 satis
1031 2256 1204 2288 distribute
1230 2264 1396 2299 congesta.

904 2304 932 2343 ξ.
953 2300 1002 2334 14.
1040 2303 1082 2333 ad
1104 2312 1169 2333 rem
1190 2304 1420 2343 vernalemque]
1457 2305 1596 2335 Menkius

834 2346 865 2377 in
881 2347 1035 2379 Observv.
1057 2346 1144 2376 ined.
1169 2358 1275 2388 comp.
1297 2346 1338 2378 de
1357 2349 1410 2378 Or.
1426 2348 1448 2378 l.
1465 2348 1513 2386 17,
1531 2349 1591 2382 77:

834 2391 1019 2427 videamus,
1046 2402 1086 2421 ue
1113 2391 1182 2433 plus
1207 2391 1236 2421 ei
1260 2391 1400 2430 tribuam,
1429 2404 1524 2434 quam
1546 2404 1594 2426 res

835 2443 868 2467 et
887 2439 999 2468 veritas
1019 2436 1088 2477 ipsa
1110 2435 1280 2467 concedat.
1304 2437 1408 2470 Thuc.
1424 2439 1462 2468 11.
1479 2435 1534 2477 41,
1550 2438 1590 2471 ’ἐς

835 2480 938 2523 ἔργων
962 2477 1116 2522 ἅλήῖεια.

901 2527 956 2557 hoc
979 2527 1097 2556 nudum
1118 2526 1314 2569 relinquitur]
1351 2525 1454 2559 Codd.
1479 2527 1593 2563 Gnelf.

835 2576 868 2601 et
893 2574 973 2612 Aug.
1007 2581 1066 2612 pro
1096 2572 1216 2602 nudum
1247 2571 1402 2603 exhibent
1434 2575 1591 2606 nondum:

835 2614 923 2658 quod
950 2614 1101 2656 probavit
1128 2616 1202 2646 Ern.
1251 2620 1293 2647 At
1319 2618 1439 2648 nudum
1462 2619 1590 2661 egregie

835 2659 1015 2702 opponitur
1031 2659 1138 2691 verbis
1158 2661 1436 2693 antecedentibus.
1466 2665 1592 2704 Wolfius·

835 2716 941 2746 comp.
966 2706 1025 2735 Ov.
1048 2705 1128 2735 Met.
1154 2705 1211 2744 13,
1238 2706 1315 2739 159:
1343 2708 1430 2749 Ergo
1457 2718 1588 2749 opernm

835 2748 987 2792 quoniam
1007 2751 1127 2781 nudum
1147 2757 1309 2782 certamen
1325 2751 1474 2783 habetur.
1507 2755 1591 2783 Men-

834 2797 903 2826 kius
917 2793 938 2825 l.
950 2793 981 2826 d.
992 2805 1098 2838 comp.
1112 2793 1234 2837 γυμνόν
1245 2808 1296 2839 ap.
1312 2797 1408 2828 Diod.
1422 2797 1484 2827 Sir.
1501 2798 1525 2834 1,
1537 2797 1589 2828 70.

903 2841 944 2870 M.
970 2842 1078 2880 Atilio,
1114 2841 1150 2880 Q.
1179 2842 1349 2881 Caepione,
1375 2843 1426 2872 Μ’.
1454 2840 1588 2883 Aquilio]

835 2885 873 2917 V.
900 2883 998 2916 lndic.
1022 2884 1098 2918 hist.

901 2932 1004 2961 retinet
1023 2932 1092 2970 ipsa
1109 2932 1289 2971 prudentia]
1312 2929 1419 2960 Verba
1439 2932 1507 2969 ipsa
1532 2932 1593 2961 vir-

1272 2981 1325 3014 26
