1832 3137
511 122 654 155 INDEX
679 122 834 156 RERUM
860 124 920 157 ET
943 124 1176 158 NOMINUM.

106 201 259 233 feruntur
277 209 377 243 saepe
398 199 440 232 ad
457 210 576 232 nomen
596 211 824 244 praegressum

102 251 203 321 gen}
220 255 342 288 genere
366 250 400 276 et
435 256 572 277 numero
595 246 763 289 singulari.
799 248 823 278 1.

126 314 135 329 ,
162 289 177 321 1
206 314 213 322 .

58 336 272 367 Pronomiua:
293 343 353 373 me,
377 337 416 374 le,
440 343 483 373 se,
506 344 572 373 nos,
595 344 650 366 vos
673 335 705 366 in
729 340 821 367 stru-

107 385 198 410 ctura
221 378 400 411 accusativi
427 389 499 410 cum
524 378 687 411 infinitivo
713 380 820 412 verbis

103 425 227 456 dicendi
247 429 281 455 et
299 429 548 466 praeponuntur
561 431 593 455 et
611 431 819 467 postponun-

103 474 167 499 tur.
204 469 228 499 Ι.
251 466 294 510 8,
322 465 372 499 16.

56 514 247 544 Ρνοηοπιίηα
270 522 337 553 me,
362 516 409 552 le,
433 521 474 552 se,
498 522 580 554 eum,
604 523 655 546 eos
676 513 709 545 in
735 525 820 546 con-

101 557 284 589 structione
305 568 372 591 ace.
397 569 424 590 e.
448 557 507 591 inf.
532 569 631 602 saepe
656 558 818 590 omittun-

99 609 164 634 tur.
201 603 225 633 Ι.
252 602 307 640 25,
331 601 385 635 60.

55 649 247 680 Pronomina
271 657 340 687 me,
363 650 391 679 te
415 646 630 687 omittuntur,
657 658 722 691 quo
745 659 819 679 ma-

100 692 149 734 gis
171 691 331 734 generalis
357 691 513 724 efferatur
536 693 712 725 sententia.
761 694 818 724 ΙΙΙ.

100 737 155 775 25,
180 737 235 769 60.

54 783 257 821 Pronomina‚
278 787 311 812 et
332 781 594 813 demonstrativa
615 788 648 813 et
668 780 818 820 relativa,

99 826 250 868 sequenti
264 825 471 858 substantivo
491 832 642 864 attracta,
664 832 718 857 ut:
743 828 818 858 haec

96 871 296 910 pulchritudo
327 881 406 914 pro:
448 871 564 902 harum
596 882 705 902 rernm
739 870 818 914 pul-

101 914 264 946 chritudo.
300 916 324 946 Ι.
352 913 404 953 19,
429 912 484 947 45.

53 959 244 992 pronomina
267 962 319 999 qui
343 966 376 990 et
395 961 455 999 hic,
478 960 512 991 in
535 959 696 991 enuntiati
720 959 816 993 initio

98 1004 220 1047 posita,
234 1003 534 1046 praepositionibus
546 1004 712 1036 interdum
723 1016 816 1048 prae·

97 1049 284 1080 mittuntur.
325 1050 364 1080 V.
392 1060 420 1080 ν.
445 1051 701 1089 Ρναεροείίίοηεε.

52 1093 243 1126 Pronomina
257 1095 500 1126 demonstrativa
522 1094 573 1125 vel
597 1093 640 1125 ob
658 1094 816 1126 maiorem

98 1138 163 1169 vim
194 1138 244 1169 vel
270 1138 515 1181 perspicuitatis
552 1150 664 1171 caussa
688 1139 814 1171 iteran-

98 1189 161 1214 tur.
201 1185 256 1215 lll.
279 1184 312 1223 ὅ,
340 1182 390 1215 18.
487 1196 490 1197 ’

53 1229 242 1260 Pronomina
276 1230 346 1268 hic,
390 1230 437 1267 is,
473 1231 524 1260 ille
559 1240 632 1260 cum
667 1229 815 1271 genitivo

96 1272 227 1312 iuncta,
264 1280 319 1304 ut:
356 1285 454 1316 quum
491 1274 596 1305 omnis
627 1274 815 1316 arrogantia

97 1317 212 1350 odiosa
237 1324 306 1360 est,
333 1325 401 1350 tum
426 1321 480 1349 illa
507 1321 621 1359 ingenii
645 1319 812 1351 molestis·

96 1362 189 1395 sima.
222 1364 277 1396 IV.
301 1363 335 1403 9,
359 1364 412 1396 20.

52 1409 242 1444 Pronomina
267 1410 399 1440 relativa
424 1407 477 1438 uni
502 1408 555 1439 vel
581 1408 726 1450 pluribus
751 1419 815 1440 vo-

98 1451 221 1484 cabulis
256 1458 405 1495 postp08.
441 1453 466 1483 Ι.
491 1450 532 1491 8,
563 1450 612 1485 16.
664 1452 715 1483 Cf.
744 1453 815 1492 Qui,

94 1507 196 1538 quae,
220 1499 302 1537 quod
327 1504 359 1528 et
385 1499 560 1528 Relalivum
581 1506 760 1536 pronomen.

51 1543 291 1574 Pronuntialum
320 1538 493 1583 (ἀξίωμα).
526 1543 551 1573 Ι.
578 1540 609 1577 ’7,
638 1539 689 1572 14.

51 1588 215 1618 prooemia
241 1586 274 1617 in
299 1586 466 1618 Ciceronis
488 1585 528 1617 de
552 1585 633 1628 phil.
652 1585 754 1619 libris.
790 1587 814 1617 Ι.

99 1630 115 1662 1
129 1656 136 1669 ,
166 1630 194 1662 1.

50 1677 256 1716 Propendere.
281 1676 320 1706 V.
346 1674 402 1717 31,
427 1673 480 1707 86.

50 1722 225 1760 Properare
249 1732 321 1753 cum
346 1719 522 1764 expetendi
543 1719 690 1751 notione.
718 1721 741 1751 Ι.
757 1718 813 1761 31,

51 1811 250 1850 Proponere,
286 1810 328 1841 ob
354 1809 467 1841 oculos
492 1820 628 1852 ponere.
675 1809 730 1840 IV.
756 1807 813 1850 31,

95 1854 149 1888 66.
198 1857 375 1895 Proponere
409 1861 441 1886 et
473 1864 586 1895 ponere
620 1853 813 1897 praemium.

95 1900 135 1932 V.
159 1898 192 1939 7,
215 1900 268 1932 20.

52 1946 226 1984 Proprius,
263 1955 335 1975 cum
359 1944 507 1986 genitivo
539 1944 706 1982 iunctum,
740 1953 813 1983 pro—

94 1992 217 2029 prium,
243 2000 314 2020 cum
339 2001 412 2031 gen.
433 1989 591 2027 iunctum,
617 1987 812 2020 substantivi

98 2034 185 2066 vices
208 2034 358 2065 sustinet.
394 2035 433 2065 ΙΙ.
466 2032 515 2072 18,
541 2031 595 2065 43.

51 2079 205 2119 Proprius
227 2083 254 2110 et
277 2090 359 2112 suus.
394 2081 417 2110 Ι.
441 2076 496 2120 29,
522 2076 575 2110 71.

51 2125 199 2157 Prolasin
234 2123 322 2155 nulla
358 2123 504 2166 seqnitur
528 2125 694 2163 apodosis,
730 2133 813 2165 quae

96 2175 207 2200 tamen
232 2168 312 2200 latet
336 2169 371 2200 in
395 2169 458 2200 alia
483 2168 738 2200 constructione.
773 2167 813 2198 V.

96 2225 127 2246 v.
151 2211 442 2248 Ἀναντατῑόδοτον.

51 2259 278 2292 Proverbium:
302 2262 357 2290 aut
381 2261 463 2290 bibat
487 2262 541 2290 aut
565 2260 664 2290 abeat.
700 2258 736 2289 V.
757 2254 812 2299 41,

54 2349 241 2381 Provocatio
264 2348 306 2379 ad
333 2347 500 2390 populum.
539 2348 594 2378 lv.
624 2347 653 2385 1,
682 2346 710 2378 1.

53 2395 198 2426 Prudens
223 2399 255 2424 et
272 2395 394 2432 pudens
419 2392 565 2423 confusa.
592 2393 630 2423 ΙΙ.
656 2391 711 2428 21,
736 2390 790 2423 50.

54 2439 227 2471 Prudentia
254 2449 314 2480 pro
339 2437 561 2479 philosophia.
608 2438 632 2467 Ι.
656 2434 687 2473 4,
713 2435 744 2468 7.

54 2484 110 2515 Pte
134 2482 381 2525 pronominibus
405 2482 540 2513 affixum
555 2506 563 2521 ,
591 2488 625 2512 ut
642 2485 759 2520 suopte.
788 2482 812 2512 1.

99 2526 151 2566 17,
175 2527 229 2560 40.

53 2573 222 2605 Pubescere
246 2572 287 2603 de
313 2571 453 2611 vitibus,
485 2571 594 2602 herbis
619 2570 756 2601 dictum.
792 2571 815 2600 Ι.

96 2618 152 2658 ‘za-5,
176 2617 231 2650 69.

54 2663 176 2695 Publici
201 2673 304 2693 canes.
340 2663 362 2692 Ι.
386 2660 442 2701 45,
470 2658 542 2691 108.

54 2708 181 2739 Pudens
205 2707 308 2738 miles.
342 2707 384 2737 ΙΙ.
408 2704 464 2742 21,
490 2704 543 2736 50.

55 2753 189 2784 Puer-ilis
213 2756 309 2783 aetas.
346 2753 369 2781 Ι.
393 2749 448 2787 39,
473 2748 527 2780 94.

54 2798 208 2835 Pulcher,
234 2795 427 2827 urbanitatis
450 2794 732 2833 blandimentum,
759 2800 813 2823 nt:

97 2843 224 2881 pulcher
248 2841 375 2872 Critias.
413 2842 437 2871 Ι.
464 2839 517 2877 40,
543 2839 597 2871 96.

55 2887 247 2918 Pulvinaria
270 2885 418 2917 deorum.
453 2885 508 2916 1V.
533 2884 565 2921 2,
590 2882 622 2915 4.

55 2931 166 2963 Pulvis
188 2929 508 2962 mathematicorum.
546 2929 584 2960 V.
611 2927 667 2969 23,
692 2925 746 2960 6-1.

54 2976 200 3015 Puncta,
223 2974 387 3018 suffragia.
414 2977 454 3008 ΙΙ.
478 2972 533 3014 26,
557 2972 612 3006 62.

1539 120 1618 163 517

860 203 975 236 Puniri
998 203 1287 247 deponentialiter.
1318 206 1343 238 1.
1368 204 1425 248 44,
1452 205 1526 241 107.

858 249 1031 280 Putescere.
1057 250 1082 281 Ι.
1106 248 1162 289 43,
1190 248 1261 282 102.

858 293 961 333 Puto,
996 299 1088 325 extra
1122 305 1241 326 nexum
1275 294 1432 328 orationis
1458 296 1612 339 positum,

901 337 1033 369 ironice.
1075 340 1098 370 Ι.
1123 339 1177 379 22,
1203 339 1256 372 52.

1217 444 1254 480 ρ.

856 505 1070 543 Quadriduus.
1104 508 1158 539 IV.
1182 506 1237 545 38,
1263 508 1317 541 82.

856 550 1028 590 Quaerere,
1053 557 1180 594 optare.
1215 553 1267 585 iv.
1292 552 1346 593 21,
1370 552 1424 587 48.

855 594 1008 669 Quiler¹ere
1033 602 1067 627 et
1089 598 1225 629 invenire
1250 597 1327 641 quid
1352 598 1518 632 differant.
1556 601 1612 633 ΙΙΙ.

855 663 1009 721 Quaerere
1039 684 1092 715 iu:
1128 687 1156 717 si
1178 690 1321 728 quaeris,
1359 690 1423 721 noli
1454 699 1613 730 quaerere,

898 729 974 766 quid
997 731 1149 768 quaeris?
1184 731 1240 762 ΙΙΙ.
1265 730 1318 770 29,
1344 732 1398 765 73.

855 771 978 811 Quam,
1015 784 1087 804 cum
1113 773 1322 807 coniunctivo
1346 776 1513 818 iunctum,
1549 790 1611 821 pro

897 826 993 856 quam
1015 820 1059 848 ut.
1092 819 1133 850 II.
1158 818 1212 856 22,
1236 819 1290 851 52.

854 861 956 900 Quam
991 864 1029 893 sic
1061 861 1198 903 doctus,
1244 873 1340 903 quam
1373 867 1413 896 sit
1447 865 1613 898 subtiliter

898 905 1100 948 disputatum
1122 913 1185 940 etc.
1211 908 1251 939 ΙΙ.
1275 907 1308 946 4,
1330 908 1381 940 10.
1408 911 1511 948 Quam
1523 912 1613 952 nihil,

896 961 992 990 quam
1014 961 1085 983 non.
1124 952 1179 983 IV.
1205 950 1259 990 35,
1285 950 1339 985 74.

853 996 1004 1033 Quamvis
1019 1006 1091 1026 cum
1105 995 1262 1028 adverbio
1278 996 1329 1029 vel
1348 997 1513 1030 adiectivo
1534 999 1611 1031 iun-

898 1046 998 1071 ctum.
1035 1041 1059 1071 Ι.
1081 1039 1134 1079 21,
1159 1039 1215 1073 47.

852 1086 1004 1124 Quamvis
1024 1087 1101 1117 licet.
1126 1086 1181 1116 IV.
1207 1083 1261 1125 24,
1287 1086 1340 1119 53.

852 1131 986 1169 Quando
1009 1140 1070 1172 pro
1095 1130 1259 1172 quoniam.
1295 1132 1351 1164 IV.
1380 1131 1431 1171 15,
1454 1130 1509 1165 34.

851 1175 1054 1214 Quandoque.
1086 1176 1139 1206 ΙΙΙ.
1167 1173 1199 1214 7,
1227 1174 1278 1207 14.

852 1220 985 1257 Quando
1008 1221 1132 1259 quidem
1157 1232 1186 1251 v.
1211 1222 1238 1252 si
1262 1222 1396 1260 quidem.

852 1265 1040 1303 Quanquam
1062 1266 1192 1304 sortasse
1217 1265 1362 1308 elliptice
1385 1267 1540 1308 positum.
1583 1269 1607 1299 Ι.

895 1308 948 1346 27,
973 1308 1027 1341 67.

851 1354 1039 1393 Quanquam
1061 1365 1132 1385 cum
1158 1353 1380 1387 coniunctim.
1415 1357 1455 1389 V.
1479 1356 1533 1395 30,
1553 1357 1608 1390 85.

852 1399 1040 1436 Quanquam
1054 1401 1190 1438 quidem,
1205 1399 1400 1442 (καίτοιγε).
1419 1402 1474 1432 ΙΙΙ.
1487 1399 1542 1441 34,
1554 1399 1609 1434 84.

853 1442 1040 1480 Quanquam
1063 1460 1107 1465 -——
1130 1445 1194 1474 sed.
1227 1445 1250 1474 Ι.
1276 1444 1332 1486 37,
1352 1444 1406 1477 90.

853 1497 961 1535 Quasi,
986 1496 1132 1528 iunctum
1154 1509 1226 1530 cum
1249 1499 1445 1540 pronomine
1467 1502 1608 1540 quidam.

897 1542 937 1571 ΙΙ.
962 1539 995 1583 4,
1024 1541 1074 1572 11.
1112 1543 1167 1573 ΙΙΙ.
1190 1541 1221 1580 2,
1246 1543 1279 1575 3.

852 1587 950 1624 Quasi
969 1585 1098 1628 mitigat
1122 1586 1371 1619 insolentiorem
1393 1588 1527 1621 alicuius
1552 1600 1610 1621 vo-

897 1631 1003 1662 cabuli
1029 1642 1130 1664 nsum.
1167 1633 1223 1663 ΙΙΙ.
1247 1632 1302 1672 20,
1327 1630 1382 1665 47.

851 1676 950 1713 Quasi
973 1695 1016 1699 —
1040 1679 1094 1708 sic.
1131 1678 1153 1706 Ι.
1179 1676 1234 1715 30,
1260 1676 1313 1709 74.

851 1721 949 1758 Quasi
967 1730 1038 1751 vero
1059 1720 1191 1751 ironice.
1220 1720 1375 1759 1.2·.²,50.
1401 1739 1443 1745 —
1467 1722 1612 1765 iungun-

893 1771 947 1795 tur
966 1776 1037 1795 cnm
1060 1764 1269 1797 coniunctivo
1282 1769 1453 1805 praesentis
1469 1767 1520 1798 vel
1539 1778 1611 1808 per-

893 1811 973 1849 fecti.
1009 1809 1089 1841 lbid.

851 1855 925 1893 Que,
950 1858 988 1894 et,
1013 1857 1103 1895 atque
1124 1855 1186 1897 (ac)
1214 1854 1292 1897 qnid
1315 1854 1481 1887 differant.
1509 1857 1531 1887 Ι.
1553 1853 1608 1898 49,

893 1899 947 1929 95.

850 1945 914 1982 Que
939 1950 971 1974 et
994 1954 1112 1984 quoque
1135 1943 1167 1974 in
1201 1943 1298 1975 codd.
1324 1951 1518 1987 permutata.
1554 1946 1610 1978 IV.

897 1987 955 2027 13,
981 1988 1036 2021 31.
1072 1989 1110 2019 V.
1137 1991 1205 2020 Ser.

850 2034 925 2072 One,
950 2033 1163 2065 continuandi
1188 2033 1218 2065 vi
1243 2033 1369 2065 dictum
1394 2034 1526 2077 (porro).
1554 2035 1608 2065 111.

892 2077 925 2116 3,
950 2080 980 2110 5.

850 2123 934 2161 Que,
961 2122 1144 2165 explicandi
1170 2122 1201 2153 vi
1225 2122 1359 2154 dictum.
1405 2124 1427 2155 Ι.
1452 2122 1483 2160 2,
1510 2121 1541 2154 4.

850 2168 925 2207 Que,
943 2167 1120 2210 colligendi
1143 2167 1173 2198 vi
1188 2166 1311 2199 dictum
1336 2170 1381 2210 (uc
1395 2170 1508 2207 paucis
1527 2178 1608 2199 com-

892 2215 1031 2251 plectar,
1054 2213 1157 2250 kurzi.
1194 2213 1216 2243 1.
1241 2211 1294 2249 26,
1319 2210 1373 2244 64.

850 2258 925 2296 Que,
941 2257 1147 2288 adversativa
1167 2255 1196 2286 vi
1210 2255 1345 2286 dietum.
1372 2257 1396 2286 1.
1412 2255 1444 2294 2,
1458 2252 1507 2293 4.;
1531 2261 1608 2298 post

895 2302 1114 2343 negationem.
1164 2299 1246 2330 lbid.

850 2347 910 2383 Qui
933 2352 966 2376 et
990 2349 1077 2385 quis,
1110 2352 1163 2375 nt:
1200 2346 1276 2376 (leus
1297 2347 1350 2384 qui
1373 2351 1405 2375 et
1430 2346 1506 2376 deus
1528 2347 1606 2384 quis.

896 2391 934 2421 ΙΙ.
955 2390 1008 2428 27,
1034 2389 1088 2423 66.

851 2436 929 2475 Qui,
955 2444 1054 2474 qnae,
1077 2436 1160 2474 quod
1184 2434 1225 2464 ad
1248 2434 1404 2464 remotius
1425 2433 1608 2465 substanti-
1658 2432 1661 2435 ⁴

895 2491 970 2510 vum
990 2479 1172 2510 refewnd...
1205 2480 1228 2509 Ι.
1251 2478 1278 2509 1.
1303 2485 1386 2509 extr.
1409 2498 1451 2502 —
1478 2478 1530 2509 uni
1557 2478 1608 2510 vel

896 2524 1041 2567 pluribus
1064 2523 1252 2563 vocubulis,
1282 2535 1364 2565 qnae
1389 2534 1460 2554 cnm
1483 2522 1607 2554 maiore

898 2569 927 2599 vi
953 2568 1121 2600 cli'vrenda
1145 2574 1239 2605 sunt,
1275 2567 1471 2610 postposita.
1511 2569 1550 2598 ll.
1574 2567 1605 2604 4,

901 2612 948 2644 12.
985 2614 1039 2643 ΙΙΙ.
1067 2613 1123 2653 15,
1149 2612 1203 2644 32.
1263 2614 1322 2650 Qui
1349 2612 1465 2654 plurali
1490 2623 1606 2642 nnme—

896 2669 932 2689 ro
955 2658 1091 2688 relatum
1122 2657 1164 2688 ad
1191 2667 1308 2687 nomen
1340 2657 1511 2698 singularis
1548 2666 1605 2685 nu-

894 2703 984 2734 meri.
1024 2704 1077 2734 ΙΙΙ.
1107 2702 1167 2740 11,
1191 2701 1245 2733 25.
1305 2703 1390 2740 Quae
1414 2702 1524 2731 oblivio
1549 2710 1606 2740 per

894 2747 1126 2779 attractionem
1144 2758 1222 2790 pro:
1250 2746 1337 2778 cuins
1357 2745 1400 2775 rvi
1420 2743 1552 2773 oblivio.
1582 2744 1603 2774 Ι,

898 2792 948 2830 19,
972 2792 1026 2823 45.
1053 2793 1149 2823 Pron.
1167 2793 1273 2831 quiex
1295 2788 1501 2820 antecedenti
1526 2798 1605 2829 pro—

895 2836 1029 2869 nomine
1053 2836 1191 2868 relativo
1227 2833 1464 2880 repetendnm3
1484 2833 1523 2878 ῚΙ.
1549 2832 1603 2868 30,

894 2882 948 2914 72.
975 2883 1035 2921 Qui
1053 2893 1079 2913 c.
1097 2881 1181 2913 coni.
1200 2880 1240 2910 de
1261 2890 1382 2909 caussa.
1408 2879 1430 2908 1.
1451 2880 1506 2916 44,
1532 2875 1605 2909 107.

868 2928 957 2966 .Qui
980 2937 1006 2958 c.
1039 2925 1107 2957 ind.
1140 2932 1172 2956 et
1208 2923 1293 2955 coni.
1326 2928 1399 2964 post
1429 2923 1604 2961 quisquam.

895 2971 951 3005 1V.
971 2969 1028 3010 37,
1050 2970 1102 3004 79.
1141 2971 1199 3008 Qui
1222 2980 1249 3000 c.
1273 2966 1358 3000 coni.
1372 2992 1380 3008 ,
1404 2966 1479 3010 quia
1498 2966 1603 2998 refer·-
