1863 3221
215 127 295 172 166

790 130 954 164 LIBER
980 131 1004 163 1.
1028 127 1194 169 44‚107.

331 199 416 267 'Ipse
445 217 597 253 summis
625 215 735 251 sdoee's
753 212 867 262 fioeus
898 212 1045 261 asperis
1057 239 1067 256 ‚
1102 209 1341 256 evisceratas,

333 291 474 326 Latere
495 288 685 338 pendens,
718 287 818 322 saa-a
848 297 1032 334 spargens
1064 282 1152 320 tc'zbo
1169 311 1179 327 ‚
1213 284 1317 320 sanie
1346 289 1384 320 et
1409 285 1599 332 sanguine
1628 289 1725 319 alro-

218 360 309 401 Non
332 359 414 414 ipsa
435 372 534 399 saxa
559 356 683 411 magis
707 370 828 397 sensu
852 356 955 396 omni
981 355 1210 395 vacabunt2
1226 384 1237 403 ‚
1283 367 1394 407 quam
1425 354 1490 394 ille
1512 354 1651 394 latere
1669 365 1774 405 pen-

218 434 348 483 dens,
390 431 452 472 eui
487 445 529 471 se
561 430 623 470 hic
660 429 871 470 cruciatum
911 442 981 468 cen

218 506 250 546 si
282 504 469 546 sentiret!
504 503 609 544 nulla
639 503 723 543 sine
754 504 927 542 sensu4.

986 434 1047 468 set
1081 434 1230 481 optare.

1293 424 1455 479 Quam-⁹2
1490 432 1622 466 essent
1657 425 1767 473 dura,

988 499 1086 541 Illud
1116 514 1212 540 vero
1245 513 1428 554 perquam
1459 498 1602 538 inane:

357 580 488 630 Neque
516 579 751 628 sepulcrum,
786 577 856 627 quo
886 577 1066 625 recipiat,
1101 574 1255 619 habeat,
1285 580 1437 623 portum
1464 574 1646 623 eorporis,

383 633 393 645 ,

365 652 454 697 Ubi,
489 653 643 689 remissa
673 648 833 687 humana
863 651 960 693 vita,

222 723 367 774 Vides,
401 729 544 777 quanto
576 722 670 762 haec
702 722 739 761 in
773 734 907 761 errore
939 726 1160 760 versentur.

221 796 469 851 requiescere
499 796 538 835 in
569 795 748 849 sepulcro
780 801 886 847 putat
916 799 1124 832 mortuum.

221 884 298 909 nou
324 868 510 909 erudierit
535 868 650 909 filium
679 881 749 907 nee
775 867 972 915 docuerit,

309 974 331 1007 2
354 976 394 1008 V.
409 976 449 1006 D.
471 975 548 1006 Ern.
573 980 606 1005 et
628 973 693 1005 duo
706 976 786 1004 Oxx.
810 975 976 1005 vacabant.

222 1020 244 1053 3
269 1023 323 1051 Or.
348 1032 376 1051 c.
398 1030 464 1050 uno
495 1018 569 1050 cod.
594 1018 676 1049 Lall.
698 1027 778 1057 quae
811 1029 872 1059 pro
895 1026 1011 1056 quam;
1044 1027 1074 1046 v.
1103 1009 1185 1046 Adn.

224 1064 310 1096 Gud.
329 1063 357 1095 1.
386 1064 424 1095 11.
444 1063 476 1094 b.
499 1062 674 1105 multisque
696 1062 767 1093 aliis
793 1061 890 1093 codd.
916 1071 977 1103 pro

223 1136 293 1170 tur,
316 1132 474 1168 luxuriai‚·
499 1131 678 1169 fluctuatur,
703 1131 853 1169 {lucinam
877 1137 981 1159 assen-

222 1177 291 1214 tior,
316 1177 458 1206 assentio.
508 1174 555 1204 De
579 1174 686 1204 forma
703 1183 792 1213 poen.
819 1172 981 1203 cf.Davis.

222 1219 265 1251 ad
295 1220 398 1260 Legg.
423 1219 479 1248 111.
503 1215 535 1248 4.
569 1229 602 1259 p.
623 1217 700 1249 392.
731 1216 782 1247 ed.
806 1219 917 1247 Moser.
949 1221 982 1246 et

223 1266 354 1296 Ernestii
376 1262 464 1294 Clav.
484 1261 551 1292 Cic.
566 1273 595 1292 v.
609 1264 732 1300 punire.
768 1260 982 1291 indicativum

220 1310 417 1348 poeniuntur,
428 1317 524 1349 quem
547 1305 664 1348 optimi
681 1305 777 1337 codd.
793 1307 835 1348 (v.
848 1306 886 1337 V.
898 1304 981 1346 Ser.)

223 1358 378 1390 tuentur,
416 1353 547 1384 Orellius
580 1350 626 1382 ita
662 1350 823 1392 explicat:
860 1351 981 1388 ‚‚Tum‚

224 1408 323 1440 quum
346 1395 458 1434 vides,
495 1395 655 1426 ultionem
679 1394 800 1426 multos
832 1404 983 1425 exercere

223 1442 257 1472 in
281 1441 430 1472 inimicos
454 1439 553 1471 etiam
574 1446 732 1478 mortuos,
756 1445 793 1470 tu
814 1438 848 1470 id
872 1449 983 1470 curare

223 1485 292 1517 noli
325 1492 381 1517 aut
412 1484 653 1523 reformidare,
689 1495 730 1515 ne
761 1483 850 1515 idem
883 1483 915 1514 in
951 1489 984 1513 te

225 1530 400 1572 aliquando
418 1529 558 1560 fortasse
578 1529 651 1566 fiat3
676 1529 777 1560 immo
795 1539 982 1571 persuasum

226 1575 285 1607 tibi
309 1575 370 1614 sit,
407 1574 452 1605 nil
479 1574 657 1605 curandum
691 1585 761 1605 esse
784 1580 860 1616 post
892 1584 983 1604 mor-

227 1623 330 1651 tem.“
378 1619 440 1658 Qui
466 1618 659 1660 scripturam
682 1621 868 1659 poeniuntur
889 1629 982 1649 rece-

226 1670 356 1707 perunt,
379 1663 599 1696 coniunctioni
613 1674 708 1703 quum
728 1663 905 1694 caussalem
918 1662 983 1694 vim

228 1711 285 1752 (da
308 1709 397 1750 doch)
418 1708 585 1740 tribuunt:
611 1708 701 1751 quod
721 1708 825 1739 minus
848 1707 881 1739 iu
896 1707 983 1738 hunc

224 1755 331 1786 locum
356 1753 505 1796 quadrat.

296 1800 378 1839 Ipse]
406 1800 489 1828 Sunt
509 1796 669 1828 trochaici
689 1796 851 1828 octonarii
865 1797 926 1834 vel,
948 1803 983 1828 ut

227 1842 344 1874 Graeci
356 1842 534 1885 appellant,
546 1841 704 1873 trochaici
715 1841 899 1873 tetrametri
911 1853 984 1873 aca-

226 1887 356 1919 talecti:
383 1898 464 1929 quos
484 1886 607 1928 primus
630 1886 800 1917 constituit
819 1888 984 1918 Bentleius.

294 1933 397 1971 Quam
416 1935 512 1964 esseni
533 1933 616 1962 dura
635 1948 667 1953 -—
683 1933 771 1961 nulla
791 1933 856 1962 sine
877 1931 982 1973 sensu]

225 1977 268 2008 H.
293 1987 321 2007 e.
353 1976 454 2014 haec,
491 1987 574 2018 quae
609 1981 863 2006 commemorata
897 1981 983 2013 sunt,

227 2032 323 2064 quam
348 2027 458 2051 essent
480 2020 578 2056 dura,
604 2019 631 2050 si
655 2019 811 2056 sentiret;
837 2025 870 2050 at
894 2019 983 2050 nulla

227 2071 322 2102 sunt,
347 2063 374 2094 si
397 2075 464 2094 non
483 2063 595 2095 sentit.
645 2065 700 2095 Or.
721 2075 748 2094 c.
771 2063 858 2105 vulg.
880 2063 984 2094 edidit

225 2111 312 2141 nulla
336 2110 400 2140 sine
420 2117 509 2139 sensu
533 2112 641 2146 sunt,
665 2108 722 2138 Tr.
748 2119 765 2138 e
789 2108 872 2138 coni.
897 2110 985 2139 nulla

228 2156 325 2186 sunt
356 2154 420 2184 sine
451 2162 562 2192 sensu,·
600 2154 675 2183 Wes.
704 2153 774 2182 Em.
808 2153 848 2182 ΙΙ.
873 2164 904 2194 p.
918 2153 983 2189 32„

228 2196 382 2240 frigidam
405 2208 501 2239 qnam
521 2202 619 2228 vocat
638 2196 909 2227 exclamationem
932 2196 984 2227 vi·-

226 2248 373 2280 taturus,
408 2241 496 2272 hunc
515 2241 624 2272 locum
648 2240 695 2271 sic
714 2241 920 2272 scribendum
947 2252 984 2271 ac

228 2285 494 2327 distinguendum
524 2293 637 2328 putat:
685 2288 796 2324 Quae
821 2290 917 2317 esseni
940 2287 983 2325 d.,

229 2334 256 2365 si
271 2334 405 2370 sentiret,
431 2330 494 2373 (ea)
517 2333 605 2362 nulla
620 2334 691 2362 szmt
711 2333 775 2362 sine
789 2340 888 2362 sensu.
913 2331 983 2372 Ego

231 2388 257 2408 c.
281 2376 320 2406 D.
336 2400 344 2414 ,
370 2376 475 2414 Mos„
501 2375 557 2406 Kl.
582 2375 615 2406 in
638 2374 724 2406 Add.
744 2373 833 2417 p.54
845 2386 895 2417 sq.
921 2375 983 2406 de-

228 2420 294 2452 levi
317 2423 406 2458 suni,
441 2419 529 2462 quod
553 2431 571 2450 a
598 2419 744 2462 plurimis
771 2419 868 2451 codd.
892 2419 984 2462 opti—

227 2464 369 2506 misque,
405 2470 439 2494 nt
462 2465 497 2495 R.
521 2464 675 2503 Gud.1.‚
709 2464 814 2496 abest.
862 2465 984 2507 Negari

229 2508 361 2551 quidem
395 2519 459 2538 non
494 2515 627 2550 potest,
665 2509 799 2540 verbum
832 2513 903 2541 suni
926 2521 985 2552 per

229 2551 459 2594 compendium
499 2553 655 2595 scriptum
690 2553 788 2585 facile
821 2553 873 2585 vel
908 2561 984 2586 ante

228 2600 292 2630 sine
315 2596 366 2627 vel
388 2603 463 2638 post
483 2607 572 2628 sensu
595 2598 745 2629 excidere
759 2598 924 2641 potuisse3
950 2605 984 2630 at

229 2652 328 2685 quum
359 2651 424 2672 non
456 2640 562 2672 solum
592 2647 661 2673 suni
691 2643 799 2674 omitti
827 2643 982 2686 potuerit,

228 2685 286 2719 sed
308 2685 406 2716 etiam
426 2684 496 2715 sine
519 2685 584 2716 hoc
614 2687 715 2718 verbo
748 2688 854 2719 oratio
879 2689 983 2720 multo

228 2730 359 2773 gravior
380 2729 443 2768 sit,
479 2741 497 2760 a
519 2729 685 2761 codicibus.
709 2732 860 2764 standum
886 2733 983 2765 duxi·

228 2786 310 2807 mus.

295 2822 396 2860 Neque
413 2820 602 2860 sepulcrum]
630 2821 712 2850 Sunt
736 2820 832 2851 etiam
855 2822 886 2853 hi
910 2828 985 2853 tro-

230 2864 333 2896 chaici
357 2863 515 2896 octonarii
542 2863 735 2895 catalectici.

293 2920 352 2949 quo
373 2908 516 2951 recipiat]
542 2908 700 2940 Nonnulli
721 2908 794 2939 libri
817 2910 931 2952 scripti
951 2918 983 2942 et

229 2953 308 2986 editi
337 2953 451 2996 legunt
478 2955 646 2993 recipiatur
682 2959 794 2984 contra
828 2961 979 2986 metrum.

995 650 1130 697 corpas
1160 646 1373 697 requiescat
1400 646 1557 683 mahte-‘n

1220 717 1379 758 Portum
1411 732 1499 758 esse
1531 717 1706 771 eorporis
1738 724 1776 757 et

1186 790 1333 845 Magna
1362 791 1471 845 culpa
1496 789 1676 844 Pelopis,
1712 790 1774 845 qui

1007 872 1197 918 quatenus
1225 871 1331 905 esset
1356 864 1521 917 quidque
1546 864 1772 903 curandum.

1011 971 1049 1002 V.
1071 970 1112 1002 ad
1135 971 1162 1006 (ἵ.
1181 970 1262 1002 105:
1289 970 1442 1013 quamdiu
1465 970 1520 1002 ille
1540 972 1596 1002 erit
1619 968 1772 1000 Hector?

1242 1015 1263 1047 4
1287 1028 1317 1047 v.
1343 1015 1428 1046 Adu.
1484 1015 1504 1046 5
1529 1014 1582 1046 Sic
1607 1016 1660 1045 Or.
1685 1026 1712 1045 c.
1738 1014 1776 1044 R.

999 1059 1084 1102 vulg.
1112 1071 1131 1091 a
1155 1062 1258 1091 malis.

1017 1126 1071 1157 Sic
1094 1126 1213 1157 dicitur
1235 1130 1349 1158 vertere
1374 1137 1433 1168 pro
1458 1128 1544 1166 verli,
1569 1128 1690 1156 mutare
1713 1135 1774 1167 pro

1016 1174 1154 1210 mutari,
1191 1170 1344 1214 στρέφειν
1380 1182 1440 1213 pro
1477 1170 1701 1212 στρέφεσὶταις
1741 1171 1776 1200 Α.

1017 1217 1159 1247 Schouus
1173 1215 1316 1247 Nodorr.
1331 1215 1503 1247 Ciceronu.
1521 1216 1575 1252 lV,
1593 1213 1641 1246 16.
1658 1226 1689 1255 p.
1700 1213 1776 1246 387.

1018 1271 1035 1290 e
1059 1259 1174 1290 Plauto
1207 1260 1392 1302 complures
1416 1260 1506 1291 locos
1533 1258 1706 1295 excitavit,
1743 1257 1775 1290 in

1018 1304 1133 1347 quibus
1153 1307 1286 1344 recipere
1307 1304 1424 1336 eodem
1445 1304 1546 1335 modo
1567 1303 1691 1335 dictum
1714 1309 1775 1342 est,

1019 1356 1054 1380 ut
1078 1350 1213 1379 Mercat.
1238 1350 1276 1380 ll.
1301 1346 1332 1386 4,
1356 1349 1409 1381 30.
1438 1348 1588 1380 Bacchid.
1611 1350 1650 1379 ΙΙ.
1672 1348 1703 1383 ὃ,
1721 1346 1774 1378 60.

1020 1394 1173 1425 Ceterum
1197 1405 1274 1424 vere
1300 1393 1486 1425 observavit
1506 1395 1665 1431 Klotzius,
1690 1390 1776 1433 apud

1018 1438 1141 1480 probos
1165 1438 1293 1469 solutae
1314 1437 1471 1470 orationis
1493 1438 1672 1479 scriptores
1692 1436 1778 1466 huuc

1018 1482 1111 1514 huius
1136 1482 1226 1514 verbi
1259 1494 1350 1514 usum
1373 1493 1437 1514 non
1462 1481 1620 1524 reperiri,
1658 1480 1719 1511 nisi
1744 1480 1777 1511 in

1018 1527 1199 1569 gerundio,
1224 1527 1323 1570 idque
1343 1527 1376 1558 in
1399 1539 1434 1559 re
1458 1524 1590 1558 militari
1616 1525 1697 1569 (sich
1720 1536 1777 1556 zu-

1019 1572 1247 1612 riickziehen),
1284 1579 1319 1603 ut
1350 1572 1441 1604 Caes.
1467 1574 1501 1603 B.
1529 1572 1569 1602 G.
1595 1573 1619 1610 1,
1641 1569 1704 1602 425:
1744 1569 1777 1601 Si

1019 1627 1082 1659 quo
1114 1624 1183 1648 erat
1213 1617 1342 1659 longius
1364 1616 1609 1659 procedendum
1644 1621 1700 1646 aut
1722 1626 1778 1646 ce-

1018 1662 1115 1693 lerius
1138 1662 1362 1704 recipiendum
1387 1669 1464 1700 etc.‚
1491 1673 1598 1704 comp.
1619 1662 1780 1692 Forcellin.

1018 1707 1118 1739 Thes.
1144 1707 1182 1738 L.
1194 1708 1232 1738 L.
1255 1708 1294 1738 T.
1318 1708 1374 1738 111.
1398 1719 1430 1749 p.
1446 1706 1523 1739 b‘O-lr.
1548 1718 1578 1737 a.
1599 1704 1650 1736 ed.
1669 1704 1780 1736 Germ.

1018 1752 1109 1783 Infra
1132 1752 1189 1782 Ill.
1219 1750 1268 1791 19,
1288 1748 1341 1783 44.
1375 1753 1426 1793 (ex
1454 1751 1595 1791 Eunio)z
1632 1761 1696 1792 quo
1721 1761 1778 1780 ac-

1020 1795 1153 1828 cidam?
1189 1806 1248 1836 quo
1276 1798 1456 1836 applicem?
1504 1795 1645 1826 Omnino
1680 1794 1777 1825 verba

1018 1841 1142 1878 activa,
1168 1852 1250 1883 quae
1271 1841 1427 1872 movendi
1449 1840 1619 1872 notionem
1642 1839 1776 1877 habent,

1019 1897 1117 1927 saepe
1141 1885 1346 1917 intransitiva
1379 1885 1432 1916 vel
1463 1885 1614 1916 reflexiva
1646 1883 1773 1925 signifi—-

1019 1930 1150 1962 catione
1170 1937 1353 1972 ponuntur:
1375 1930 1465 1972 quod
1480 1929 1650 1961 cumulatis
1665 1940 1777 1959 exem——

1019 1975 1081 2016 plis
1102 1975 1324 2016 probaverunt
1350 1977 1470 2007 Curtius
1492 1974 1534 2006 ad
1549 1973 1679 2005 Sallust.
1700 1974 1776 2004 Exc.

1020 2021 1074 2050 VI.
1100 2019 1133 2050 in
1168 2020 1236 2061 lug.
1286 2021 1418 2050 vechner
1442 2018 1606 2050 Hellenol.
1632 2019 1653 2048 1.
1684 2017 1719 2055 1,
1743 2016 1775 2050 6.

1018 2063 1127 2106 ibique
1152 2066 1321 2104 Heusinger
1345 2069 1378 2093 et
1394 2065 1532 2096 Kritzius
1555 2064 1596 2094 ad
1612 2062 1689 2094 Sall.
1704 2063 1776 2093 Cat.

1021 2109 1074 2145 IV,
1101 2108 1131 2140 7.
1171 2108 1221 2139 Cf.
1242 2119 1300 2138 uos
1323 2107 1356 2138 iu
1379 2108 1434 2138 Gr.
1459 2109 1497 2140 L.
1518 2108 1634 2147 §.10:3,
1659 2109 1690 2138 2.
1730 2108 1777 2138 De

1022 2153 1147 2183 Graeca
1168 2152 1278 2193 lingua
1311 2164 1340 2182 v.
1368 2163 1427 2182 nos
1451 2152 1482 2183 in
1508 2153 1565 2184 Gr.
1590 2153 1647 2184 Gr.
1670 2153 1710 2183 Τ.
1735 2153 1773 2183 Π.

1021 2199 1048 2240 §.
1063 2198 1136 2229 53¹3.
1184 2197 1253 2238 (Gr.
1276 2196 1380 2226 schol.
1406 2198 1433 2236 ξ.
1449 2195 1525 2233 ⁴:49,
1552 2197 1594 2237 l.)

1086 2245 1201 2280 quanto
1235 2243 1308 2272 haec
1332 2258 1374 2263 -—
1398 2243 1568 2282 versentur]
1608 2242 1780 2273 Lambinus

1020 2285 1060 2316 (le
1085 2287 1219 2317 Manulii
1241 2284 1426 2326 suspicione
1451 2284 1549 2327 legit:
1576 2287 1624 2316 hic
1646 2304 1689 2308 —
1708 2295 1776 2316 ver-

1017 2334 1117 2370 seturg
1152 2329 1278 2361 scilicet
1309 2341 1350 2360 ne
1375 2329 1479 2360 oratio
1504 2343 1522 2361 a
1547 2341 1688 2372 persona
1714 2329 1775 2360 de-

1019 2375 1129 2406 flectat
1163 2375 1204 2405 ad
1239 2375 1337 2405 verba
1372 2381 1405 2404 et
1430 2386 1536 2405 rursus
1561 2387 1579 2405 a
1603 2375 1710 2405 verbis
1734 2374 1776 2406 ad

1018 2431 1202 2462 personam.
1254 2424 1293 2450 At
1317 2419 1348 2450 in
1384 2419 1446 2450 hac
1478 2419 1546 2462 ipsa
1581 2419 1776 2450 transitione

1017 2476 1134 2506 magna
1168 2464 1327 2507 quaedam
1371 2464 1582 2506 pulchritudo
1626 2464 1711 2495 inest
1745 2471 1777 2495 et

1018 2509 1058 2540 ab
1083 2509 1330 2550 elegantissimis
1353 2509 1566 2550 scriptoribus
1582 2508 1777 2539 creberrime

1019 2560 1201 2597 usurpatur.
1252 2553 1323 2585 Pari
1343 2553 1442 2584 modo
1466 2555 1504 2584 N.
1526 2555 1562 2584 D.
1585 2554 1643 2589 Ill,
1669 2554 1722 2584 10:
1748 2555 1775 2585 is

1017 2599 1117 2641 igitur
1136 2618 1179 2627 .--
1200 2598 1305 2641 inquit
1328 2604 1404 2628 cett.
1428 2600 1502 2629 haec
1526 2599 1629 2628 omnia
1654 2597 1686 2627 in
1712 2608 1771 2628 eo-

1018 2644 1092 2675 dem
1117 2663 1159 2668 —
1185 2655 1295 2674 errore
1320 2649 1499 2673 versantur.
1549 2642 1587 2672 V.
1616 2643 1774 2681 Wopkens.

1021 2690 1129 2720 Lectt.
1154 2688 1240 2720 Tull.
1267 2689 1289 2725 l,
1315 2686 1346 2718 9.
1373 2698 1404 2728 p.
1427 2687 1478 2719 77.
1507 2686 1548 2717 H.

1086 2735 1203 2773 Mayna
1222 2734 1314 2771 culpa
1336 2733 1477 2770 Pelopis,
1501 2733 1553 2770 qui
1573 2740 1634 2762 non
1655 2733 1774 2763 erudie-

1018 2781 1058 2810 rit
1073 2797 1117 2801 —
1130 2788 1184 2809 nec
1205 2777 1354 2816 docuerit]
1379 2777 1478 2807 Moser
1502 2775 1633 2806 confert
1650 2776 1693 2806 ad
1709 2776 1773 2807 Fa-

1018 2823 1084 2854 mil.
1110 2824 1141 2860 1,
1160 2821 1197 2854 9:
1232 2827 1378 2852 nostrum
1402 2820 1571 2851 consilium
1597 2839 1634 2844 —-
1657 2823 1710 2861 qui
1730 2838 1773 2845 -

1016 2869 1177 2899 noluerim.
1225 2866 1326 2907 Legg.
1352 2866 1408 2896 ΙΙΙ.
1430 2864 1471 2896 9.-
1509 2865 1618 2905 Sulla‚
1653 2868 1706 2906 qui
1729 2884 1771 2888 —

1018 2913 1166 2943 ademerit
1188 2930 1230 2935 ——
1249 2911 1412 2949 reliquerit.
1447 2920 1508 2951 pro
1530 2910 1627 2941 Arch.
1653 2912 1710 2943 10:
1746 2911 1772 2940 O

1018 2975 1060 2979 —
1084 2956 1289 2994 adolescens,
1313 2957 1366 2993 qui
1385 2973 1427 2977 -—
1442 2956 1602 2987 inveneris.
1652 2955 1690 2986 V.
1713 2965 1772 2986 nos
