1832 3137
639 99 800 132 Linea
832 98 1036 141 11.25,60.
1538 93 1616 137 237

58 183 216 231 ceperat
254 176 507 218 servientem.
572 176 681 218 Haec
714 185 804 219 sunt
833 179 994 230 solatia,
1040 179 1135 220 haec
1174 180 1341 220 fomenta
1381 195 1617 223 summorum

55 249 246 290 dolorum.

164 321 308 364 XXV.
371 328 440 363 60.
488 321 631 373 Dices,
666 323 755 377 quid
786 323 824 363 in
852 326 975 378 pace?
1006 326 1094 378 quid
1119 326 1249 367 domi?
1279 327 1368 382 quid
1390 327 1429 368 in
1450 327 1619 368 lectulo?

57 395 118 436 Ad
137 395 385 451 philosophos
405 410 463 436 me
482 410 662 446 revocas,
698 396 760 449 qui
782 395 819 436 in
842 396 963 436 aciem
984 412 1060 438 non
1079 413 1194 454 saepe
1213 401 1418 455 prodeunt.
1480 400 1515 441 E
1534 402 1618 456 qui-

55 469 127 509 bus
153 468 267 510 homo
291 483 386 510 sane
406 469 528 520 levis,
562 469 821 510 Heracleotes
843 467 1086 525 Dionysius,
1121 487 1235 526 quum
1263 488 1285 515 a
1310 473 1475 515 Zenone
1505 476 1617 517 fortis

55 556 144 583 esse
168 542 392 594 didicisset,
437 557 457 583 a
485 544 619 583 dolore
639 543 661 568 *
686 543 931 583 dedoctus*1
960 550 1034 583 est.
1098 544 1202 585 Nam
1230 561 1345 600 quum
1374 561 1427 588 ex
1458 549 1618 590 renibus

55 616 266 666 laboraret,
290 616 372 670 ipso
394 616 431 656 in
451 616 596 656 eiulatu
618 615 855 666 clamitabat,
892 615 989 656 falsa
1011 629 1100 657 esse
1121 618 1202 668 illa,
1228 634 1326 672 quae
1347 627 1461 662 antea
1485 622 1530 662 de
1552 623 1619 663 do-

559 687 685 741 Qucm
721 703 836 742 quum
869 686 1083 730 Cleanthes
1120 691 1406 746 condiscipulus
1443 702 1615 748 rogaret,

57 775 246 816 quaenam
264 762 364 802 ratio
383 775 468 802 eum
488 762 534 801 de
555 761 750 801 sententia
767 762 1010 813 deduxisset,
1036 764 1258 817 respondit:
1293 764 1449 819 „Quia,
1475 770 1616 820 quum²

55 690 138 730 lore
169 689 253 744 ipse
288 689 494 730 sensisset.

56 842 203 876 tantum
231 848 374 890 operae
396 834 660 889 philosophiae
683 835 900 886 dedissem,
935 836 1107 876 dolorem
1136 843 1265 878 tamen
1293 838 1396 879 ferre
1425 854 1502 880 non
1530 855 1619 895 pos-

55 921 164 959 sem,
198 907 294 948 satis
319 914 425 948 esset
450 908 694 962 argumenti,
736 909 877 949 malum
904 923 993 949 esse
1017 910 1205 951 dolorem.

1267 909 1463 953 Plurimos
1490 920 1618 954 autem

55 995 179 1022 annos
208 982 246 1022 in
278 981 520 1036 philosophia
548 982 771 1037 consumpsi
806 996 876 1023 nec
901 984 1006 1023 serre
1027 997 1206 1038 possum,
1248 984 1389 1025 malum
1417 993 1477 1026 est
1501 986 1621 1040 igitur

144 1089 257 1121 XXV.
307 1088 322 1120 1
350 1099 380 1121 v.
407 1087 492 1120 Adn.
538 1087 560 1120 2
584 1089 621 1120 R.
634 1089 670 1120 P.
687 1088 772 1121 Gud.
789 1088 818 1121 1.
845 1090 886 1120 Il.
911 1100 992 1120 unus
1008 1091 1067 1121 Ox.
1083 1092 1136 1130 qui
1157 1100 1273 1130 quum;
1296 1093 1371 1130 quid
1392 1101 1462 1123 cum
1481 1093 1572 1126 Mon.
1590 1093 1619 1126 l.

55 1134 93 1166 V.
116 1133 201 1165 Adn.

123 1201 152 1244 ξ.
167 1198 219 1233 59.
243 1202 323 1232 Num
337 1204 401 1232 tum
423 1202 506 1243 ete]
533 1204 568 1233 D.
594 1213 611 1233 e
631 1200 715 1233 coni.
737 1204 819 1234 Num

55 1249 99 1285 tu,
125 1245 196 1276 sine
221 1245 285 1276 ulla
306 1245 426 1277 idonea
450 1257 582 1283 caussa,
609 1258 684 1277 nam
707 1244 818 1288 ὁμοιο-

54 1289 204 1323 τέλευτον
237 1300 313 1322 num
337 1294 402 1322 lum
430 1291 592 1322 neminem
627 1291 817 1330 offenderit,

54 1334 81 1365 si
104 1334 302 1376 inspexerit,
339 1346 421 1377 quae
454 1335 496 1366 ad
521 1337 545 1366 Ι.
571 1335 626 1373 37,
652 1336 705 1368 90.
733 1342 815 1369 extr.

54 1379 262 1411 contulimus.
314 1380 355 1410 Et
388 1391 465 1411 vero
495 1384 559 1412 lum
592 1392 664 1412 cum
695 1380 726 1411 vi
761 1379 815 1411 di-

54 1430 141 1455 ctum
174 1430 223 1455 est
239 1449 247 1465 ‚
285 1423 333 1455 uti
355 1431 445 1455 recte
468 1424 596 1456 monuit
621 1427 758 1457 Klotzius
781 1424 814 1456 in

53 1468 139 1500 Add.
170 1480 202 1511 p.
224 1469 317 1509 109„
355 1480 453 1512 quum
483 1477 598 1501 contra
629 1473 662 1502 Iu
691 1470 814 1501 nullam

53 1513 173 1546 habeat
196 1513 274 1546 vim.

129 1572 334 1610 imperantem
358 1589 400 1593 —
423 1570 626 1613 servientem]
661 1570 821 1613 Expende

56 1614 241 1657 elegantem
263 1615 440 1647 verborum
466 1615 731 1648 collocationem.
778 1617 818 1648 V.

54 1659 97 1691 ad
122 1662 162 1691 11.
186 1658 224 1699 4,
253 1661 304 1692 11.

133 1716 282 1759 [omenta]
321 1715 391 1748 Fin.
424 1717 463 1749 Il.
489 1716 554 1758 29,
578 1716 638 1749 95:
677 1716 819 1756 virtutis,

55 1761 288 1803 magnitudinis
311 1761 429 1800 animi,
455 1761 651 1804 patientiae,
679 1762 818 1794 fortitu-

54 1806 140 1837 dinis
164 1808 306 1846 fomentis
330 1806 427 1838 dolor
449 1806 593 1848 mitigari
617 1807 714 1838 solet.

124 1862 202 1893 CAP.
218 1863 330 1893 XXV.
358 1863 386 1905 §.
403 1862 457 1895 60.
492 1865 638 1894 dedoctus
662 1863 717 1906 est]
743 1862 818 1894 Scil.

56 1907 153 1939 fortis
175 1919 255 1938 esse.
304 1907 394 1938 Haec
415 1914 465 1938 est
487 1907 673 1938 acutissima
694 1910 822 1939 Bentleii

56 1952 254 1983 emendatio.
284 1951 392 1993 Vulgo
412 1952 582 1994 legebatur
600 1955 749 1984 deductus
767 1956 820 1991 est,

56 1997 144 2039 quod
169 1996 201 2027 in
225 1996 374 2027 omnibus
397 1997 493 2028 codd.
518 1996 647 2038 legitur,
673 1997 819 2040 exceptis

58 2041 169 2084 paucis
187 2041 378 2084 qnilmsdam
399 2041 627 2081 deterioribus,
652 2042 707 2085 qui
726 2042 820 2084 glos-

55 2092 179 2117 semata
207 2088 336 2126 ductus,
360 2089 494 2125 evictus,
519 2089 664 2119 diductus
686 2092 727 2119 est
757 2086 820 2118 ha-

59 2131 146 2163 bent.
184 2131 296 2162 Paullo
314 2138 389 2173 post
406 2131 537 2173 quidem
555 2131 688 2174 legitur:
715 2143 819 2174 quae—

55 2187 130 2207 nam
154 2175 238 2207 ratio
264 2187 336 2206 eum
361 2175 401 2206 de
425 2177 587 2208 sententia
621 2179 820 2216 deduxisset5

55 2220 114 2252 sed
137 2220 169 2252 h.
193 2220 213 2251 l.
247 2220 382 2252 verbum
416 2223 565 2253 deductus
589 2226 632 2253 est
662 2222 819 2253 insulsum

56 2271 115 2297 est.
156 2265 279 2297 Contra
299 2266 434 2297 verbum
453 2268 599 2298 dedoctus
619 2270 662 2298 est
682 2266 817 2309 elegan-

54 2310 180 2341 tissime
204 2310 384 2352 opponitur
408 2310 621 2352 praecedenti
652 2313 819 2344 didicisset.

57 2355 217 2397 Apposite
241 2366 258 2385 a
283 2357 418 2387 Bentleio
441 2355 594 2387 laudatur
619 2356 723 2388 Cicer.
745 2357 816 2387 Fin.

58 2401 82 2429 l.
106 2399 139 2439 6,
164 2400 225 2431 2οῑ
251 2398 277 2429 si
301 2411 319 2430 a
342 2399 508 2441 Polyaeno
530 2401 743 2441 geometriam
769 2403 819 2432 di-

56 2453 137 2475 scere
158 2443 337 2483 maluisset,
366 2454 461 2485 quam
483 2443 572 2475 illam
592 2445 689 2476 etiam
711 2445 817 2488 ipsum

57 2490 213 2520 dedocere.
262 2488 312 2520 cf.
341 2488 422 2519 Plat.
450 2489 549 2530 Hipp.
576 2489 652 2520 Mai.
684 2501 716 2532 p.
740 2491 815 2522 301.

58 2534 106 2564 D:
140 2534 195 2566 νῦν
229 2531 267 2566 δὲ
290 2531 380 2574 παρὰ
413 2534 471 2566 σοῦ
506 2531 575 2575 ιἤδη
611 2530 820 2567 ἀνεδιδά-

57 2578 142 2621 χῖδη
157 2589 242 2620 μεν.
294 2578 397 2609 Etiam
414 2580 553 2610 Klotzius
573 2590 659 2609 nunc
679 2578 710 2609 in
735 2579 818 2609 Add.

58 2634 90 2664 p.
110 2623 180 2656 110.
206 2622 427 2654 Bentleianam
451 2623 672 2654 coniecturam
694 2623 819 2665 ample-

58 2673 162 2699 xatur.

125 2732 162 2754 επ
183 2725 319 2765 renibus]
347 2723 460 2756 Cicero
483 2723 515 2756 h.
531 2724 550 2756 l.
578 2730 610 2755 et
634 2723 674 2754 ab
695 2722 766 2754 aliis
789 2729 822 2754 et

60 2776 79 2796 a
99 2777 133 2797 se
154 2766 225 2809 ipso
248 2768 420 2807 dissentit,
451 2769 496 2800 uti
518 2775 608 2801 recte
634 2768 732 2799 (locet
753 2770 817 2800 Pei.

64 2812 230 2851 Victorius3
254 2824 328 2844 nam
356 2814 424 2845 Fin.
446 2815 485 2845 V.
506 2813 543 2847 31
561 2839 568 2852 ,
593 2811 647 2845 94.
667 2813 732 2844 ait:
758 2815 818 2844 No-

60 2856 106 2885 bis
126 2857 314 2890 Heracleotes
336 2861 387 2890 ille
406 2860 572 2898 Dionysius
593 2860 744 2898 flagitiose
765 2859 817 2889 de-

56 2900 181 2931 scivisse
199 2902 319 2934 videtur
338 2913 358 2934 a
383 2905 494 2935 Stoicis
515 2907 639 2942 propter
660 2904 815 2934 oculorum

58 2944 203 2975 dolorem.
261 2946 311 2977 Cs.
345 2947 456 2979 Laert.
491 2948 535 2990 (in
569 2947 714 2987 Zenone)
742 2948 813 2979 VH.

853 1201 882 1244 §-
896 1200 949 1234 37.
973 1203 1000 1245 ᾗ.
1020 1200 1090 1234 166.
1127 1201 1222 1233 Adde
1241 1206 1385 1235 Goerenz.
1407 1204 1450 1236 ad
1465 1205 1618 1237 Acadcm.

853 1247 894 1278 Π.
917 1246 980 1284 22,
1007 1246 1058 1279 71.
1090 1258 1121 1288 p.
1143 1247 1214 1279 133.

918 1292 1020 1329 Quia,
1057 1293 1166 1331 quum]
1204 1294 1357 1325 Bentleius
1390 1293 1477 1325 hunc
1508 1294 1618 1326 locum

850 1334 898 1366 sic
937 1335 1165 1377 corrigendum
1205 1337 1404 1369 arbitratur:
1450 1341 1620 1379 respondit,

852 1381 1032 1419 Quicunque
1052 1399 1095 1403 —
1117 1382 1270 1421 dedisset,
1298 1384 1432 1414 dolorem
1453 1387 1556 1416 tamen
1575 1403 1620 1408 —

848 1428 960 1464 posset,
983 1427 1061 1456 satis
1081 1429 1156 1456 esset
1177 1431 1238 1458 etc.
1288 1429 1333 1457 At
1349 1427 1430 1458 nihil
1448 1428 1524 1460 loco
1543 1440 1619 1460 mo-

854 1468 1009 1501 vendum.
1057 1469 1191 1501 Scilicet
1223 1476 1300 1502 ante
1329 1482 1444 1503 vocem
1469 1474 1552 1512 Quia
1580 1483 1619 1504 ex

854 1513 1126 1546 antecedentibus
1164 1515 1264 1546 verba
1301 1517 1482 1558 repetenda
1519 1525 1617 1549 sunt:

854 1561 929 1591 haec
951 1561 1033 1591 ratio
1059 1569 1106 1591 me
1140 1561 1177 1591 de
1210 1563 1359 1593 sententia
1391 1564 1541 1603 deduxit,
1573 1562 1620 1595 ita

855 1604 1007 1646 quidem,
1046 1611 1081 1635 ut
1114 1605 1205 1636 locus
1236 1605 1283 1636 sic
1316 1606 1526 1649 accipiendus
1557 1608 1616 1639 sit:

855 1649 1033 1692 Dionysius
1057 1650 1251 1692 respondit:
1285 1651 1376 1682 Haec
1398 1652 1482 1684 ratio
1503 1664 1555 1684 me
1577 1653 1619 1684 de

855 1694 1019 1725 sententia
1043 1694 1200 1733 deduxit,
1238 1696 1332 1738 quia,
1367 1708 1466 1739 quum
1490 1704 1618 1729 tantum

856 1750 975 1781 operae
1006 1739 1237 1782 philosophiae
1268 1740 1432 1773 dedissem
1461 1750 1494 1774 et
1518 1743 1619 1775 dolo-

854 1795 924 1816 rem
947 1790 1057 1815 tamen
1084 1785 1170 1816 ferre
1195 1796 1260 1816 non
1294 1797 1446 1827 possem,
1481 1787 1516 1818 id
1539 1788 1618 1819 satis

855 1835 942 1860 esset
966 1829 1168 1871 argumenti,
1205 1829 1325 1861 malum
1359 1843 1430 1862 esse
1455 1832 1618 1864 dolorem.

855 1875 903 1905 Ex
925 1874 986 1905 hac
1008 1874 1136 1905 ratione
1158 1878 1261 1906 tamen
1283 1886 1344 1917 pro
1374 1880 1400 1907 et
1424 1880 1528 1908 tamen
1552 1888 1618 1919 po—

854 1918 952 1949 situm
973 1924 1041 1956 est,
1067 1925 1102 1950 ut
1126 1918 1197 1950 Fin.
1220 1920 1259 1951 V.
1280 1920 1343 1960 32,
1369 1920 1430 1952 95:
1456 1921 1526 1960 „ibi
1549 1933 1619 1953 esse

855 1963 983 1994 miseria
1009 1970 1041 1994 et
1066 1975 1221 1995 aerumna
1254 1975 1320 1996 non
1354 1965 1479 2008 possit,
1517 1970 1620 1999 lamen

854 2008 949 2039 labor
972 2008 1122 2051 possit,“
1151 2020 1336 2051 quanquam
1358 2010 1452 2042 huius
1474 2010 1538 2042 loci
1563 2023 1620 2043 ra-

853 2053 903 2084 tio
930 2053 972 2084 ob
997 2053 1252 2095 geminationem
1280 2054 1370 2086 verbi
1409 2057 1482 2097 (non
1512 2059 1620 2095 possit,

851 2098 961 2138 possit)
986 2104 1018 2129 et
1039 2098 1283 2140 oppositionem
1304 2099 1489 2142 negationis
1509 2108 1542 2131 et
1562 2102 1619 2132 af-

854 2142 1048 2174 firmationis
1065 2155 1130 2174 non
1145 2143 1243 2185 plane
1263 2156 1323 2186 par
1341 2152 1407 2183 est3
1433 2156 1462 2176 v.
1479 2148 1618 2186 Madcigs.

855 2187 897 2219 ad
932 2187 964 2219 h.
989 2187 1011 2218 l.
1073 2188 1224 2219 Ceterum
1260 2189 1344 2221 duae
1379 2189 1616 2229 conclusiones,

854 2232 992 2264 eandem
1016 2232 1091 2264 illae
1118 2233 1250 2276 quidem
1280 2234 1477 2266 sententiam
1508 2235 1619 2266 conti-

854 2284 982 2318 nentes,
1007 2277 1065 2308 sed
1089 2277 1136 2308 dii
1147 2278 1226 2309 ersis
1248 2290 1318 2309 eam
1342 2279 1448 2310 modis
1472 2279 1619 2311 afferen-

853 2328 914 2361 tes,
941 2322 1115 2353 offensioni
1138 2334 1209 2353 esse
1232 2334 1297 2354 non
1320 2329 1467 2365 possunt.
1507 2323 1618 2356 Priora

852 2366 938 2398 enim
960 2367 1078 2398 verba:
1107 2369 1189 2405 Quia
1205 2386 1247 2391 —
1263 2370 1381 2399 malum
1402 2377 1465 2400 esse
1483 2370 1620 2400 dolorem

853 2411 1028 2443 referenda
1063 2417 1139 2442 sunt
1172 2411 1213 2442 ad
1247 2411 1329 2443 illud
1364 2419 1514 2455 tempus,
1553 2424 1618 2456 quo

855 2456 1030 2499 Dionysius
1054 2455 1176 2487 doloris
1200 2456 1231 2487 vi
1254 2464 1422 2498 permotus
1454 2458 1539 2489 hanc
1561 2470 1617 2490 ra·-

855 2501 981 2532 tionem
1004 2500 1164 2531 conclusit
1188 2502 1451 2545 sententiamque
1474 2503 1619 2545 priorem

855 2544 1013 2582 mutavit,
1039 2544 1223 2586 posteriora
1246 2546 1364 2578 verba:
1387 2550 1540 2587 plurimos
1560 2559 1618 2580 αῑι-

857 2591 1101 2621 tem—malum
1122 2593 1163 2621 esl
1187 2593 1280 2630 igilur
1300 2593 1389 2624 dolor
1409 2592 1450 2623 ad
1474 2592 1507 2624 id
1531 2600 1618 2624 tem-

858 2645 916 2676 pus
932 2658 940 2674 ,
986 2645 1050 2676 quo
1087 2634 1261 2677 Dionysius
1294 2648 1385 2668 suam
1422 2637 1463 2668 de
1501 2637 1618 2669 dolore

856 2679 1052 2710 sententiam
1076 2686 1108 2711 et
1136 2691 1196 2722 qua
1221 2680 1262 2711 ad
1292 2692 1363 2712 eam
1391 2681 1551 2713 adductus
1575 2683 1617 2713 sit

856 2722 1016 2754 rationem
1063 2736 1134 2755 cum
1183 2724 1341 2758 Cleanthe
1386 2727 1615 2759 communicat.

856 2770 1035 2809 illuduiyius
1056 2769 1097 2800 ad
1119 2769 1190 2801 Fin.
1215 2771 1253 2803 V.
1276 2770 1338 2810 51,
1365 2769 1417 2804 94.
1441 2771 1616 2813 legendum

855 2819 984 2844 censet:
1011 2815 1112 2853 Quia,
1136 2817 1192 2853 si,
1216 2826 1311 2855 quum
1331 2822 1414 2852 etc.;
1449 2815 1535 2857 quod
1560 2826 1615 2846 re-

854 2857 950 2935 ceplit.
971 2860 1123 2898 Tregder,
1156 2860 1309 2902 probarit
1337 2862 1468 2892 lt'esenb.
1497 2861 1565 2890 Em.
1590 2861 1614 2890 Ι.

851 2913 883 2945 p.
937 2917 960 2936 a.
