1863 3221
245 113 322 155 192

240 203 304 241 det
327 208 400 240 tam
426 199 503 238 cito
528 199 574 238 de
594 197 788 238 sententia
810 209 899 236 esse
921 195 1127 235 deiectum.
1183 194 1246 236 M.
1274 193 1405 250 Magis
1430 201 1537 236 esset
1559 194 1791 249 pudendum,

828 117 990 149 Lmen
1015 118 1056 149 11.
1080 116 1121 156 5,
1149 117 1200 148 15.

239 274 273 312 si
295 274 333 313 in
357 271 548 312 sententia
572 283 837 324 permaneres.
901 266 1004 321 Quid
1029 269 1129 308 enim
1155 267 1280 308 minus
1301 275 1361 308 est
1386 269 1558 322 dignum,
1592 281 1704 320 quam
1726 266 1793 307 tibi

241 346 350 400 peius
366 344 568 398 quicquam
586 341 711 382 videri
731 342 937 392 dedecore,
960 341 1119 395 flagitio,
1142 340 1406 395 turpitudine?
1435 354 1531 394 quae
1554 347 1596 380 ut.
1613 339 1793 393 effugias,

240 419 325 472 quis
346 425 405 458 est
428 431 505 457 non
527 416 640 456 modo
661 415 951 466 recusandus2‚
972 415 1038 454 sed
1063 429 1140 454 non
1164 414 1263 453 ultro
1279 414 1533 468 appetendus,
1555 412 1793 463 subeundus,

240 491 495 545 excipiendus
516 489 651 529 dolor?
688 488 741 528 A.
775 486 831 528 Ita
855 502 1015 542 prorsus
1040 487 1240 527 existimo.
1287 484 1420 539 Quare
1445 500 1492 526 ne
1511 486 1561 525 sit
1578 498 1672 525 sane
1693 498 1797 524 sum-

240 579 341 604 mum
363 564 503 603 malum
524 562 656 613 dolor3
690 562 830 602 malum
859 568 965 601 certe
986 568 1060 600 est.
1124 560 1188 600 M.
1221 559 1396 600 Videsne
1420 559 1560 613 igitur,
1595 564 1795 611 quantum,

238 637 412 678 breviter
428 636 663 686 admonitus,
686 636 732 675 de
754 635 897 674 doloris
919 642 1067 674 terrore
1089 633 1308 673 deieceris?
1341 636 1407 672 15.
1441 632 1495 672 A.
1518 630 1645 672 Video
1659 630 1795 684 plane3

240 711 307 751 sed
334 711 417 765 plus
437 709 632 750 desidero,
676 708 739 749 M.
768 707 966 762 Experiar
982 706 1187 761 equidem?
1217 706 1285 746 sed
1306 719 1443 759 magna
1468 718 1531 745 res
1552 711 1626 755 est,
1652 703 1798 743 animo-

242 797 315 837 que
336 783 427 823 mihi
450 796 545 837 opus
567 788 628 822 est
648 795 722 821 non
745 788 1000 835 repugnante.

1064 779 1116 819 A.
1142 778 1316 819 Habebis
1335 779 1371 818 id
1395 778 1562 832 quidem.
1623 775 1676 817 Ut
1696 775 1795 816 enim

241 856 322 897 heri
350 855 446 905 feci,
479 856 534 896 sic
561 869 662 895 nunc
686 854 902 905 rationem,
937 868 1011 907 quo
1037 867 1081 893 ea
1111 867 1170 892 me
1203 866 1353 906 cunque
1384 851 1518 899 ducet,
1553 863 1710 903 sequar.

329 962 352 995 2
376 962 430 994 Sic
449 964 503 993 Or.
523 973 549 993 c.
567 962 604 992 R.
629 960 714 992 Gud.
729 960 757 991 1.
784 961 823 990 Π.
844 959 875 991 b.
897 958 1053 1002 aliisque3
1079 969 1139 991 ηοη
1162 960 1253 990 modo
1274 969 1335 990 non
1357 967 1430 997 rec„
1454 959 1508 989 sed
1529 967 1590 988 non
1611 958 1691 987 ultro
1710 954 1796 986 Pith.

241 1008 383 1052 quinque
408 1006 487 1038 Pall.
509 1006 627 1048 aliique
651 1012 684 1036 et
707 1016 830 1047 paucae
855 1003 930 1034 edd.
955 1010 1056 1041 vett.;
1092 1014 1152 1035 non
1183 1005 1273 1035 modo
1306 1013 1367 1034 non
1387 1012 1467 1041 νεα,
1500 1003 1553 1033 sed
1575 1003 1655 1032 ultro
1678 999 1799 1031 multae

241 1053 317 1084 edd.
342 1058 422 1083 vett.
448 1057 481 1082 et
505 1050 601 1093 pauci
627 1049 723 1081 codd.
770 1050 809 1081 V.
836 1048 920 1079 Adn.

240 1130 307 1150 non
329 1118 407 1150 satis
431 1117 551 1148 idonea
573 1116 704 1147 videtur
725 1127 848 1148 caussa.
895 1116 935 1146 V.
960 1115 1002 1146 ad

241 1165 298 1195 111.
325 1163 384 1201 19,
410 1161 463 1194 46.

307 1210 345 1239 de
368 1209 514 1239 sementia
538 1217 600 1238 esse
632 1208 795 1248 deiectum]
833 1205 925 1236 Haec
949 1205 1003 1236 di-

241 1253 336 1285 cendi
360 1251 500 1283 formula
532 1258 660 1293 sumpta
686 1264 702 1282 e
728 1251 890 1294 palaestra
911 1250 962 1281 vel
986 1261 1004 1280 e

239 1298 459 1340 gladiatorum
485 1296 575 1334 ludo,
601 1296 654 1338 qui
680 1295 831 1327 dicuntur
855 1294 895 1325 de
915 1301 1003 1326 statu

241 1343 294 1374 vel
318 1341 419 1385 gradu
443 1341 550 1372 deiici.
600 1342 725 1372 Gradus
749 1341 835 1371 enim
865 1346 914 1370 est
938 1351 1001 1381 po-

240 1388 322 1419 situs
346 1388 455 1418 firmus
481 1397 520 1416 ac
541 1385 687 1423 stabilis,
723 1385 776 1427 qni
795 1385 893 1416 etiam
917 1384 1003 1415 dici—

241 1440 295 1463 tur
316 1436 414 1463 stolus
438 1430 504 1473 <die
526 1430 665 1470 Positur‚
691 1430 849 1471 Stellung‚
877 1429 921 1460 cf.
949 1431 1002 1460 Or.

241 1477 295 1514 37,
317 1477 395 1508 129:
421 1485 540 1516 magno
557 1486 687 1516 semper
703 1475 748 1505 nsi
766 1474 889 1516 impetu
903 1484 1002 1515 saepe

241 1520 444 1552 adversarios
466 1522 503 1550 de
523 1523 605 1550 slolu
630 1519 716 1550 omni
741 1519 929 1550 deiecimus,
960 1519 1002 1548 N.

240 1567 282 1597 D.
309 1567 331 1597 l.
355 1564 416 1603 24,
442 1564 523 1603 (So).
571 1564 726 1595 Similiter
748 1564 866 1595 dicitur
897 1565 1001 1594 demo-

240 1621 332 1650 vere,
357 1611 540 1647 deturbare,
565 1610 712 1648 depellere
732 1611 852 1649 yradu,
883 1617 1002 1639 movere

240 1658 327 1695 loeo,
351 1661 386 1685 ut
414 1655 453 1685 ll.
476 1652 529 1689 24,
556 1655 618 1685 ὅδε
644 1653 685 1684 de
708 1653 877 1695 dignitatis
899 1651 1001 1694 gradu

242 1699 420 1731 demoveri.
467 1709 498 1740 p.
526 1698 665 1730 Caecina
696 1700 754 1736 15,
780 1698 842 1729 4⁴2:
869 1698 943 1728 loco
969 1702 1002 1727 et

242 1751 333 1776 certo
359 1743 400 1774 de
421 1749 508 1773 statu
532 1743 698 1774 demovet.
733 1742 848 1785 quibus
873 1743 1002 1773 sormu-

239 1789 279 1820 lis
305 1788 488 1820 contrariae
511 1794 586 1819 sunt
618 1788 699 1819 hae:
737 1790 768 1819 in
790 1789 926 1827 yradum
956 1796 1002 1818 re-

237 1836 324 1874 poni,
348 1836 379 1864 in
400 1835 499 1863 locum
518 1835 646 1864 restitui.
679 1833 719 1863 V.
732 1834 828 1864 Beier.
850 1831 892 1862 ad
906 1831 1002 1862 Offic.

242 1880 266 1908 l.
284 1879 337 1913 ¹23.
356 1878 417 1909 {502
445 1887 508 1908 non
531 1876 714 1919 perturbari
735 1876 767 1906 in
788 1876 884 1907 rebus
904 1887 1002 1918 aspe-

240 1923 302 1959 ris,
338 1933 399 1953 nec
431 1923 685 1953 tumultuantem
717 1923 754 1952 de
775 1923 880 1960 gradu
902 1922 1004 1960 defici,

240 1974 274 1997 ut
298 1967 427 1998 (licitur.
478 1967 529 1998 Cf.
551 1969 708 1998 Bremium
731 1966 771 1996 ad
793 1966 891 1996 Corn.
920 1966 1003 2006 Nep.

239 2011 401 2043 Themist.
421 2012 453 2048 ξ),
482 2014 493 2042 l
512 2024 517 2041 ς
543 2013 582 2041 ab
605 2013 710 2041 eodem
732 2012 836 2050 gradu
859 2012 1005 2049 depulsus

240 2060 293 2087 est.
327 2058 458 2086 Ernestii
483 2055 574 2085 Clav.
597 2066 626 2086 v.
649 2057 776 2094 9radus.
811 2054 858 2085 Ab
880 2054 929 2085 his
949 2055 1001 2085 lo-

241 2099 425 2130 cutionibus
448 2099 609 2130 fluxerunt
634 2099 795 2130 formulae
820 2101 857 2130 de
881 2103 1003 2130 senlen-

240 2147 283 2175 lia
305 2145 406 2183 deiici,
430 2147 577 2175 sententia
599 2145 730 2183 depelli,
758 2143 816 2185 (uti
843 2155 870 2173 c.
894 2144 926 2180 o,
952 2143 1001 2180 16,

240 2188 293 2219 ubi
320 2194 456 2219 venuste
485 2188 607 2219 (lictum
646 2194 714 2218 est:
753 2187 1002 2229 „oppositoque

240 2233 404 2264 dedecore
435 2236 581 2264 sententia
606 2235 810 2272 ‹lepellerere“
846 2233 1001 2274 opposito

240 2279 385 2310 dedecore
408 2284 560 2320 tanquam
584 2277 791 2313 adversari03
818 2289 877 2319 pro
894 2277 999 2319 Ligur.

239 2322 281 2358 9,
308 2322 370 2353 243:
409 2322 476 2352 eius
500 2322 560 2353 viri
586 2329 652 2359 est,
681 2334 773 2364 quem
801 2324 837 2353 de
861 2326 1001 2361 susceplcz

239 2377 352 2399 caussa
369 2369 586 2407 propositaque
607 2369 752 2398 sententia
775 2367 861 2397 nulla
883 2374 1001 2397 contu-

240 2412 346 2447 melia,
372 2412 459 2442 nulla
483 2412 540 2449 vis,
568 2411 691 2443 nullum
716 2412 894 2453 periculum
922 2423 1001 2452 pos—

241 2456 281 2486 sit
301 2459 446 2495 depellere
458 2456 480 2496 ς)
514 2467 566 2495 spe
591 2459 701 2496 deiici,
736 2459 877 2496 opinione
901 2458 1003 2496 deiici,

241 2510 261 2531 α
284 2505 365 2531 statu
401 2505 531 2531 naturae
564 2503 737 2541 discedere,
774 2505 856 2532 stulu
888 2504 1004 2533 mot-eri

243 2546 314 2587 (Ill.
342 2545 371 2580 Τ,
404 2546 466 2575 lb&
493 2546 621 2576 similia.

309 2591 392 2628 Quid
416 2591 496 2619 enim
519 2593 621 2621 minus
651 2595 692 2621 esl
724 2592 868 2632 dignum]
905 2592 1001 2622 Lam-

242 2637 330 2666 binus
362 2644 543 2675 pronomen
567 2638 593 2665 le
618 2641 692 2664 ante
718 2647 746 2665 v.
772 2638 900 2675 diynum
928 2637 1001 2666 sru—

241 2686 309 2711 stra
329 2678 517 2712 inculcavit,
544 2689 639 2720 quum
669 2679 763 2710 facile
790 2692 828 2710 ex
851 2680 1001 2722 proxime

241 2722 450 2765 subsequenti
469 2724 522 2753 libi
544 2723 742 2764 cogitatione
757 2724 900 2766 suppleri
921 2736 1001 2767 pos-

242 2769 296 2800 sit.
344 2767 416 2799 Alia
440 2767 567 2798 ratione
598 2767 662 2798 hoc
694 2768 888 2799 adiectivum
915 2770 1002 2811 apud

244 2814 447 2850 Ciceronem,
475 2811 643 2843 Caesarem
658 2812 864 2854 reliquosque
880 2825 999 2856 aequa—

242 2859 288 2890 les
311 2857 437 2889 solutae
467 2856 625 2888 orationis
648 2857 825 2898 scriptores
847 2869 911 2888 non
937 2869 1002 2899 po—

241 2903 349 2940 nitur;
382 2900 530 2933 omnibus
556 2901 655 2938 locis,
691 2901 744 2932 ubi
766 2901 835 2931 sine
858 2901 1002 2934 ablativo

243 2953 431 2990 usurpatum
454 2952 521 2985 est,
565 2957 603 2977 ex
634 2946 758 2989 reliqua
780 2945 927 2977 oratione
952 2947 1003 2978 vel

1039 1127 1077 1146 ex
1100 1122 1171 1146 tota
1192 1113 1356 1146 sententia
1377 1112 1591 1155 intelligitur,
1617 1122 1680 1154 quo
1705 1110 1798 1142 refe-

1038 1167 1147 1197 ratur3
1173 1159 1261 1202 apud
1281 1159 1362 1191 alios
1385 1158 1563 1201 scriptores
1586 1157 1640 1189 hic
1663 1156 1799 1188 absolu-

1038 1212 1090 1236 tus
1116 1216 1188 1235 usus
1212 1204 1308 1236 latius
1334 1210 1447 1247 patet,
1485 1210 1520 1234 ut
1544 1204 1658 1234 Senec.
1684 1201 1726 1233 de
1750 1200 1799 1232 ira

1039 1252 1065 1290 Ι,
1089 1262 1115 1281 c.
1138 1251 1191 1280 12:
1217 1249 1298 1280 illud
1320 1249 1491 1292 pulchrum
1512 1250 1713 1288 dignumque,
1736 1257 1798 1288 pa-

1038 1294 1185 1325 rentibus
1202 1294 1335 1337 prodire
1348 1313 1391 1317 —
1405 1293 1624 1324 defensorem.
1652 1293 1692 1323 V.
1709 1293 1799 1330 Wop-

1038 1342 1119 1370 kens.
1146 1340 1256 1370 Lectt.
1282 1339 1370 1370 Tull.
1398 1340 1435 1375 l,
1465 1341 1513 1369 10.
1551 1350 1582 1379 p.
1599 1339 1654 1370 δθ,
1688 1335 1799 1378 ibique

1037 1385 1220 1423 Handium,
1245 1383 1297 1426 qui
1323 1384 1355 1414 in
1380 1390 1489 1425 partes
1511 1389 1607 1413 vocat
1631 1383 1799 1413 Bentleium

1038 1429 1079 1459 ad
1104 1429 1218 1460 Horat.
1243 1430 1344 1459 Serm.
1373 1429 1412 1459 11.
1439 1429 1466 1464 1,
1488 1429 1540 1459 δι’).
1566 1433 1599 1457 et
1619 1428 1733 1465 Gierz'y.
1755 1424 1798 1455 ad

1038 1473 1133 1504 Ovid.
1157 1474 1242 1504 Fast.
1266 1474 1288 1509 Ι,
1312 1472 1386 1504 401.
1421 1472 1514 1503 Adde
1537 1473 1737 1509 Stilrenbury.
1756 1469 1798 1500 ad

1038 1530 1084 1550 or.
1120 1530 1168 1560 pr.
1198 1517 1293 1550 Arch.
1320 1528 1352 1559 p.
1374 1517 1416 1550 57
1435 1528 1504 1559 sq..
1544 1517 1732 1546 ll'zmderum
1756 1513 1798 1545 ad

1036 1564 1202 1594 Pluncian.
1225 1575 1256 1604 p.
1274 1563 1422 1599 XLIX„
1457 1572 1530 1592 eum
1554 1559 1714 1602 denique,
1745 1558 1798 1601 qui

1036 1608 1097 1639 hac
1116 1609 1156 1639 de
1178 1619 1212 1638 re
1234 1606 1475 1638 accuratissime
1494 1604 1641 1647 exponit,
1670 1606 1703 1636 C.
1717 1605 1798 1635 Guil.

1035 1655 1179 1685 Dielrich.
1194 1653 1226 1683 in
1240 1652 1352 1693 Leipz.
1368 1651 1500 1683 Archiv.
1518 1648 1611 1682 lo-t‘z.
1628 1661 1658 1692 p.
1671 1647 1735 1682 4ῠῖ
1748 1659 1797 1690 sq.

1036 1700 1173 1729 Krilzius
1196 1697 1236 1728 ad
1259 1696 1335 1727 Sall.
1359 1697 1429 1727 Cat.
1452 1698 1512 1731 51.
1538 1698 1569 1726 ὅ.
1594 1705 1627 1736 p.
1643 1692 1720 1726 240.
1743 1693 1798 1724 in-

1036 1742 1117 1773 iuria
1131 1742 1288 1773 Sallustio
1303 1741 1390 1772 hunc
1402 1741 1587 1771 absolutum
1601 1751 1691 1771 usum
1715 1749 1798 1769 con-

1038 1787 1135 1819 cedit.
1174 1788 1223 1818 De
1245 1798 1276 1818 v.
1297 1788 1444 1825 indigimus
1467 1798 1495 1816 v.
1518 1785 1559 1816 ad
1586 1785 1640 1816 lv,
1660 1786 1715 1822 ⁴20,
1742 1782 1796 1815 46.

1105 1834 1174 1872 quis
1189 1836 1304 1863 estnon
1326 1833 1418 1862 modo
1441 1830 1642 1869 recusandus,
1665 1831 1718 1861 sed
1738 1838 1799 1859 non

1037 1879 1117 1908 ultro
1137 1878 1328 1916 appetendus
1347 1895 1391 1899 ——-
1412 1877 1499 1907 dolor
1509 1875 1539 1917 ?]
1577 1877 1611 1906 ln
1637 1870 1797 1905 eiiismodi

1038 1921 1317 1952 enuntiationibus
1339 1931 1399 1952 non
1421 1922 1512 1951 modo
1542 1932 1602 1962 pro
1625 1930 1685 1951 non
1706 1919 1798 1949 modo

1037 1977 1098 1997 non
1122 1966 1244 1996 dictum
1268 1965 1418 2001 videtum
1453 1971 1486 1995 at
1512 1972 1622 1996 verte:
1659 1962 1798 1994 welcher

1039 2011 1192 2041 Schmerz
1214 2010 1299 2041 wiire
1321 2010 1361 2041 da
1395 2010 1508 2047 nicht,
1544 2010 1595 2041 ich
1620 2008 1683 2039 will
1708 2007 1799 2038 nicht

1037 2067 1156 2097 sagen,
1182 2067 1220 2085 zu
1242 2054 1441 2091 vermeiden,
1467 2054 1609 2085 sondern
1636 2052 1798 2093 freiwillig

1038 2111 1075 2130 zu
1099 2099 1294 2130 erstreben?
1328 2101 1368 2129 V.
1394 2110 1453 2130 nos
1476 2099 1507 2129 in
1532 2100 1587 2130 Gr.
1611 2100 1649 2130 L.
1673 2101 1701 2141 ᾗ.
1724 2097 1796 2129 135.

1039 2144 1118 2174 Not.
1149 2145 1200 2176 15.
1248 2144 1425 2174 posteriori
1460 2144 1617 2175 orationis
1650 2143 1798 2174 membro

1037 2188 1169 2229 negatio
1202 2199 1261 2219 ηοη
1292 2188 1334 2218 ob
1369 2188 1659 2229 interrogationem
1685 2187 1798 2218 addita

1037 2240 1105 2263 est:
1128 2234 1196 2272 quis
1217 2235 1305 2264 dolor
1322 2243 1397 2264 non
1417 2235 1499 2263 ultra
1520 2234 1708 2271 appelemlus
1727 2233 1796 2262 est?

1038 2279 1137 2309 Extra
1170 2276 1462 2319 interrogationem
1499 2276 1673 2308 dicendum
1710 2283 1795 2307 erat:

1038 2322 1143 2353 omnis
1166 2322 1261 2353 dolor
1281 2334 1345 2354 non
1369 2321 1469 2352 modo
1493 2322 1712 2359 recusandus,
1737 2320 1796 2350 sed

1039 2367 1124 2398 ultro
1142 2367 1346 2410 appetendus
1359 2373 1409 2397 est
1431 2366 1535 2408 (jeder
1548 2367 1698 2398 Sclimerz
1713 2366 1797 2396 ware

1039 2412 1100 2450 (la,
1122 2412 1173 2443 i‹:h
1197 2412 1259 2442 will
1280 2412 1371 2443 nicht
1393 2423 1491 2453 sagen
1505 2437 1511 2447 ,
1538 2423 1574 2442 zu
1596 2411 1795 2447 vermeiden,

1037 2457 1178 2488 sondern
1218 2456 1380 2498 sreiwillig
1416 2468 1453 2486 zu
1489 2457 1683 2495 erstreben).
1743 2454 1795 2485 Cf.

1039 2502 1105 2534 Cic.
1120 2502 1200 2533 Phil.
1224 2503 1279 2533 Ill.
1302 2502 1351 2536 13.
1369 2502 1430 2533 33:
1458 2501 1581 2531 nullum
1604 2508 1732 2542 tempus
1752 2517 1796 2522 -—-

1037 2546 1198 2578 dimittam
1223 2566 1283 2583 —‚
1309 2545 1385 2588 quin
1401 2569 1409 2582 ‚
1444 2545 1485 2575 (le
1506 2545 1658 2576 libertate
1681 2542 1797 2586 populi

1038 2592 1075 2622 R.
1100 2592 1189 2634 quod
1212 2590 1372 2634 agendum
1396 2596 1494 2631 atque
1517 2589 1702 2620 faciendum
1718 2613 1725 2623 ,
1761 2588 1795 2618 id

1035 2647 1095 2668 non
1116 2638 1206 2668 modi)
1226 2645 1372 2673 recusem,
1396 2636 1448 2665 sed
1469 2637 1559 2665 elium
1582 2637 1729 2673 appetam
1749 2637 1796 2663 al-

1035 2691 1091 2721 que
1113 2683 1286 2721 deposcam.
1315 2679 1407 2721 (He.
1431 2690 1468 2708 zu
1492 2678 1584 2717 jeder
1595 2678 1665 2709 Zeit
1687 2677 1795 2709 werde

1036 2726 1087 2756 ich
1110 2726 1179 2762 das,
1205 2736 1267 2755 was
1293 2724 1346 2754 fur
1365 2723 1395 2753 d.
1411 2722 1554 2753 Freiheit
1577 2734 1614 2752 zu
1637 2723 1717 2754 thuri
1741 2722 1793 2759 ist,

1036 2770 1088 2801 ich
1115 2770 1177 2800 will
1200 2769 1291 2800 nicht
1315 2779 1433 2809 sagen,
1469 2767 1676 2804 vermeiden,
1712 2779 1795 2799 son-

1037 2814 1116 2845 ‹lern
1143 2813 1301 2845 vielmehr
1325 2812 1518 2849 erstreben.)
1548 2823 1608 2853 pro
1631 2815 1714 2843 Sest.
1740 2812 1793 2849 50,

1042 2860 1120 2891 1015:
1149 2858 1226 2896 Quis
1249 2868 1309 2889 non
1322 2858 1412 2887 modo
1436 2857 1644 2898 approbavit,
1669 2858 1795 2888 sednon

1037 2902 1295 2945 indignissimum
1325 2901 1449 2931 facinus
1478 2901 1633 2943 putavit'.>
1683 2902 1794 2942 (Extra

1037 2947 1348 2989 interrogationem:
1386 2947 1505 2976 Omnes
1535 2956 1596 2978 non
1617 2948 1708 2978 modo
1732 2956 1794 2986 ap-
