1832 3137
1547 88 1629 131 239

66 171 314 226 norifieisque
332 173 463 214 verbis
484 181 713 227 prosecutus
733 181 840 215 esset
861 175 1100 229 molesteque
1123 188 1165 215 se
1187 174 1351 216 dixisset
1375 176 1492 226 ferre,
1527 179 1627 231 quod

66 260 152 287 eum
180 260 257 286 non
279 253 413 300 posset
436 246 591 297 audire3
626 254 665 287 at
690 248 778 287 ille:
823 247 886 288 Tu
912 262 1033 298 vero,
1067 248 1211 302 inquit,
1252 256 1386 303 potes,
1428 263 1501 290 nec
1524 265 1629 291 eoni-

652 92 1050 137 L18E311.26,62.

64 318 238 369 mittam,
280 325 321 359 ut
341 319 452 359 dolor
476 321 651 375 corporis
678 319 837 370 ollio-iat,
879 327 921 360 ut
944 322 1086 361 frustra
1114 328 1242 362 tantus
1267 322 1329 363 vir
1349 323 1395 362 ad
1423 337 1482 363 me
1510 337 1629 365 vene-

63 392 128 433 rit.
190 390 326 446 ltaque
351 392 550 443 narrabat,
585 407 671 434 euin
694 393 866 447 graviter
887 400 926 432 et
948 393 1106 448 copiose
1130 395 1175 435 de
1197 395 1268 435 hoc
1290 395 1391 450 ipso,
1424 396 1518 437 nibil
1540 411 1628 439 esse

62 465 221 517 bonum,
255 465 328 506 nisi
351 467 452 520 quod
476 469 616 507 esset5
642 467 863 517 honestum,
897 466 1101 507 cubantem
1126 468 1400 522 disputavisse,
1434 485 1629 525 quumque

62 539 172 593 quasi
196 540 303 580 faces
327 540 362 580 ei
389 540 534 580 doloris
566 541 889 588 admoverentur,
923 552 1042 593 saepe
1070 539 1246 581 dixisse:
1278 541 1389 583 Nihil
1419 544 1527 598 agis,
1561 545 1629 585 do-

61 612 143 652 lor!
179 612 354 666 quamvis
384 612 438 653 sis
469 612 677 662 molestus,
712 625 904 665 nunquam
937 618 973 651 te
1006 625 1095 652 esse
1128 614 1342 655 confitebor
1372 617 1529 658 malum.

173 684 335 727 XXVI.
398 692 468 726 62.

63 759 255 799 tendendo
272 761 286 785 ¹
313 760 408 799 fiunt
431 759 545 799 etiam
568 759 806 799 tolerabiles.

152 859 172 892 5
198 859 252 892 Sic
274 860 312 892 R.
337 861 370 892 P.
398 860 483 892 Gud.
510 859 538 894 1.
561 858 594 892 2.
620 860 759 904 aliique3
798 862 853 892 Or.
879 872 905 893 c.
931 859 1018 903 vulg.
1043 861 1204 893 honestum
1227 865 1310 893 esset.

519 684 766 740 Omninoque
791 699 927 725 omnes
950 685 1043 725 clari
1075 693 1113 725 et
1144 686 1332 727 nobilitati
1356 689 1510 730 labores
1537 705 1630 732 con-

872 757 1128 810 videmusne,
1163 766 1203 799 ut
1224 761 1322 814 apud
1338 763 1357 787 2
1379 776 1475 815 quos
1494 777 1628 804 eorum

1368 863 1498 895 XXVI.
1550 863 1562 895 1
1594 865 1630 896 R.

63 906 98 937 P.
112 905 197 937 Gud.
214 906 242 937 1.
263 909 464 946 contempn0;
489 906 547 938 Gr.
559 905 590 937 b.
609 905 694 937 Gud.
709 907 748 938 ΙΙ.
766 905 878 937 Duisb.
895 917 974 937 unus
988 908 1046 937 Ox.
1059 909 1254 947 contemptu5
1278 907 1377 950 vulgo
1391 912 1632 950 contemnendo,·

62 949 113 982 ed.
138 950 417 994 praestantissima
442 952 476 983 P.
501 952 614 983 cotedo.
663 952 703 984 V.
725 951 810 983 Adn.

62 1017 189 1049 tiorem.
230 1017 280 1049 Cf.
300 1020 324 1050 I.
336 1019 471 1050 Bakium
493 1018 534 1050 de
557 1018 666 1050 Posid.
684 1018 825 1057 Rhodio,

63 1063 169 1105 Lugd.
196 1064 229 1094 B.
259 1063 352 1095 1810.
377 1075 410 1106 p.
433 1063 473 1095 16
488 1075 537 1106 sq.

130 1109 248 1148 ltaque}
287 1118 346 1149 pro
380 1112 405 1140 et
435 1111 479 1140 ita
514 1107 657 1150 positum
692 1108 829 1139 inservit

63 1153 291 1186 adnectendae
312 1153 465 1190 orationi,
493 1160 526 1184 ut
542 1153 741 1196 respondeat
763 1166 827 1185 no—

63 1207 150 1238 stro:
178 1200 241 1230 und
263 1208 314 1238 so,
341 1205 374 1229 et
397 1198 509 1230 Italico
535 1209 549 1231 e
569 1200 641 1230 cosi.
690 1199 728 1230 V.
752 1201 828 1230 For-

64 1247 175 1277 cellinii
198 1244 298 1276 Thes.
323 1243 432 1274 Latin.
458 1243 489 1275 h.
512 1255 539 1276 v,
591 1246 723 1275 Orellius
756 1255 828 1275 cum

67 1291 217 1321 Ochsnero
240 1288 348 1319 locum
371 1288 418 1319 sic
441 1288 739 1331 interpungendum
763 1300 828 1331 pu-

65 1340 128 1365 tat:
156 1336 282 1373 Itaque,
307 1336 477 1373 narrabat,
502 1344 570 1366 eum
596 1340 674 1365 cett.

131 1379 305 1419 cubantem]
332 1380 479 1417 „Cubare
502 1390 601 1420 saepe
623 1378 743 1409 (licitur
768 1390 828 1421 pro

63 1427 268 1464 aegrotantem
299 1425 408 1455 iacere.
458 1424 511 1455 Sic
544 1424 626 1455 Hor.
652 1425 720 1455 Sat.
745 1425 768 1454 Ι.
797 1424 827 1461 9,

66 1470 124 1501 18:
151 1469 257 1500 Trans
272 1467 419 1499 Tiberim
442 1468 541 1511 longe
563 1471 653 1500 cubat
676 1469 702 1499 is
723 1480 829 1511 prope

68 1512 212 1544 Caesaris
238 1513 390 1544 hortos.“
437 1516 546 1545 Moser.

130 1560 221 1598 quasi
253 1559 337 1598 faces
369 1560 498 1602 doloris]
536 1558 688 1601 Eleganti
721 1565 829 1591 meta-

66 1603 170 1645 phora
192 1614 252 1645 pro
274 1605 498 1635 ardentissimis
518 1606 684 1635 doloribus.
728 1604 836 1636 offic:

66 1649 104 1678 ll.
131 1647 188 1686 10,
211 1648 273 1680 37:
299 1649 435 1680 dolorem
455 1659 523 1680 cum
547 1651 752 1681 admoventur
776 1650 830 1680 fa-

65 1704 117 1723 ces
131 1718 139 1732 ,
174 1697 296 1732 praeter
319 1695 447 1725 niodum
467 1696 606 1734 plerique
630 1698 828 1726 exterrentur.

65 1737 119 1768 Sic
148 1737 234 1768 iufra
258 1738 297 1769 V.
317 1737 371 1776 27,
397 1737 457 1771 76:
497 1739 601 1770 Dolor
625 1749 687 1771 esse
708 1741 831 1771 videtur

63 1785 234 1814 acerrimus
254 1784 362 1813 virtuti
382 1785 606 1824 adversarins;
628 1788 654 1816 is
677 1784 829 1815 ardentes

65 1827 152 1858 faces
174 1829 312 1858 intentat.
346 1827 426 1858 Aliis
450 1828 530 1860 locis
554 1831 638 1869 faces
660 1840 720 1870 pro
743 1829 829 1860 inci-

63 1872 218 1903 tamentis
240 1879 417 1914 ponuntur,
445 1881 479 1904 ut
501 1875 524 1905 1.
548 1874 595 1911 19,
620 1878 682 1906 44:
709 1885 829 1916 quum—

64 1928 125 1959 que
161 1918 310 1959 corporis
344 1917 470 1949 facibus
500 1918 693 1949 inflammari
717 1919 830 1949 solea—

64 1973 135 1993 mus
159 1962 201 1993 ad
227 1972 339 1993 omnes
369 1962 437 1993 fere
463 1963 672 2004 cupiditates.
722 1964 830 1994 Etiam

65 2007 200 2037 verbum
235 2008 367 2038 ardendi
409 2006 450 2038 de
491 2007 660 2039 doloribus
697 2008 827 2040 dicitur.

66 2053 201 2083 Ochsner
230 2050 251 2081 l.
275 2051 307 2082 d.
341 2063 447 2093 comp.
476 2053 546 2084 Fin.
577 2054 615 2084 ll.
639 2056 682 2084 ’.ἐξῆ
727 2060 828 2084 extr:

65 2108 163 2138 quum
203 2107 314 2127 omnes
351 2103 440 2128 artus
477 2100 586 2130 ardere
625 2097 827 2130 viderentur.

64 2141 103 2172 V.
118 2142 170 2173 551.
187 2148 289 2172 extr.:
315 2153 412 2184 quum
433 2145 555 2174 arderet
575 2143 742 2185 podagrae
764 2143 830 2175 do—

63 2185 195 2217 loribus.

122 2233 204 2263 Nihil
227 2231 310 2274 agis]
339 2233 377 2264 H.
395 2244 422 2264 e.
446 2232 526 2264 nihil
551 2232 667 2271 efficis,
695 2245 829 2275 operam

66 2275 186 2318 perdis.
237 2278 371 2309 Ochsner
402 2278 532 2320 profert
559 2277 662 2320 Epist.
688 2279 751 2310 Xl.
774 2280 827 2318 25,

70 2322 126 2353 10:
170 2329 257 2352 metu
297 2322 391 2353 nob'is
427 2329 624 2366 extorquere
659 2331 828 2358 conantur.

67 2365 133 2396 Sed
152 2366 231 2396 nihil
249 2373 358 2406 agunt.
396 2369 555 2399 Ruhnken.
573 2368 615 2399 ad
630 2368 728 2400 Rutil.
745 2370 828 2411 Lup.

69 2412 107 2441 u.
138 2410 334 2452 11.p.1·2o.

132 2465 293 2494 nunquam
316 2474 358 2478 —-
379 2456 513 2499 molum]
540 2456 641 2487 Stoici
665 2457 752 2488 enim
777 2458 830 2488 di-

68 2499 205 2537 cebant,
242 2506 372 2541 praeter
396 2500 633 2542 turpitudinem
657 2501 736 2532 nihil
761 2514 830 2533 esse

67 2544 206 2581 malum3
233 2544 380 2575 dolorem
405 2545 513 2587 igitur,
540 2545 615 2588 quia
638 2546 741 2588 turpis
763 2558 830 2578 non

68 2596 163 2628 esset,
189 2601 250 2620 nec
271 2589 390 2620 malum
415 2602 484 2622 esse
508 2597 540 2622 et
563 2590 736 2622 serendum
761 2603 832 2623 esse

68 2633 149 2665 viro.
199 2634 248 2665 Cf.
274 2635 344 2666 Fin.
371 2636 410 2673 V,
436 2634 489 2668 31.

138 2678 213 2709 Cap,
234 2680 360 2712 XXVI.
387 2681 415 2722 §-
433 2679 487 2712 62.
528 2682 751 2722 contendendo]
780 2680 832 2712 Sic

70 2733 130 2763 pro
156 2723 286 2765 vulgato
311 2727 529 2758 contemnendo
561 2725 736 2767 legendum
762 2737 832 2756 esse

70 2768 235 2808 perspexit
251 2780 384 2800 acumen
403 2772 536 2802 Bentleii.
571 2772 720 2813 Namque
734 2782 832 2812 quum

71 2810 199 2842 labores
232 2812 437 2855 intelligendi
474 2815 538 2846 sint
574 2815 640 2846 ludi
676 2815 830 2858 gymnici,

70 2855 264 2888 vocabulum
287 2862 505 2893 contemnendo
528 2860 701 2891 absurdam
727 2859 830 2902 signi-

72 2898 170 2931 ficare
200 2903 415 2942 sententiam,
453 2905 625 2936 obscurum
661 2916 731 2936 esse
764 2915 830 2936 non

70 2951 193 2986 potest.
250 2947 393 2987 ‚,1mmo,
430 2949 534 2992 inquit
568 2952 739 2989 Beudeius,
776 2949 829 2992 qui

857 950 879 982 2
904 963 933 982 v.
959 950 1044 984 Adn.

864 1017 1086 1058 admirantur,
1113 1019 1168 1061 qui
1194 1019 1422 1063 Olympiorum
1447 1022 1630 1062 victoriam,

866 1069 901 1093 nt
926 1063 1073 1105 superius
1100 1064 1201 1102 dixit,
1239 1066 1407 1108 antiquum
1432 1067 1522 1098 illum
1549 1080 1629 1100 con-

863 1107 1003 1138 sulatum
1023 1108 1234 1148 arbitrantur,
1260 1110 1293 1141 hi
1313 1119 1408 1142 tanto
1428 1112 1557 1144 facilius
1577 1114 1628 1145 la·-

864 1152 959 1183 bores
979 1164 1034 1184 eos
1052 1154 1293 1196 perpetiuntur,
1316 1164 1440 1198 quanto
1457 1157 1487 1188 in
1504 1158 1630 1190 maiore

864 1197 1034 1228 felicitatis
1055 1205 1147 1240 parte
1169 1206 1331 1240 ponunt.“
1383 1202 1505 1233 Contra
1526 1215 1630 1236 voca-

862 1241 974 1273 bulum
998 1246 1206 1274 contendendo
1240 1244 1315 1276 liuic
1348 1246 1424 1278 loco
1457 1248 1557 1290 longe
1582 1256 1632 1281 est

864 1287 1078 1329 aptissimum.
1121 1289 1205 1319 Nam
1229 1290 1405 1332 superioris
1430 1292 1631 1334 disputatio-

864 1331 914 1362 nis
949 1332 1039 1374 (iude
1064 1345 1081 1363 a
1106 1344 1132 1363 c.
1155 1336 1217 1369 22,
1243 1336 1296 1366 51.
1331 1348 1431 1379 usque
1466 1339 1508 1369 ad
1536 1339 1568 1370 h.
1591 1340 1627 1382 l.)

866 1383 965 1418 caput:
988 1377 1020 1408 in
1045 1388 1084 1408 eo
1110 1378 1323 1420 versabatur,
1360 1389 1393 1412 ut
1419 1382 1630 1415 demonstra—

864 1428 964 1459 retur,
991 1421 1208 1453 firmissimum
1233 1431 1347 1455 contra
1373 1426 1506 1457 dolores
1532 1440 1631 1470 prae—

864 1466 981 1497 sidium
1000 1467 1145 1509 positum
1168 1479 1237 1498 esse
1256 1468 1288 1500 in
1308 1474 1506 1503 contentione.
1541 1476 1631 1506 Bent-

865 1514 915 1543 zeii
940 1513 1129 1544 coniectura
1155 1512 1303 1545 firmatur
1328 1526 1391 1547 uno
1418 1517 1491 1548 cod.
1517 1519 1630 1549 Lalle—

864 1557 994 1597 manni,
1029 1569 1165 1600 eamque
1191 1570 1304 1590 omnes
1329 1562 1529 1594 recentiores
1555 1563 1630 1595 edi-

864 1609 954 1634 tores
984 1610 1190 1646 receperunt.
1243 1605 1308 1636 Sed
1330 1608 1429 1639 Moser
1452 1608 1630 1649 legendum

864 1648 1048 1690 suspicatur
1094 1653 1424 1683 contemnendo
1470 1656 1629 1686 dolore

864 1694 942 1732 fiunt
965 1700 1026 1724 etc.
1042 1718 1049 1731 ,
1089 1705 1187 1736 quum
1220 1694 1261 1726 de
1285 1700 1502 1730 contemnendo
1527 1701 1631 1731 dolore

864 1737 953 1780 loqui
978 1738 1063 1770 velle
1088 1741 1234 1770 Marcum
1268 1747 1301 1771 et
1329 1753 1366 1771 ex
1397 1744 1630 1775 antecedenti—

865 1783 923 1813 bus
949 1789 982 1814 et
1012 1795 1050 1814 ex
1070 1796 1159 1826 seqq.
1184 1792 1305 1826 pateat.
1357 1788 1547 1828 Omninoque
1568 1789 1631 1820 de-

863 1834 1045 1866 monstrat,
1072 1828 1117 1859 ita
1144 1829 1250 1871 pergit
1274 1831 1312 1860 V.
1339 1831 1400 1871 D.,
1425 1834 1630 1865 anteceden—

864 1872 909 1903 tia
940 1872 989 1903 his
1025 1873 1132 1904 verbis
1163 1874 1280 1916 respici
1316 1874 1421 1918 iisque
1453 1878 1628 1910 transitio-

865 1928 940 1948 nem
961 1917 1028 1947 fieri
1053 1917 1095 1948 ad
1117 1929 1232 1960 seqq,
1264 1920 1355 1961 quasi
1382 1920 1490 1953 dicat:
1526 1923 1630 1955 Sicuti

866 1973 945 1994 vcro
969 1961 1092 1994 doloris
1125 1964 1376 2006 contemptione
1408 1969 1545 2000 vicerunt
1570 1969 1631 2000 viri

865 2007 1029 2050 sapientes
1054 2008 1201 2050 corporis
1226 2008 1378 2047 dolores,
1412 2011 1458 2043 ita
1482 2012 1504 2042 ii
1529 2013 1628 2045 labo-

864 2063 916 2083 res
950 2052 1032 2083 flunt
1062 2056 1280 2085 contemnendo
1313 2056 1418 2087 dolore
1448 2059 1629 2098 tolerabiles,

865 2097 1001 2140 quibus,
1042 2097 1096 2140 qui
1129 2097 1269 2140 impigre
1305 2105 1338 2130 et
1370 2112 1496 2133 summo
1531 2103 1631 2134 animi

865 2141 985 2173 ardore
1008 2141 1220 2181 incumbunt,
1260 2144 1427 2177 nobilitari
1459 2147 1567 2178 solent
1598 2155 1631 2180 et

867 2186 944 2218 clari
968 2187 1048 2218 fieri.
1100 2189 1169 2225 Ita,
1207 2195 1241 2219 ut
1265 2189 1330 2220 hoc
1353 2187 1446 2230 utar,
1483 2192 1630 2224 videmus

866 2238 929 2263 etc.
989 2232 1106 2275 Neque
1137 2235 1276 2265 Nissenio
1312 2235 1472 2276 probatur
1503 2239 1633 2269 Bentleii

865 2277 1072 2309 coniectura.-
1099 2290 1184 2315 nam,
1211 2279 1267 2316 ait,
1293 2278 1334 2309 de
1360 2281 1572 2312 contentione
1597 2282 1630 2314 in

865 2322 1010 2353 ferendis
1043 2322 1210 2353 laboribus
1238 2323 1425 2356 adhibenda
1453 2337 1550 2367 supra
1576 2326 1630 2357 di-

865 2374 953 2398 ctum
975 2373 1045 2406 est;
1070 2378 1174 2409 neque
1197 2367 1338 2409 denique
1353 2371 1473 2400 Klotzio
1495 2371 1526 2401 in
1545 2371 1629 2402 Add.

865 2424 897 2454 p.
920 2413 980 2444 113
996 2423 1043 2453 sq.
1059 2436 1068 2449 ,
1106 2412 1159 2453 qui
1193 2423 1209 2441 e
1235 2412 1384 2443 codicum
1417 2414 1630 2448 fluctuatione

868 2459 912 2499 (v.
934 2457 973 2487 V.
995 2457 1078 2493 Ser.)
1104 2455 1284 2494 concludit,
1309 2457 1341 2487 in
1363 2459 1545 2502 archetypo
1568 2473 1628 2492 ne-

865 2512 927 2543 que
939 2502 1168 2539 contemnendo,
1181 2512 1286 2543 neque
1298 2505 1504 2536 contendendo
1517 2506 1627 2544 fuisse,

865 2545 923 2577 sed
943 2545 1172 2586 compendium
1192 2546 1368 2588 quoddam,
1395 2549 1484 2591 quod
1507 2550 1628 2583 librarii

866 2589 957 2620 vario
977 2589 1077 2620 modo
1100 2589 1310 2632 interpretati
1330 2593 1405 2630 sint,
1433 2593 1626 2636 legendum-

867 2645 929 2677 que
950 2634 1133 2676 suspicatur
1154 2639 1306 2676 continuo,
1331 2644 1366 2668 ut
1386 2638 1469 2670 haec
1490 2640 1532 2670 sit
1550 2653 1629 2672 sen—

866 2678 988 2709 tentia:
1015 2679 1174 2716 „sinmlae
1198 2681 1275 2712 clari
1298 2689 1331 2713 et
1352 2683 1521 2715 nobilitati
1541 2693 1628 2726 sunt,

866 2723 977 2754 statim
1015 2723 1095 2755 liunt
1136 2725 1234 2756 ctiam
1277 2727 1310 2769 ti.
1337 2739 1365 2758 e.
1400 2737 1628 2773 praeterquam

868 2768 956 2811 qnod
985 2775 1061 2800 sunt
1086 2769 1164 2801 clari
1187 2777 1219 2802 et
1252 2772 1431 2814 nobilitati)
1468 2775 1630 2806 tolerabi-

866 2813 947 2845 les.“
994 2813 1076 2845 Mihi
1098 2826 1177 2846 vero
1208 2815 1290 2848 haec
1319 2818 1482 2849 sententia
1508 2826 1541 2849 et
1564 2819 1628 2850 ad-

865 2857 999 2890 modum
1020 2858 1175 2901 ]anguida
1196 2860 1326 2893 videtur
1348 2874 1418 2893 esse
1443 2870 1474 2893 ct
1495 2863 1534 2894 ab
1565 2863 1630 2895 hoc

866 2903 941 2935 loco
966 2903 1082 2935 aliena.

939 2950 1130 2988 videmusne,
1153 2953 1185 2981 ut
1205 2950 1284 2993 etc.]
1311 2951 1365 2982 Sic
1384 2952 1420 2982 R.
1442 2953 1474 2983 P.
1498 2953 1583 2985 Gud.
1602 2956 1628 2986 1.
