<?xml version="1.0" encoding="UTF-8"?>
<!DOCTYPE html PUBLIC "-//W3C//DTD XHTML 1.0 Transitional//EN"
    "http://www.w3.org/TR/xhtml1/DTD/xhtml1-transitional.dtd">
<html xmlns="http://www.w3.org/1999/xhtml" xml:lang="en" lang="en">
 <head>
  <title>
</title>
<meta http-equiv="Content-Type" content="text/html;charset=utf-8" />
  <meta name='ocr-system' content='tesseract 3.04.00' />
  <meta name='ocr-capabilities' content='ocr_page ocr_carea ocr_par ocr_line ocrx_word'/>
</head>
<body>
  <div class='ocr_page' id='page_1' title='image "./tusculanaedisput00ciceuoft_0340.png"; bbox 0 0 1863 3221; ppageno 0'>
   <div class='ocr_carea' id='block_1_1' title="bbox 226 90 307 133">
    <p class='ocr_par' dir='ltr' id='par_1_1' title="bbox 226 90 307 133">
     <span class='ocr_line' id='line_1_1' title="bbox 226 90 307 133; baseline -0.025 0"><span class='ocrx_word' id='word_1_1' title='bbox 226 90 307 133; x_wconf 80' lang='lat'>292</span> 
     </span>
    </p>
   </div>
   <div class='ocr_carea' id='block_1_2' title="bbox 229 167 1785 306">
    <p class='ocr_par' dir='ltr' id='par_1_2' title="bbox 229 167 1785 306">
     <span class='ocr_line' id='line_1_2' title="bbox 229 167 1785 228; baseline -0.005 -9"><span class='ocrx_word' id='word_1_2' title='bbox 229 185 335 228; x_wconf 89' lang='lat' dir='ltr'>tute,</span> <span class='ocrx_word' id='word_1_3' title='bbox 378 175 429 216; x_wconf 89' lang='lat' dir='ltr'>illi</span> <span class='ocrx_word' id='word_1_4' title='bbox 455 175 495 216; x_wconf 89' lang='lat' dir='ltr'>in</span> <span class='ocrx_word' id='word_1_5' title='bbox 520 174 734 227; x_wconf 83' lang='lat' dir='ltr'>voluptate.</span> <span class='ocrx_word' id='word_1_6' title='bbox 795 167 849 209; x_wconf 91' lang='lat' dir='ltr'>Et</span> <span class='ocrx_word' id='word_1_7' title='bbox 879 169 933 209; x_wconf 93' lang='lat' dir='ltr'>illi</span> <span class='ocrx_word' id='word_1_8' title='bbox 962 175 1157 223; x_wconf 81' lang='lat' dir='ltr'>pugnant,</span> <span class='ocrx_word' id='word_1_9' title='bbox 1196 175 1235 209; x_wconf 86' lang='lat' dir='ltr'>et</span> <span class='ocrx_word' id='word_1_10' title='bbox 1257 169 1409 223; x_wconf 89' lang='lat' dir='ltr'>quidem</span> <span class='ocrx_word' id='word_1_11' title='bbox 1432 169 1648 211; x_wconf 86' lang='lat' dir='ltr'>vicinorum</span> <span class='ocrx_word' id='word_1_12' title='bbox 1675 168 1785 211; x_wconf 84' lang='lat' dir='ltr'>fidem</span> 
     </span>
     <span class='ocr_line' id='line_1_3' title="bbox 229 243 1365 306; baseline -0.008 -15"><span class='ocrx_word' id='word_1_13' title='bbox 229 251 455 306; x_wconf 71' lang='lat' dir='ltr'>implorant,</span> <span class='ocrx_word' id='word_1_14' title='bbox 489 246 597 287; x_wconf 91' lang='lat' dir='ltr'>multi</span> <span class='ocrx_word' id='word_1_15' title='bbox 617 252 746 286; x_wconf 86' lang='lat' dir='ltr'>autem</span> <span class='ocrx_word' id='word_1_16' title='bbox 768 250 873 294; x_wconf 77' lang='lat' dir='ltr'>sunt,</span> <span class='ocrx_word' id='word_1_17' title='bbox 907 243 969 297; x_wconf 91' lang='lat' dir='ltr'>qui</span> <span class='ocrx_word' id='word_1_18' title='bbox 990 243 1119 283; x_wconf 87' lang='lat' dir='ltr'>statim</span> <span class='ocrx_word' id='word_1_19' title='bbox 1142 243 1365 283; x_wconf 83' lang='lat' dir='ltr'>convolent.</span> 
     </span>
    </p>
   </div>
   <div class='ocr_carea' id='block_1_3' title="bbox 804 89 1216 131">
    <p class='ocr_par' dir='ltr' id='par_1_3' title="bbox 804 89 1216 131">
     <span class='ocr_line' id='line_1_4' title="bbox 804 89 1216 131; baseline 0 -9"><span class='ocrx_word' id='word_1_20' title='bbox 804 91 968 123; x_wconf 73' lang='lat' dir='ltr'>Linea</span> <span class='ocrx_word' id='word_1_21' title='bbox 993 91 1052 123; x_wconf 84' lang='grc' dir='ltr'>ιιι.</span> <span class='ocrx_word' id='word_1_22' title='bbox 1073 89 1138 131; x_wconf 81' lang='lat'>21,</span> <span class='ocrx_word' id='word_1_23' title='bbox 1163 91 1216 123; x_wconf 81' lang='lat'><strong>51.</strong></span> 
     </span>
    </p>
   </div>
   <div class='ocr_carea' id='block_1_4' title="bbox 1427 241 1789 298">
    <p class='ocr_par' dir='ltr' id='par_1_4' title="bbox 1427 241 1789 298">
     <span class='ocr_line' id='line_1_5' title="bbox 1427 241 1789 298; baseline -0.008 -14"><span class='ocrx_word' id='word_1_24' title='bbox 1427 243 1514 298; x_wconf 88' lang='lat' dir='ltr'>Ego</span> <span class='ocrx_word' id='word_1_25' title='bbox 1534 258 1618 284; x_wconf 91' lang='lat' dir='ltr'>sum</span> <span class='ocrx_word' id='word_1_26' title='bbox 1640 242 1689 293; x_wconf 90' lang='lat' dir='ltr'>is,</span> <span class='ocrx_word' id='word_1_27' title='bbox 1724 241 1789 296; x_wconf 91' lang='lat' dir='ltr'>qui</span> 
     </span>
    </p>
   </div>
   <div class='ocr_carea' id='block_1_5' title="bbox 1581 314 1789 368">
    <p class='ocr_par' dir='ltr' id='par_1_5' title="bbox 1581 314 1789 368">
     <span class='ocr_line' id='line_1_6' title="bbox 1581 314 1789 368; baseline -0.01 -12"><span class='ocrx_word' id='word_1_28' title='bbox 1581 323 1651 356; x_wconf 77' lang='lat'><strong>51.</strong></span> <span class='ocrx_word' id='word_1_29' title='bbox 1686 314 1789 368; x_wconf 81' lang='lat' dir='ltr'>Quid</span> 
     </span>
    </p>
   </div>
   <div class='ocr_carea' id='block_1_6' title="bbox 233 386 1789 516">
    <p class='ocr_par' dir='ltr' id='par_1_6' title="bbox 233 386 1789 516">
     <span class='ocr_line' id='line_1_7' title="bbox 233 386 1789 445; baseline -0.007 -7"><span class='ocrx_word' id='word_1_30' title='bbox 233 397 363 438; x_wconf 80' lang='lat' dir='ltr'>enim?</span> <span class='ocrx_word' id='word_1_31' title='bbox 404 396 449 435; x_wconf 90' lang='lat' dir='ltr'>de</span> <span class='ocrx_word' id='word_1_32' title='bbox 474 393 574 433; x_wconf 92' lang='lat' dir='ltr'>bello</span> <span class='ocrx_word' id='word_1_33' title='bbox 598 390 748 432; x_wconf 88' lang='lat' dir='ltr'>Punico</span> <span class='ocrx_word' id='word_1_34' title='bbox 781 391 932 445; x_wconf 80' lang='lat' dir='ltr'>agitur?</span> <span class='ocrx_word' id='word_1_35' title='bbox 975 391 1022 430; x_wconf 89' lang='lat' dir='ltr'>de</span> <span class='ocrx_word' id='word_1_36' title='bbox 1047 404 1122 444; x_wconf 87' lang='lat' dir='ltr'>quo</span> <span class='ocrx_word' id='word_1_37' title='bbox 1143 389 1227 444; x_wconf 89' lang='lat' dir='ltr'>ipso</span> <span class='ocrx_word' id='word_1_38' title='bbox 1264 404 1378 442; x_wconf 90' lang='lat' dir='ltr'>quum</span> <span class='ocrx_word' id='word_1_39' title='bbox 1414 390 1515 430; x_wconf 89' lang='lat' dir='ltr'>aliud</span> <span class='ocrx_word' id='word_1_40' title='bbox 1542 388 1602 429; x_wconf 82' lang='lat' dir='ltr'><strong>M.</strong></span> <span class='ocrx_word' id='word_1_41' title='bbox 1630 386 1789 438; x_wconf 85' lang='lat' dir='ltr'>Catoni,</span> 
     </span>
     <span class='ocr_line' id='line_1_8' title="bbox 233 461 1787 516; baseline -0.006 -6"><span class='ocrx_word' id='word_1_42' title='bbox 233 470 333 511; x_wconf 84' lang='lat' dir='ltr'>aliud</span> <span class='ocrx_word' id='word_1_43' title='bbox 356 467 407 508; x_wconf 91' lang='lat' dir='ltr'>L.</span> <span class='ocrx_word' id='word_1_44' title='bbox 435 466 605 507; x_wconf 89' lang='lat' dir='ltr'>Leutulo</span> <span class='ocrx_word' id='word_1_45' title='bbox 627 465 850 515; x_wconf 86' lang='lat' dir='ltr'>videretur,</span> <span class='ocrx_word' id='word_1_46' title='bbox 886 464 988 503; x_wconf 86' lang='lat' dir='ltr'>nulla</span> <span class='ocrx_word' id='word_1_47' title='bbox 1015 463 1116 503; x_wconf 78' lang='lat' dir='ltr'>inter</span> <span class='ocrx_word' id='word_1_48' title='bbox 1141 476 1209 502; x_wconf 90' lang='lat' dir='ltr'>eos</span> <span class='ocrx_word' id='word_1_49' title='bbox 1241 463 1480 502; x_wconf 76' lang='lat' dir='ltr'>concertatio</span> <span class='ocrx_word' id='word_1_50' title='bbox 1507 475 1672 516; x_wconf 87' lang='lat' dir='ltr'>unquam</span> <span class='ocrx_word' id='word_1_51' title='bbox 1701 461 1787 501; x_wconf 83' lang='lat' dir='ltr'>fuit.</span> 
     </span>
    </p>
   </div>
   <div class='ocr_carea' id='block_1_7' title="bbox 231 316 1518 370">
    <p class='ocr_par' dir='ltr' id='par_1_7' title="bbox 231 316 1518 370">
     <span class='ocr_line' id='line_1_9' title="bbox 231 316 1518 370; baseline -0.006 -6"><span class='ocrx_word' id='word_1_52' title='bbox 231 326 354 365; x_wconf 83' lang='lat' dir='ltr'>dicam</span> <span class='ocrx_word' id='word_1_53' title='bbox 374 336 433 362; x_wconf 84' lang='lat' dir='ltr'>mc</span> <span class='ocrx_word' id='word_1_54' title='bbox 458 334 534 361; x_wconf 93' lang='lat' dir='ltr'>non</span> <span class='ocrx_word' id='word_1_55' title='bbox 555 319 749 368; x_wconf 86' lang='lat' dir='ltr'>laborare,</span> <span class='ocrx_word' id='word_1_56' title='bbox 783 324 909 358; x_wconf 86' lang='lat' dir='ltr'>actum</span> <span class='ocrx_word' id='word_1_57' title='bbox 924 319 944 343; x_wconf 79' lang='lat'><strong>²</strong></span> <span class='ocrx_word' id='word_1_58' title='bbox 967 316 1201 365; x_wconf 84' lang='lat' dir='ltr'>habiturum,</span> <span class='ocrx_word' id='word_1_59' title='bbox 1236 316 1335 370; x_wconf 92' lang='lat' dir='ltr'>quod</span> <span class='ocrx_word' id='word_1_60' title='bbox 1353 317 1518 370; x_wconf 79' lang='lat' dir='ltr'>egerint.</span> 
     </span>
    </p>
   </div>
   <div class='ocr_carea' id='block_1_8' title="bbox 234 534 1794 665">
    <p class='ocr_par' dir='ltr' id='par_1_8' title="bbox 234 534 1794 665">
     <span class='ocr_line' id='line_1_10' title="bbox 235 534 1793 592; baseline -0.005 -10"><span class='ocrx_word' id='word_1_61' title='bbox 235 542 285 583; x_wconf 89' lang='lat' dir='ltr'>Hi</span> <span class='ocrx_word' id='word_1_62' title='bbox 316 541 429 581; x_wconf 90' lang='lat' dir='ltr'>nimis</span> <span class='ocrx_word' id='word_1_63' title='bbox 462 539 646 580; x_wconf 79' lang='lat' dir='ltr'>iracunde</span> <span class='ocrx_word' id='word_1_64' title='bbox 672 544 814 592; x_wconf 87' lang='lat' dir='ltr'>agunt,</span> <span class='ocrx_word' id='word_1_65' title='bbox 859 536 1088 592; x_wconf 88' lang='lat' dir='ltr'>praesertim</span> <span class='ocrx_word' id='word_1_66' title='bbox 1113 550 1227 590; x_wconf 88' lang='lat' dir='ltr'>quum</span> <span class='ocrx_word' id='word_1_67' title='bbox 1253 535 1299 575; x_wconf 84' lang='lat' dir='ltr'>ab</span> <span class='ocrx_word' id='word_1_68' title='bbox 1323 536 1371 575; x_wconf 90' lang='lat' dir='ltr'>iis</span> <span class='ocrx_word' id='word_1_69' title='bbox 1395 549 1472 575; x_wconf 90' lang='lat' dir='ltr'>non</span> <span class='ocrx_word' id='word_1_70' title='bbox 1503 549 1600 575; x_wconf 86' lang='lat' dir='ltr'>sane</span> <span class='ocrx_word' id='word_1_71' title='bbox 1619 534 1793 575; x_wconf 85' lang='lat' dir='ltr'>animosa</span> 
     </span>
     <span class='ocr_line' id='line_1_11' title="bbox 234 608 1794 665; baseline -0.005 -10"><span class='ocrx_word' id='word_1_72' title='bbox 234 615 461 656; x_wconf 85' lang='lat' dir='ltr'>defendatur</span> <span class='ocrx_word' id='word_1_73' title='bbox 483 611 701 662; x_wconf 87' lang='lat' dir='ltr'>sententia,</span> <span class='ocrx_word' id='word_1_74' title='bbox 736 625 803 665; x_wconf 89' lang='lat' dir='ltr'>pro</span> <span class='ocrx_word' id='word_1_75' title='bbox 828 625 902 665; x_wconf 91' lang='lat' dir='ltr'>qua</span> <span class='ocrx_word' id='word_1_76' title='bbox 926 625 1003 650; x_wconf 88' lang='lat' dir='ltr'>non</span> <span class='ocrx_word' id='word_1_77' title='bbox 1027 610 1066 649; x_wconf 93' lang='lat' dir='ltr'>in</span> <span class='ocrx_word' id='word_1_78' title='bbox 1092 616 1255 660; x_wconf 86' lang='lat' dir='ltr'>senatu,</span> <span class='ocrx_word' id='word_1_79' title='bbox 1299 623 1375 649; x_wconf 93' lang='lat' dir='ltr'>non</span> <span class='ocrx_word' id='word_1_80' title='bbox 1398 608 1435 648; x_wconf 91' lang='lat' dir='ltr'>in</span> <span class='ocrx_word' id='word_1_81' title='bbox 1461 609 1672 658; x_wconf 82' lang='lat' dir='ltr'>concione,</span> <span class='ocrx_word' id='word_1_82' title='bbox 1715 621 1794 648; x_wconf 85' lang='lat' dir='ltr'>non</span> 
     </span>
    </p>
   </div>
   <div class='ocr_carea' id='block_1_9' title="bbox 236 682 1436 744">
    <p class='ocr_par' dir='ltr' id='par_1_9' title="bbox 236 682 1436 744">
     <span class='ocr_line' id='line_1_12' title="bbox 236 682 1436 744; baseline -0.007 -15"><span class='ocrx_word' id='word_1_83' title='bbox 236 689 333 744; x_wconf 88' lang='lat' dir='ltr'>apud</span> <span class='ocrx_word' id='word_1_84' title='bbox 360 687 577 728; x_wconf 83' lang='lat' dir='ltr'>exercitum</span> <span class='ocrx_word' id='word_1_85' title='bbox 594 717 604 736; x_wconf 90' lang='lat'>,</span> <span class='ocrx_word' id='word_1_86' title='bbox 637 698 762 739; x_wconf 89' lang='lat' dir='ltr'>neque</span> <span class='ocrx_word' id='word_1_87' title='bbox 783 685 829 724; x_wconf 88' lang='lat' dir='ltr'>ad</span> <span class='ocrx_word' id='word_1_88' title='bbox 846 687 862 711; x_wconf 81' lang='grc'>3</span> <span class='ocrx_word' id='word_1_89' title='bbox 890 696 1076 723; x_wconf 79' lang='lat' dir='ltr'>censores</span> <span class='ocrx_word' id='word_1_90' title='bbox 1101 682 1231 722; x_wconf 86' lang='lat' dir='ltr'>dicere</span> <span class='ocrx_word' id='word_1_91' title='bbox 1254 683 1436 722; x_wconf 78' lang='lat' dir='ltr'>audeant.</span> 
     </span>
    </p>
   </div>
   <div class='ocr_carea' id='block_1_10' title="bbox 1477 680 1794 722">
    <p class='ocr_par' dir='ltr' id='par_1_10' title="bbox 1477 680 1794 722">
     <span class='ocr_line' id='line_1_13' title="bbox 1477 680 1794 722; baseline -0.003 0"><span class='ocrx_word' id='word_1_92' title='bbox 1477 711 1484 718; x_wconf 85' lang='lat'><strong>.</strong></span> <span class='ocrx_word' id='word_1_93' title='bbox 1501 680 1579 722; x_wconf 81' lang='lat' dir='ltr'>Sed</span> <span class='ocrx_word' id='word_1_94' title='bbox 1603 696 1689 722; x_wconf 90' lang='lat' dir='ltr'>cum</span> <span class='ocrx_word' id='word_1_95' title='bbox 1709 681 1794 722; x_wconf 86' lang='lat' dir='ltr'>istis</span> 
     </span>
    </p>
   </div>
   <div class='ocr_carea' id='block_1_11' title="bbox 237 755 1794 813">
    <p class='ocr_par' dir='ltr' id='par_1_11' title="bbox 237 755 1794 813">
     <span class='ocr_line' id='line_1_14' title="bbox 237 755 1794 813; baseline -0.005 -11"><span class='ocrx_word' id='word_1_96' title='bbox 237 761 356 812; x_wconf 89' lang='lat' dir='ltr'>alias,</span> <span class='ocrx_word' id='word_1_97' title='bbox 401 767 437 800; x_wconf 86' lang='lat' dir='ltr'>et</span> <span class='ocrx_word' id='word_1_98' title='bbox 468 774 514 800; x_wconf 88' lang='lat' dir='ltr'>eo</span> <span class='ocrx_word' id='word_1_99' title='bbox 542 759 693 813; x_wconf 88' lang='lat' dir='ltr'>quidem</span> <span class='ocrx_word' id='word_1_100' title='bbox 726 757 878 807; x_wconf 84' lang='lat' dir='ltr'>animo,</span> <span class='ocrx_word' id='word_1_101' title='bbox 926 757 1069 797; x_wconf 88' lang='lat' dir='ltr'>nullum</span> <span class='ocrx_word' id='word_1_102' title='bbox 1103 764 1142 796; x_wconf 89' lang='lat' dir='ltr'>ut</span> <span class='ocrx_word' id='word_1_103' title='bbox 1166 763 1364 796; x_wconf 86' lang='lat' dir='ltr'>certamen</span> <span class='ocrx_word' id='word_1_104' title='bbox 1393 755 1615 806; x_wconf 83' lang='lat' dir='ltr'>instituam,</span> <span class='ocrx_word' id='word_1_105' title='bbox 1658 769 1794 795; x_wconf 86' lang='lat' dir='ltr'>verum</span> 
     </span>
    </p>
   </div>
   <div class='ocr_carea' id='block_1_12' title="bbox 237 832 767 875">
    <p class='ocr_par' dir='ltr' id='par_1_12' title="bbox 237 832 767 875">
     <span class='ocr_line' id='line_1_15' title="bbox 237 832 767 875; baseline -0.009 0"><span class='ocrx_word' id='word_1_106' title='bbox 237 834 452 875; x_wconf 82' lang='lat' dir='ltr'>dicentibus</span> <span class='ocrx_word' id='word_1_107' title='bbox 483 832 592 872; x_wconf 79' lang='lat' dir='ltr'>facile</span> <span class='ocrx_word' id='word_1_108' title='bbox 619 832 767 871; x_wconf 83' lang='lat' dir='ltr'>cedam.</span> 
     </span>
    </p>
   </div>
   <div class='ocr_carea' id='block_1_13' title="bbox 238 903 1184 961">
    <p class='ocr_par' dir='ltr' id='par_1_13' title="bbox 238 903 1184 961">
     <span class='ocr_line' id='line_1_16' title="bbox 238 903 1184 961; baseline -0.006 -13"><span class='ocrx_word' id='word_1_109' title='bbox 238 909 285 948; x_wconf 91' lang='lat' dir='ltr'>ad</span> <span class='ocrx_word' id='word_1_110' title='bbox 307 920 447 961; x_wconf 86' lang='lat' dir='ltr'>corpus</span> <span class='ocrx_word' id='word_1_111' title='bbox 471 905 598 945; x_wconf 87' lang='lat' dir='ltr'>omnia</span> <span class='ocrx_word' id='word_1_112' title='bbox 621 906 771 944; x_wconf 81' lang='lat' dir='ltr'>referre</span> <span class='ocrx_word' id='word_1_113' title='bbox 798 904 1034 958; x_wconf 74' lang='lat' dir='ltr'>sapientem,</span> <span class='ocrx_word' id='word_1_114' title='bbox 1077 903 1184 953; x_wconf 79' lang='lat' dir='ltr'>sive,</span> 
     </span>
    </p>
   </div>
   <div class='ocr_carea' id='block_1_14' title="bbox 830 829 1265 870">
    <p class='ocr_par' dir='ltr' id='par_1_14' title="bbox 830 829 1265 870">
     <span class='ocr_line' id='line_1_17' title="bbox 830 829 1265 870; baseline -0.002 -1"><span class='ocrx_word' id='word_1_115' title='bbox 830 829 998 870; x_wconf 85' lang='lat' dir='ltr'>Tantum</span> <span class='ocrx_word' id='word_1_116' title='bbox 1027 830 1265 870; x_wconf 84' lang='lat' dir='ltr'>admonebo:</span> 
     </span>
    </p>
   </div>
   <div class='ocr_carea' id='block_1_15' title="bbox 1227 828 1798 952">
    <p class='ocr_par' dir='ltr' id='par_1_15' title="bbox 1227 828 1798 952">
     <span class='ocr_line' id='line_1_18' title="bbox 1306 828 1793 879; baseline 0 -11"><span class='ocrx_word' id='word_1_117' title='bbox 1306 829 1338 868; x_wconf 93' lang='lat' dir='ltr'>si</span> <span class='ocrx_word' id='word_1_118' title='bbox 1373 829 1543 869; x_wconf 79' lang='lat' dir='ltr'>maxime</span> <span class='ocrx_word' id='word_1_119' title='bbox 1566 842 1699 869; x_wconf 78' lang='lat' dir='ltr'>verum</span> <span class='ocrx_word' id='word_1_120' title='bbox 1728 828 1793 879; x_wconf 84' lang='lat' dir='ltr'>sit,</span> 
     </span>
     <span class='ocr_line' id='line_1_19' title="bbox 1227 901 1798 952; baseline -0.002 -10"><span class='ocrx_word' id='word_1_121' title='bbox 1227 910 1267 942; x_wconf 94' lang='lat' dir='ltr'>ut</span> <span class='ocrx_word' id='word_1_122' title='bbox 1293 902 1493 942; x_wconf 74' lang='lat' dir='ltr'>honestius</span> <span class='ocrx_word' id='word_1_123' title='bbox 1518 903 1662 952; x_wconf 84' lang='lat' dir='ltr'>dicam,</span> <span class='ocrx_word' id='word_1_124' title='bbox 1703 901 1798 941; x_wconf 88' lang='lat' dir='ltr'>nibil</span> 
     </span>
    </p>
   </div>
   <div class='ocr_carea' id='block_1_16' title="bbox 239 975 1794 1031">
    <p class='ocr_par' dir='ltr' id='par_1_16' title="bbox 239 975 1794 1031">
     <span class='ocr_line' id='line_1_20' title="bbox 239 975 1794 1031; baseline -0.004 -11"><span class='ocrx_word' id='word_1_125' title='bbox 239 983 391 1030; x_wconf 85' lang='lat' dir='ltr'>facere,</span> <span class='ocrx_word' id='word_1_126' title='bbox 427 978 499 1018; x_wconf 91' lang='lat' dir='ltr'>nisi</span> <span class='ocrx_word' id='word_1_127' title='bbox 527 978 625 1031; x_wconf 90' lang='lat' dir='ltr'>quod</span> <span class='ocrx_word' id='word_1_128' title='bbox 649 978 856 1031; x_wconf 75' lang='lat' dir='ltr'>expediat,</span> <span class='ocrx_word' id='word_1_129' title='bbox 891 975 974 1015; x_wconf 84' lang='lat' dir='ltr'>sive</span> <span class='ocrx_word' id='word_1_130' title='bbox 1000 975 1129 1015; x_wconf 83' lang='lat' dir='ltr'>omnia</span> <span class='ocrx_word' id='word_1_131' title='bbox 1153 977 1302 1015; x_wconf 79' lang='lat' dir='ltr'>referre</span> <span class='ocrx_word' id='word_1_132' title='bbox 1324 976 1369 1015; x_wconf 88' lang='lat' dir='ltr'>ad</span> <span class='ocrx_word' id='word_1_133' title='bbox 1395 975 1599 1015; x_wconf 79' lang='lat' dir='ltr'>utilitatem</span> <span class='ocrx_word' id='word_1_134' title='bbox 1622 977 1766 1015; x_wconf 80' lang='lat' dir='ltr'>suam4</span> <span class='ocrx_word' id='word_1_135' title='bbox 1784 1006 1794 1025; x_wconf 94' lang='lat'>,</span> 
     </span>
    </p>
   </div>
   <div class='ocr_carea' id='block_1_17' title="bbox 240 1047 1799 1107">
    <p class='ocr_par' dir='ltr' id='par_1_17' title="bbox 240 1047 1799 1107">
     <span class='ocr_line' id='line_1_21' title="bbox 240 1047 1799 1107; baseline -0.003 -15"><span class='ocrx_word' id='word_1_136' title='bbox 240 1052 420 1107; x_wconf 90' lang='lat' dir='ltr'>quoniam</span> <span class='ocrx_word' id='word_1_137' title='bbox 450 1051 545 1090; x_wconf 87' lang='lat' dir='ltr'>haec</span> <span class='ocrx_word' id='word_1_138' title='bbox 577 1048 793 1104; x_wconf 80' lang='lat' dir='ltr'>plausibilia</span> <span class='ocrx_word' id='word_1_139' title='bbox 827 1063 902 1088; x_wconf 91' lang='lat' dir='ltr'>nou</span> <span class='ocrx_word' id='word_1_140' title='bbox 933 1055 1047 1098; x_wconf 84' lang='lat' dir='ltr'>sunt,</span> <span class='ocrx_word' id='word_1_141' title='bbox 1099 1054 1140 1088; x_wconf 84' lang='lat' dir='ltr'>ut</span> <span class='ocrx_word' id='word_1_142' title='bbox 1172 1047 1211 1087; x_wconf 91' lang='lat' dir='ltr'>in</span> <span class='ocrx_word' id='word_1_143' title='bbox 1246 1048 1333 1088; x_wconf 92' lang='lat' dir='ltr'>sinu</span> <span class='ocrx_word' id='word_1_144' title='bbox 1369 1049 1583 1101; x_wconf 81' lang='lat' dir='ltr'>gaudeant,</span> <span class='ocrx_word' id='word_1_145' title='bbox 1629 1048 1799 1102; x_wconf 82' lang='lat' dir='ltr'>gloriose</span> 
     </span>
    </p>
   </div>
   <div class='ocr_carea' id='block_1_18' title="bbox 242 1124 569 1179">
    <p class='ocr_par' dir='ltr' id='par_1_18' title="bbox 242 1124 569 1179">
     <span class='ocr_line' id='line_1_22' title="bbox 242 1124 569 1179; baseline -0.012 -13"><span class='ocrx_word' id='word_1_146' title='bbox 242 1126 343 1179; x_wconf 88' lang='lat' dir='ltr'>loqui</span> <span class='ocrx_word' id='word_1_147' title='bbox 377 1124 569 1164; x_wconf 86' lang='lat' dir='ltr'>desinant.</span> 
     </span>
    </p>
   </div>
   <div class='ocr_carea' id='block_1_19' title="bbox 356 1195 499 1238">
    <p class='ocr_par' dir='ltr' id='par_1_19' title="bbox 356 1195 499 1238">
     <span class='ocr_line' id='line_1_23' title="bbox 356 1195 499 1238; baseline -0.014 0"><span class='ocrx_word' id='word_1_148' title='bbox 356 1195 499 1238; x_wconf 86' lang='lat' dir='ltr'>XXlI.</span> 
     </span>
    </p>
   </div>
   <div class='ocr_carea' id='block_1_20' title="bbox 242 1267 1429 1323">
    <p class='ocr_par' dir='ltr' id='par_1_20' title="bbox 242 1267 1429 1323">
     <span class='ocr_line' id='line_1_24' title="bbox 242 1267 1429 1323; baseline -0.004 -11"><span class='ocrx_word' id='word_1_149' title='bbox 242 1272 368 1312; x_wconf 88' lang='lat' dir='ltr'>dinem</span> <span class='ocrx_word' id='word_1_150' title='bbox 389 1277 551 1311; x_wconf 85' lang='lat' dir='ltr'>censent</span> <span class='ocrx_word' id='word_1_151' title='bbox 571 1268 783 1319; x_wconf 82' lang='lat' dir='ltr'>exsistere,</span> <span class='ocrx_word' id='word_1_152' title='bbox 818 1268 850 1308; x_wconf 92' lang='lat' dir='ltr'>si</span> <span class='ocrx_word' id='word_1_153' title='bbox 872 1267 1102 1323; x_wconf 85' lang='lat' dir='ltr'>necopinato</span> <span class='ocrx_word' id='word_1_154' title='bbox 1124 1268 1213 1322; x_wconf 86' lang='lat' dir='ltr'>quid</span> <span class='ocrx_word' id='word_1_155' title='bbox 1237 1268 1429 1308; x_wconf 73' lang='lat' dir='ltr'>evenerit.</span> 
     </span>
    </p>
   </div>
   <div class='ocr_carea' id='block_1_21' title="bbox 332 1385 1005 1421">
    <p class='ocr_par' dir='ltr' id='par_1_21' title="bbox 332 1385 1005 1421">
     <span class='ocr_line' id='line_1_25' title="bbox 332 1385 1005 1421; baseline -0.008 0.023"><span class='ocrx_word' id='word_1_156' title='bbox 332 1389 354 1421; x_wconf 78' lang='lat'><strong>2</strong></span> <span class='ocrx_word' id='word_1_157' title='bbox 379 1390 417 1420; x_wconf 87' lang='lat' dir='ltr'>L.</span> <span class='ocrx_word' id='word_1_158' title='bbox 444 1388 529 1421; x_wconf 85' lang='lat' dir='ltr'>coni.</span> <span class='ocrx_word' id='word_1_159' title='bbox 549 1391 665 1419; x_wconf 74' lang='lat' dir='ltr'>ratum.</span> <span class='ocrx_word' id='word_1_160' title='bbox 711 1385 810 1417; x_wconf 86' lang='lat' dir='ltr'>Male.</span> <span class='ocrx_word' id='word_1_161' title='bbox 858 1386 896 1417; x_wconf 76' lang='lat' dir='ltr'><strong>V.</strong></span> <span class='ocrx_word' id='word_1_162' title='bbox 920 1385 1005 1417; x_wconf 89' lang='lat' dir='ltr'>Adu.</span> 
     </span>
    </p>
   </div>
   <div class='ocr_carea' id='block_1_22' title="bbox 243 1430 1103 1551">
    <p class='ocr_par' dir='ltr' id='par_1_22' title="bbox 243 1430 1103 1551">
     <span class='ocr_line' id='line_1_26' title="bbox 243 1430 1103 1478; baseline -0.007 -12"><span class='ocrx_word' id='word_1_163' title='bbox 243 1434 406 1478; x_wconf 86' lang='lat' dir='ltr'>plerisque</span> <span class='ocrx_word' id='word_1_164' title='bbox 429 1432 525 1465; x_wconf 86' lang='lat' dir='ltr'>codd.</span> <span class='ocrx_word' id='word_1_165' title='bbox 550 1439 583 1463; x_wconf 85' lang='lat' dir='ltr'>et</span> <span class='ocrx_word' id='word_1_166' title='bbox 607 1430 717 1474; x_wconf 80' lang='lat' dir='ltr'>paucis</span> <span class='ocrx_word' id='word_1_167' title='bbox 741 1430 815 1461; x_wconf 84' lang='lat' dir='ltr'>edd.</span> <span class='ocrx_word' id='word_1_168' title='bbox 839 1436 919 1461; x_wconf 56' lang='lat' dir='ltr'>tett.</span> <span class='ocrx_word' id='word_1_169' title='bbox 942 1442 1002 1472; x_wconf 79' lang='lat' dir='ltr'>pio</span> <span class='ocrx_word' id='word_1_170' title='bbox 1026 1430 1103 1473; x_wconf 79' lang='lat' dir='ltr'>vgul</span> 
     </span>
     <span class='ocr_line' id='line_1_27' title="bbox 243 1456 1101 1551; baseline -0.007 -40"><span class='ocrx_word' id='word_1_171' title='bbox 243 1479 343 1511; x_wconf 81' lang='lat' dir='ltr'>verba</span> <span class='ocrx_word' id='word_1_172' title='bbox 365 1481 428 1510; x_wconf 83' lang='lat' dir='ltr'>sive</span> <span class='ocrx_word' id='word_1_173' title='bbox 449 1480 553 1509; x_wconf 80' lang='lat' dir='ltr'>omnia</span> <span class='ocrx_word' id='word_1_174' title='bbox 577 1496 617 1500; x_wconf 97' lang='lat'><strong>—</strong></span> <span class='ocrx_word' id='word_1_175' title='bbox 640 1487 731 1508; x_wconf 84' lang='lat' dir='ltr'>suam</span> <span class='ocrx_word' id='word_1_176' title='bbox 755 1487 813 1518; x_wconf 76' lang='lat' dir='ltr'>pio</span> <span class='ocrx_word' id='word_1_177' title='bbox 836 1475 935 1517; x_wconf 81' lang='lat' dir='ltr'>gloss</span> <span class='ocrx_word' id='word_1_178' title='bbox 927 1456 1101 1551; x_wconf 38' lang='lat' dir='ltr'>aXlixilfiuit0</span> 
     </span>
     <span class='ocr_line' id='line_1_28' title="bbox 992 1537 1011 1551; baseline 0 0"><span class='ocrx_word' id='word_1_179' title='bbox 992 1537 1011 1551; x_wconf 58' lang='lat' dir='ltr'>X</span> 
     </span>
    </p>
   </div>
   <div class='ocr_carea' id='block_1_23' title="bbox 244 1523 894 1567">
    <p class='ocr_par' dir='ltr' id='par_1_23' title="bbox 244 1523 894 1567">
     <span class='ocr_line' id='line_1_29' title="bbox 244 1523 894 1567; baseline -0.005 -12"><span class='ocrx_word' id='word_1_180' title='bbox 244 1530 380 1567; x_wconf 88' lang='lat' dir='ltr'>quentes</span> <span class='ocrx_word' id='word_1_181' title='bbox 407 1534 498 1563; x_wconf 81' lang='lat' dir='ltr'>esse,</span> <span class='ocrx_word' id='word_1_182' title='bbox 523 1528 613 1553; x_wconf 88' lang='lat' dir='ltr'>recte</span> <span class='ocrx_word' id='word_1_183' title='bbox 637 1527 752 1552; x_wconf 87' lang='lat' dir='ltr'>monet</span> <span class='ocrx_word' id='word_1_184' title='bbox 777 1523 894 1552; x_wconf 73' lang='lat' dir='ltr'>Nissen.</span> 
     </span>
    </p>
   </div>
   <div class='ocr_carea' id='block_1_24' title="bbox 243 1587 1016 2973">
    <p class='ocr_par' dir='ltr' id='par_1_24' title="bbox 243 1587 1009 1846">
     <span class='ocr_line' id='line_1_30' title="bbox 312 1587 1007 1631; baseline -0.006 -9"><span class='ocrx_word' id='word_1_185' title='bbox 312 1593 350 1622; x_wconf 77' lang='lat' dir='ltr'>Et</span> <span class='ocrx_word' id='word_1_186' title='bbox 374 1593 419 1621; x_wconf 81' lang='lat' dir='ltr'>illi</span> <span class='ocrx_word' id='word_1_187' title='bbox 440 1588 597 1631; x_wconf 76' lang='lat' dir='ltr'>puynam]</span> <span class='ocrx_word' id='word_1_188' title='bbox 620 1587 772 1631; x_wconf 81' lang='lat' dir='ltr'>Epicurei</span> <span class='ocrx_word' id='word_1_189' title='bbox 796 1587 915 1619; x_wconf 83' lang='lat' dir='ltr'>acriter</span> <span class='ocrx_word' id='word_1_190' title='bbox 934 1595 1007 1618; x_wconf 87' lang='lat' dir='ltr'>stu—</span> 
     </span>
     <span class='ocr_line' id='line_1_31' title="bbox 245 1633 1007 1678; baseline -0.005 -12"><span class='ocrx_word' id='word_1_191' title='bbox 245 1636 401 1678; x_wconf 86' lang='lat' dir='ltr'>dioseque</span> <span class='ocrx_word' id='word_1_192' title='bbox 433 1646 529 1677; x_wconf 88' lang='lat' dir='ltr'>quam</span> <span class='ocrx_word' id='word_1_193' title='bbox 563 1640 777 1675; x_wconf 87' lang='lat' dir='ltr'>susceperunt</span> <span class='ocrx_word' id='word_1_194' title='bbox 810 1633 1007 1663; x_wconf 78' lang='lat' dir='ltr'>sententiam</span> 
     </span>
     <span class='ocr_line' id='line_1_32' title="bbox 244 1678 1009 1720; baseline -0.005 -8"><span class='ocrx_word' id='word_1_195' title='bbox 244 1680 448 1712; x_wconf 66' lang='lat' dir='ltr'>dese11dunt2</span> <span class='ocrx_word' id='word_1_196' title='bbox 472 1690 533 1720; x_wconf 79' lang='lat' dir='ltr'>ego</span> <span class='ocrx_word' id='word_1_197' title='bbox 551 1686 674 1717; x_wconf 79' lang='lat' dir='ltr'>contra,</span> <span class='ocrx_word' id='word_1_198' title='bbox 699 1678 777 1709; x_wconf 92' lang='lat' dir='ltr'>nulli</span> <span class='ocrx_word' id='word_1_199' title='bbox 800 1684 907 1708; x_wconf 83' lang='lat' dir='ltr'>certae</span> <span class='ocrx_word' id='word_1_200' title='bbox 927 1689 1009 1709; x_wconf 87' lang='lat' dir='ltr'>con-</span> 
     </span>
     <span class='ocr_line' id='line_1_33' title="bbox 243 1723 1009 1765; baseline -0.005 -8"><span class='ocrx_word' id='word_1_201' title='bbox 243 1732 386 1757; x_wconf 78' lang='lat' dir='ltr'>secratus</span> <span class='ocrx_word' id='word_1_202' title='bbox 421 1724 632 1765; x_wconf 85' lang='lat' dir='ltr'>disciplinae,</span> <span class='ocrx_word' id='word_1_203' title='bbox 667 1723 693 1753; x_wconf 86' lang='lat' dir='ltr'>si</span> <span class='ocrx_word' id='word_1_204' title='bbox 719 1723 900 1754; x_wconf 85' lang='lat' dir='ltr'>rationibus</span> <span class='ocrx_word' id='word_1_205' title='bbox 926 1734 1009 1754; x_wconf 87' lang='lat' dir='ltr'>con-</span> 
     </span>
     <span class='ocr_line' id='line_1_34' title="bbox 246 1767 1009 1802; baseline -0.003 -2"><span class='ocrx_word' id='word_1_206' title='bbox 246 1770 348 1801; x_wconf 70' lang='lat' dir='ltr'>victus</span> <span class='ocrx_word' id='word_1_207' title='bbox 385 1781 462 1802; x_wconf 77' lang='lat' dir='ltr'>cro.</span> <span class='ocrx_word' id='word_1_208' title='bbox 500 1768 596 1800; x_wconf 80' lang='lat' dir='ltr'>facilc</span> <span class='ocrx_word' id='word_1_209' title='bbox 622 1767 734 1799; x_wconf 76' lang='lat' dir='ltr'>cedam</span> <span class='ocrx_word' id='word_1_210' title='bbox 760 1767 942 1799; x_wconf 77' lang='lat' dir='ltr'>sententiae</span> <span class='ocrx_word' id='word_1_211' title='bbox 966 1767 1009 1798; x_wconf 88' lang='lat' dir='ltr'>il-</span> 
     </span>
     <span class='ocr_line' id='line_1_35' title="bbox 246 1815 361 1846; baseline -0.009 0"><span class='ocrx_word' id='word_1_212' title='bbox 246 1815 361 1846; x_wconf 73' lang='lat' dir='ltr'>lorum.</span> 
     </span>
    </p>

    <p class='ocr_par' dir='ltr' id='par_1_25' title="bbox 244 1858 1015 2524">
     <span class='ocr_line' id='line_1_36' title="bbox 311 1858 1009 1902; baseline -0.003 -12"><span class='ocrx_word' id='word_1_213' title='bbox 311 1859 468 1902; x_wconf 70' lang='lat' dir='ltr'>laborare]</span> <span class='ocrx_word' id='word_1_214' title='bbox 493 1861 650 1890; x_wconf 66' lang='grc' dir='ltr'>[αὔοι-ατε</span> <span class='ocrx_word' id='word_1_215' title='bbox 673 1864 721 1888; x_wconf 82' lang='lat' dir='ltr'>est</span> <span class='ocrx_word' id='word_1_216' title='bbox 744 1858 775 1888; x_wconf 91' lang='lat' dir='ltr'><strong>h.</strong></span> <span class='ocrx_word' id='word_1_217' title='bbox 800 1858 820 1888; x_wconf 93' lang='lat' dir='ltr'>l.</span> <span class='ocrx_word' id='word_1_218' title='bbox 844 1858 1009 1889; x_wconf 70' lang='lat' dir='ltr'>laboriose</span> 
     </span>
     <span class='ocr_line' id='line_1_37' title="bbox 244 1905 1011 1948; baseline -0.001 -13"><span class='ocrx_word' id='word_1_219' title='bbox 244 1916 400 1948; x_wconf 83' lang='lat' dir='ltr'>pugnare.</span> <span class='ocrx_word' id='word_1_220' title='bbox 449 1908 557 1935; x_wconf 80' lang='lat' dir='ltr'>Actum</span> <span class='ocrx_word' id='word_1_221' title='bbox 581 1905 758 1935; x_wconf 78' lang='lat' dir='ltr'>habiturum</span> <span class='ocrx_word' id='word_1_222' title='bbox 791 1905 872 1943; x_wconf 81' lang='lat' dir='ltr'>quod</span> <span class='ocrx_word' id='word_1_223' title='bbox 897 1906 1011 1943; x_wconf 70' lang='lat' dir='ltr'>eyerint</span> 
     </span>
     <span class='ocr_line' id='line_1_38' title="bbox 247 1947 1009 1998; baseline -0.004 -17"><span class='ocrx_word' id='word_1_224' title='bbox 247 1957 297 1981; x_wconf 89' lang='lat' dir='ltr'>est</span> <span class='ocrx_word' id='word_1_225' title='bbox 321 1961 389 1980; x_wconf 87' lang='lat' dir='ltr'>rem</span> <span class='ocrx_word' id='word_1_226' title='bbox 413 1949 453 1980; x_wconf 87' lang='lat' dir='ltr'>ab</span> <span class='ocrx_word' id='word_1_227' title='bbox 480 1947 646 1998; x_wconf 40' lang='lat' dir='ltr'>Epicu-reis</span> <span class='ocrx_word' id='word_1_228' title='bbox 675 1955 781 1979; x_wconf 85' lang='lat' dir='ltr'>actam</span> <span class='ocrx_word' id='word_1_229' title='bbox 818 1948 850 1990; x_wconf 71' lang='lat' dir='ltr'>(i.</span> <span class='ocrx_word' id='word_1_230' title='bbox 871 1960 887 1978; x_wconf 93' lang='lat' dir='ltr'>e</span> <span class='ocrx_word' id='word_1_231' title='bbox 926 1959 1009 1978; x_wconf 86' lang='lat' dir='ltr'>con—</span> 
     </span>
     <span class='ocr_line' id='line_1_39' title="bbox 247 1992 1007 2035; baseline -0.003 -9"><span class='ocrx_word' id='word_1_232' title='bbox 247 1994 463 2026; x_wconf 76' lang='lat' dir='ltr'>certationem</span> <span class='ocrx_word' id='word_1_233' title='bbox 501 1994 542 2023; x_wconf 86' lang='lat' dir='ltr'>ab</span> <span class='ocrx_word' id='word_1_234' title='bbox 578 1992 616 2023; x_wconf 91' lang='lat' dir='ltr'>iis</span> <span class='ocrx_word' id='word_1_235' title='bbox 652 1993 799 2023; x_wconf 83' lang='lat' dir='ltr'>studiose</span> <span class='ocrx_word' id='word_1_236' title='bbox 838 1993 1007 2035; x_wconf 67' lang='lat' dir='ltr'>agitatam)</span> 
     </span>
     <span class='ocr_line' id='line_1_40' title="bbox 247 2038 1012 2070; baseline -0.003 0"><span class='ocrx_word' id='word_1_237' title='bbox 247 2046 444 2070; x_wconf 72' lang='lat' dir='ltr'>transactam</span> <span class='ocrx_word' id='word_1_238' title='bbox 463 2038 731 2068; x_wconf 77' lang='lat' dir='ltr'>existimaturum.</span> <span class='ocrx_word' id='word_1_239' title='bbox 773 2039 858 2068; x_wconf 86' lang='lat' dir='ltr'>Bene</span> <span class='ocrx_word' id='word_1_240' title='bbox 881 2040 1012 2069; x_wconf 84' lang='lat' dir='ltr'>Orellius</span> 
     </span>
     <span class='ocr_line' id='line_1_41' title="bbox 249 2081 1010 2124; baseline -0.003 -10"><span class='ocrx_word' id='word_1_241' title='bbox 249 2084 413 2121; x_wconf 77' lang='lat' dir='ltr'>observat,</span> <span class='ocrx_word' id='word_1_242' title='bbox 438 2082 630 2112; x_wconf 75' lang='lat' dir='ltr'>Ciccionem</span> <span class='ocrx_word' id='word_1_243' title='bbox 650 2082 682 2112; x_wconf 92' lang='lat' dir='ltr'><strong>h.</strong></span> <span class='ocrx_word' id='word_1_244' title='bbox 703 2082 722 2113; x_wconf 91' lang='lat' dir='ltr'>l.</span> <span class='ocrx_word' id='word_1_245' title='bbox 746 2081 835 2123; x_wconf 88' lang='lat' dir='ltr'>loqui</span> <span class='ocrx_word' id='word_1_246' title='bbox 856 2089 967 2124; x_wconf 77' lang='lat' dir='ltr'>tanqu</span> <span class='ocrx_word' id='word_1_247' title='bbox 969 2093 1010 2112; x_wconf 69' lang='lat' dir='ltr'>rm</span> 
     </span>
     <span class='ocr_line' id='line_1_42' title="bbox 249 2125 1009 2167; baseline -0.004 -9"><span class='ocrx_word' id='word_1_248' title='bbox 249 2128 352 2159; x_wconf 85' lang='lat' dir='ltr'>virum</span> <span class='ocrx_word' id='word_1_249' title='bbox 375 2127 406 2157; x_wconf 88' lang='lat' dir='ltr'>in</span> <span class='ocrx_word' id='word_1_250' title='bbox 432 2127 500 2157; x_wconf 87' lang='lat' dir='ltr'>alto</span> <span class='ocrx_word' id='word_1_251' title='bbox 524 2125 691 2167; x_wconf 85' lang='lat' dir='ltr'>dignitatis</span> <span class='ocrx_word' id='word_1_252' title='bbox 716 2126 818 2167; x_wconf 81' lang='lat' dir='ltr'>gradu</span> <span class='ocrx_word' id='word_1_253' title='bbox 844 2126 1009 2158; x_wconf 83' lang='lat' dir='ltr'>constitu-</span> 
     </span>
     <span class='ocr_line' id='line_1_43' title="bbox 249 2170 1011 2210; baseline -0.004 -6"><span class='ocrx_word' id='word_1_254' title='bbox 249 2179 337 2210; x_wconf 81' lang='lat' dir='ltr'>tum,</span> <span class='ocrx_word' id='word_1_255' title='bbox 374 2172 424 2203; x_wconf 90' lang='lat' dir='ltr'>cui</span> <span class='ocrx_word' id='word_1_256' title='bbox 450 2170 585 2202; x_wconf 81' lang='lat' dir='ltr'>odiosae</span> <span class='ocrx_word' id='word_1_257' title='bbox 609 2170 673 2201; x_wconf 76' lang='lat' dir='ltr'>sint</span> <span class='ocrx_word' id='word_1_258' title='bbox 699 2171 887 2201; x_wconf 81' lang='lat' dir='ltr'>umbratiles</span> <span class='ocrx_word' id='word_1_259' title='bbox 911 2171 1011 2201; x_wconf 74' lang='lat' dir='ltr'>scho—</span> 
     </span>
     <span class='ocr_line' id='line_1_44' title="bbox 250 2215 1009 2249; baseline -0.004 -1"><span class='ocrx_word' id='word_1_260' title='bbox 250 2219 353 2249; x_wconf 85' lang='lat' dir='ltr'>larum</span> <span class='ocrx_word' id='word_1_261' title='bbox 376 2216 465 2247; x_wconf 82' lang='lat' dir='ltr'>rixae</span> <span class='ocrx_word' id='word_1_262' title='bbox 488 2222 522 2246; x_wconf 87' lang='lat' dir='ltr'>et</span> <span class='ocrx_word' id='word_1_263' title='bbox 543 2215 817 2248; x_wconf 86' lang='lat' dir='ltr'>concertationes.</span> <span class='ocrx_word' id='word_1_264' title='bbox 858 2215 937 2246; x_wconf 83' lang='lat' dir='ltr'>Aliis</span> <span class='ocrx_word' id='word_1_265' title='bbox 957 2215 1009 2246; x_wconf 92' lang='lat' dir='ltr'>lo-</span> 
     </span>
     <span class='ocr_line' id='line_1_45' title="bbox 252 2260 1012 2302; baseline -0.004 -9"><span class='ocrx_word' id='word_1_266' title='bbox 252 2262 295 2294; x_wconf 80' lang='lat' dir='ltr'>cis</span> <span class='ocrx_word' id='word_1_267' title='bbox 316 2262 401 2293; x_wconf 79' lang='lat' dir='ltr'>hanc</span> <span class='ocrx_word' id='word_1_268' title='bbox 419 2260 619 2292; x_wconf 89' lang='lat' dir='ltr'>locutionem</span> <span class='ocrx_word' id='word_1_269' title='bbox 643 2260 751 2302; x_wconf 87' lang='lat' dir='ltr'>legere</span> <span class='ocrx_word' id='word_1_270' title='bbox 773 2272 825 2291; x_wconf 89' lang='lat' dir='ltr'>me</span> <span class='ocrx_word' id='word_1_271' title='bbox 847 2271 911 2291; x_wconf 88' lang='lat' dir='ltr'>non</span> <span class='ocrx_word' id='word_1_272' title='bbox 939 2272 1012 2290; x_wconf 88' lang='lat' dir='ltr'>me-</span> 
     </span>
     <span class='ocr_line' id='line_1_46' title="bbox 250 2305 1011 2346; baseline -0.004 -8"><span class='ocrx_word' id='word_1_273' title='bbox 250 2307 339 2339; x_wconf 89' lang='lat' dir='ltr'>mini.</span> <span class='ocrx_word' id='word_1_274' title='bbox 388 2305 530 2337; x_wconf 76' lang='lat' dir='ltr'>W&#39;olfius</span> <span class='ocrx_word' id='word_1_275' title='bbox 552 2310 657 2337; x_wconf 74' lang='lat' dir='ltr'>actum</span> <span class='ocrx_word' id='word_1_276' title='bbox 680 2307 789 2337; x_wconf 84' lang='lat' dir='ltr'>habere</span> <span class='ocrx_word' id='word_1_277' title='bbox 814 2305 913 2336; x_wconf 87' lang='lat' dir='ltr'>vertit</span> <span class='ocrx_word' id='word_1_278' title='bbox 936 2316 1011 2346; x_wconf 84' lang='lat' dir='ltr'>per:</span> 
     </span>
     <span class='ocr_line' id='line_1_47' title="bbox 250 2352 1014 2391; baseline -0.004 -7"><span class='ocrx_word' id='word_1_279' title='bbox 250 2354 313 2384; x_wconf 87' lang='lat' dir='ltr'>sich</span> <span class='ocrx_word' id='word_1_280' title='bbox 336 2354 440 2383; x_wconf 79' lang='lat' dir='ltr'>Elwus</span> <span class='ocrx_word' id='word_1_281' title='bbox 469 2353 600 2391; x_wconf 75' lang='lat' dir='ltr'>yefallen</span> <span class='ocrx_word' id='word_1_282' title='bbox 629 2352 749 2389; x_wconf 74' lang='lat' dir='ltr'>tossen,</span> <span class='ocrx_word' id='word_1_283' title='bbox 784 2352 836 2390; x_wconf 66' lang='lat' dir='ltr'>fiir</span> <span class='ocrx_word' id='word_1_284' title='bbox 863 2352 1014 2391; x_wconf 76' lang='lat' dir='ltr'>abyethan</span> 
     </span>
     <span class='ocr_line' id='line_1_48' title="bbox 251 2395 1015 2436; baseline -0.003 -8"><span class='ocrx_word' id='word_1_285' title='bbox 251 2399 363 2428; x_wconf 75' lang='lat' dir='ltr'>holten.</span> <span class='ocrx_word' id='word_1_286' title='bbox 401 2395 538 2426; x_wconf 87' lang='lat' dir='ltr'>Orellius</span> <span class='ocrx_word' id='word_1_287' title='bbox 565 2402 752 2436; x_wconf 81' lang='lat' dir='ltr'>comparat:</span> <span class='ocrx_word' id='word_1_288' title='bbox 779 2400 883 2426; x_wconf 74' lang='lat' dir='ltr'>actum</span> <span class='ocrx_word' id='word_1_289' title='bbox 907 2399 959 2432; x_wconf 71' lang='lat' dir='ltr'>est,</span> <span class='ocrx_word' id='word_1_290' title='bbox 985 2405 1015 2426; x_wconf 83' lang='lat' dir='ltr'>es</span> 
     </span>
     <span class='ocr_line' id='line_1_49' title="bbox 252 2442 1015 2482; baseline -0.001 -11"><span class='ocrx_word' id='word_1_291' title='bbox 252 2444 290 2472; x_wconf 73' lang='lat' dir='ltr'>ist</span> <span class='ocrx_word' id='word_1_292' title='bbox 312 2442 483 2480; x_wconf 69' lang='lat' dir='ltr'>obgelhan,</span> <span class='ocrx_word' id='word_1_293' title='bbox 514 2443 587 2471; x_wconf 81' lang='lat' dir='ltr'>aber</span> <span class='ocrx_word' id='word_1_294' title='bbox 609 2442 713 2472; x_wconf 69' lang='lat' dir='ltr'>Nichts</span> <span class='ocrx_word' id='word_1_295' title='bbox 735 2442 935 2480; x_wconf 73' lang='lat' dir='ltr'>‹111s9erichtet</span> <span class='ocrx_word' id='word_1_296' title='bbox 967 2442 1015 2482; x_wconf 71' lang='lat' dir='ltr'>&lt;ut</span> 
     </span>
     <span class='ocr_line' id='line_1_50' title="bbox 253 2486 456 2524; baseline 0 -9"><span class='ocrx_word' id='word_1_297' title='bbox 253 2487 329 2524; x_wconf 71' lang='lat' dir='ltr'>fuit,</span> <span class='ocrx_word' id='word_1_298' title='bbox 352 2486 456 2516; x_wconf 77' lang='lat' dir='ltr'>vixit</span> 
     </span>
    </p>

    <p class='ocr_par' dir='ltr' id='par_1_26' title="bbox 253 2529 1015 2885">
     <span class='ocr_line' id='line_1_51' title="bbox 320 2529 1015 2578; baseline 0.001 -19"><span class='ocrx_word' id='word_1_299' title='bbox 320 2529 348 2569; x_wconf 61' lang='lat'><strong>6.</strong></span> <span class='ocrx_word' id='word_1_300' title='bbox 367 2529 419 2560; x_wconf 77' lang='lat'><strong>51.</strong></span> <span class='ocrx_word' id='word_1_301' title='bbox 457 2531 537 2578; x_wconf 77' lang='lat' dir='ltr'>Quid</span> <span class='ocrx_word' id='word_1_302' title='bbox 559 2531 681 2571; x_wconf 79' lang='lat' dir='ltr'>enim?]</span> <span class='ocrx_word' id='word_1_303' title='bbox 709 2530 785 2560; x_wconf 83' lang='lat' dir='ltr'>Non</span> <span class='ocrx_word' id='word_1_304' title='bbox 804 2530 889 2560; x_wconf 89' lang='lat' dir='ltr'>enim</span> <span class='ocrx_word' id='word_1_305' title='bbox 909 2542 947 2572; x_wconf 51' lang='lat' dir='ltr'>ab</span> <span class='ocrx_word' id='word_1_306' title='bbox 940 2529 1015 2561; x_wconf 84' lang='lat' dir='ltr'>itur</span> 
     </span>
     <span class='ocr_line' id='line_1_52' title="bbox 255 2572 1013 2617; baseline 0.001 -13"><span class='ocrx_word' id='word_1_307' title='bbox 255 2584 340 2604; x_wconf 79' lang='lat' dir='ltr'>nunc</span> <span class='ocrx_word' id='word_1_308' title='bbox 365 2572 406 2602; x_wconf 82' lang='lat' dir='ltr'>&lt;le</span> <span class='ocrx_word' id='word_1_309' title='bbox 432 2574 628 2613; x_wconf 66' lang='lat' dir='ltr'>reipublicae</span> <span class='ocrx_word' id='word_1_310' title='bbox 652 2586 781 2612; x_wconf 82' lang='lat' dir='ltr'>caussa,</span> <span class='ocrx_word' id='word_1_311' title='bbox 806 2575 838 2605; x_wconf 89' lang='lat' dir='ltr'>in</span> <span class='ocrx_word' id='word_1_312' title='bbox 865 2586 926 2617; x_wconf 85' lang='lat' dir='ltr'>qua</span> <span class='ocrx_word' id='word_1_313' title='bbox 949 2575 1013 2606; x_wconf 74' lang='lat' dir='ltr'>actii</span> 
     </span>
     <span class='ocr_line' id='line_1_53' title="bbox 255 2617 1015 2669; baseline 0 -19"><span class='ocrx_word' id='word_1_314' title='bbox 255 2617 493 2650; x_wconf 78' lang='lat' dir='ltr'>conceitationi</span> <span class='ocrx_word' id='word_1_315' title='bbox 533 2619 781 2669; x_wconf 78' lang='lat' dir='ltr'>sententiaeque</span> <span class='ocrx_word' id='word_1_316' title='bbox 823 2631 1015 2662; x_wconf 73' lang='lat' dir='ltr'>propugna-</span> 
     </span>
     <span class='ocr_line' id='line_1_54' title="bbox 253 2662 1014 2707; baseline 0.001 -13"><span class='ocrx_word' id='word_1_317' title='bbox 253 2662 337 2694; x_wconf 76' lang='lat' dir='ltr'>tioni</span> <span class='ocrx_word' id='word_1_318' title='bbox 352 2662 478 2692; x_wconf 78' lang='lat' dir='ltr'>facilius</span> <span class='ocrx_word' id='word_1_319' title='bbox 494 2662 582 2692; x_wconf 83' lang='lat' dir='ltr'>locus</span> <span class='ocrx_word' id='word_1_320' title='bbox 599 2663 666 2693; x_wconf 70' lang='lat' dir='ltr'>dzffi</span> <span class='ocrx_word' id='word_1_321' title='bbox 682 2664 805 2704; x_wconf 86' lang='lat' dir='ltr'>possit:</span> <span class='ocrx_word' id='word_1_322' title='bbox 830 2676 1014 2707; x_wconf 77' lang='lat' dir='ltr'>quanquam</span> 
     </span>
     <span class='ocr_line' id='line_1_55' title="bbox 255 2706 1012 2748; baseline 0.004 -11"><span class='ocrx_word' id='word_1_323' title='bbox 255 2707 289 2739; x_wconf 87' lang='lat' dir='ltr'>in</span> <span class='ocrx_word' id='word_1_324' title='bbox 320 2706 507 2748; x_wconf 82' lang='lat' dir='ltr'>gravissima</span> <span class='ocrx_word' id='word_1_325' title='bbox 539 2706 581 2737; x_wconf 83' lang='lat' dir='ltr'>de</span> <span class='ocrx_word' id='word_1_326' title='bbox 614 2707 700 2738; x_wconf 77' lang='lat' dir='ltr'>bello</span> <span class='ocrx_word' id='word_1_327' title='bbox 734 2709 855 2739; x_wconf 85' lang='lat' dir='ltr'>Punico</span> <span class='ocrx_word' id='word_1_328' title='bbox 892 2722 1012 2748; x_wconf 80' lang='grc' dir='ltr'>ςιει,ιιιει</span> 
     </span>
     <span class='ocr_line' id='line_1_56' title="bbox 256 2751 1014 2796; baseline 0.003 -13"><span class='ocrx_word' id='word_1_329' title='bbox 256 2763 353 2796; x_wconf 90' lang='lat' dir='ltr'>quurn</span> <span class='ocrx_word' id='word_1_330' title='bbox 374 2751 461 2782; x_wconf 84' lang='lat' dir='ltr'>aliud</span> <span class='ocrx_word' id='word_1_331' title='bbox 485 2752 529 2782; x_wconf 76' lang='lat' dir='ltr'>M.</span> <span class='ocrx_word' id='word_1_332' title='bbox 546 2751 681 2789; x_wconf 71' lang='lat' dir='ltr'>Catoni,</span> <span class='ocrx_word' id='word_1_333' title='bbox 709 2752 795 2783; x_wconf 81' lang='lat' dir='ltr'>aliud</span> <span class='ocrx_word' id='word_1_334' title='bbox 820 2755 857 2784; x_wconf 92' lang='lat' dir='ltr'><strong>L.</strong></span> <span class='ocrx_word' id='word_1_335' title='bbox 874 2754 1014 2785; x_wconf 86' lang='lat' dir='ltr'>Lentulo</span> 
     </span>
     <span class='ocr_line' id='line_1_57' title="bbox 254 2795 1015 2834; baseline 0.004 -6"><span class='ocrx_word' id='word_1_336' title='bbox 254 2796 440 2834; x_wconf 86' lang='lat' dir='ltr'>videretur,</span> <span class='ocrx_word' id='word_1_337' title='bbox 480 2795 567 2827; x_wconf 54' lang='lat' dir='ltr'>nulla</span> <span class='ocrx_word' id='word_1_338' title='bbox 600 2795 686 2827; x_wconf 81' lang='lat' dir='ltr'>inter</span> <span class='ocrx_word' id='word_1_339' title='bbox 721 2807 776 2827; x_wconf 86' lang='lat' dir='ltr'>eos</span> <span class='ocrx_word' id='word_1_340' title='bbox 811 2799 1015 2831; x_wconf 81' lang='lat' dir='ltr'>concertatio</span> 
     </span>
     <span class='ocr_line' id='line_1_58' title="bbox 255 2841 495 2885; baseline -0.009 -12"><span class='ocrx_word' id='word_1_341' title='bbox 255 2853 397 2885; x_wconf 80' lang='lat' dir='ltr'>unquam</span> <span class='ocrx_word' id='word_1_342' title='bbox 422 2841 495 2872; x_wconf 85' lang='lat' dir='ltr'>fuit.</span> 
     </span>
    </p>

    <p class='ocr_par' dir='ltr' id='par_1_27' title="bbox 256 2885 1016 2973">
     <span class='ocr_line' id='line_1_59' title="bbox 321 2885 1014 2926; baseline 0.001 -8"><span class='ocrx_word' id='word_1_343' title='bbox 321 2889 463 2919; x_wconf 81' lang='lat' dir='ltr'>animosa</span> <span class='ocrx_word' id='word_1_344' title='bbox 479 2886 642 2926; x_wconf 73' lang='lat' dir='ltr'>sententia]</span> <span class='ocrx_word' id='word_1_345' title='bbox 669 2896 746 2915; x_wconf 80' lang='lat' dir='ltr'>sane</span> <span class='ocrx_word' id='word_1_346' title='bbox 768 2885 867 2917; x_wconf 80' lang='lat' dir='ltr'>virilis</span> <span class='ocrx_word' id='word_1_347' title='bbox 889 2894 920 2918; x_wconf 78' lang='lat' dir='ltr'>et</span> <span class='ocrx_word' id='word_1_348' title='bbox 943 2900 993 2919; x_wconf 81' lang='lat' dir='ltr'>ma</span> <span class='ocrx_word' id='word_1_349' title='bbox 1007 2909 1014 2912; x_wconf 35' lang='grc' dir='ltr'><em>ν</em></span> 
     </span>
     <span class='ocr_line' id='line_1_60' title="bbox 256 2929 1016 2973; baseline 0.001 -11"><span class='ocrx_word' id='word_1_350' title='bbox 256 2931 352 2962; x_wconf 66' lang='lat' dir='ltr'>scula.</span> <span class='ocrx_word' id='word_1_351' title='bbox 403 2931 507 2962; x_wconf 78' lang='lat' dir='ltr'>Aliter</span> <span class='ocrx_word' id='word_1_352' title='bbox 529 2932 694 2969; x_wconf 79' lang='lat' dir='ltr'>Ernestius‚</span> <span class='ocrx_word' id='word_1_353' title='bbox 725 2929 772 2960; x_wconf 71' lang='lat' dir='ltr'>cui</span> <span class='ocrx_word' id='word_1_354' title='bbox 799 2930 1016 2973; x_wconf 67' lang='lat' dir='ltr'>adstipulatur</span> 
     </span>
    </p>
   </div>
   <div class='ocr_carea' id='block_1_25' title="bbox 563 1193 1801 1250">
    <p class='ocr_par' dir='ltr' id='par_1_28' title="bbox 563 1193 1801 1250">
     <span class='ocr_line' id='line_1_61' title="bbox 563 1193 1801 1250; baseline -0.001 -14"><span class='ocrx_word' id='word_1_355' title='bbox 563 1202 632 1236; x_wconf 83' lang='lat'><strong>52.</strong></span> <span class='ocrx_word' id='word_1_356' title='bbox 668 1193 979 1250; x_wconf 72' lang='lat' dir='ltr'>Cyrenaicorum</span> <span class='ocrx_word' id='word_1_357' title='bbox 1006 1201 1126 1234; x_wconf 87' lang='lat' dir='ltr'>restat</span> <span class='ocrx_word' id='word_1_358' title='bbox 1150 1195 1367 1246; x_wconf 85' lang='lat' dir='ltr'>sententia,</span> <span class='ocrx_word' id='word_1_359' title='bbox 1402 1195 1464 1249; x_wconf 91' lang='lat' dir='ltr'>qui</span> <span class='ocrx_word' id='word_1_360' title='bbox 1482 1198 1495 1222; x_wconf 90' lang='lat'>1</span> <span class='ocrx_word' id='word_1_361' title='bbox 1524 1202 1599 1235; x_wconf 88' lang='lat' dir='ltr'>tum</span> <span class='ocrx_word' id='word_1_362' title='bbox 1630 1195 1801 1248; x_wconf 78' lang='lat' dir='ltr'>aegritu·</span> 
     </span>
    </p>
   </div>
   <div class='ocr_carea' id='block_1_26' title="bbox 1492 1267 1799 1322">
    <p class='ocr_par' dir='ltr' id='par_1_29' title="bbox 1492 1267 1799 1322">
     <span class='ocr_line' id='line_1_62' title="bbox 1492 1267 1799 1322; baseline 0 -14"><span class='ocrx_word' id='word_1_363' title='bbox 1492 1267 1566 1308; x_wconf 85' lang='lat' dir='ltr'>Est</span> <span class='ocrx_word' id='word_1_364' title='bbox 1588 1269 1624 1309; x_wconf 90' lang='lat' dir='ltr'>id</span> <span class='ocrx_word' id='word_1_365' title='bbox 1647 1269 1799 1322; x_wconf 86' lang='lat' dir='ltr'>quidem</span> 
     </span>
    </p>
   </div>
   <div class='ocr_carea' id='block_1_27' title="bbox 1053 1384 1802 1470">
    <p class='ocr_par' dir='ltr' id='par_1_30' title="bbox 1053 1384 1802 1470">
     <span class='ocr_line' id='line_1_63' title="bbox 1053 1384 1802 1418; baseline 0 -1"><span class='ocrx_word' id='word_1_366' title='bbox 1053 1384 1074 1417; x_wconf 86' lang='lat'><strong>3</strong></span> <span class='ocrx_word' id='word_1_367' title='bbox 1099 1385 1151 1417; x_wconf 90' lang='lat' dir='ltr'>Sic</span> <span class='ocrx_word' id='word_1_368' title='bbox 1179 1387 1233 1417; x_wconf 87' lang='lat' dir='ltr'>Or.</span> <span class='ocrx_word' id='word_1_369' title='bbox 1260 1397 1285 1417; x_wconf 91' lang='lat' dir='ltr'>c.</span> <span class='ocrx_word' id='word_1_370' title='bbox 1310 1387 1345 1417; x_wconf 79' lang='lat' dir='ltr'><strong>P..</strong></span> <span class='ocrx_word' id='word_1_371' title='bbox 1365 1386 1439 1418; x_wconf 77' lang='lat' dir='ltr'>Vat.</span> <span class='ocrx_word' id='word_1_372' title='bbox 1465 1386 1550 1417; x_wconf 90' lang='lat' dir='ltr'>Gud.</span> <span class='ocrx_word' id='word_1_373' title='bbox 1566 1386 1594 1417; x_wconf 92' lang='lat'><strong>1.</strong></span> <span class='ocrx_word' id='word_1_374' title='bbox 1619 1386 1649 1417; x_wconf 93' lang='lat' dir='ltr'>b.</span> <span class='ocrx_word' id='word_1_375' title='bbox 1676 1393 1709 1417; x_wconf 84' lang='lat' dir='ltr'>et</span> <span class='ocrx_word' id='word_1_376' title='bbox 1731 1386 1802 1418; x_wconf 83' lang='lat' dir='ltr'>aliis</span> 
     </span>
     <span class='ocr_line' id='line_1_64' title="bbox 1109 1431 1801 1470; baseline 0.003 -9"><span class='ocrx_word' id='word_1_377' title='bbox 1109 1458 1112 1461; x_wconf 93' lang='lat'><strong>.</strong></span> <span class='ocrx_word' id='word_1_378' title='bbox 1138 1433 1234 1470; x_wconf 79' lang='lat' dir='ltr'>apud.</span> <span class='ocrx_word' id='word_1_379' title='bbox 1270 1432 1309 1462; x_wconf 82' lang='lat' dir='ltr'><strong>V.</strong></span> <span class='ocrx_word' id='word_1_380' title='bbox 1327 1431 1409 1462; x_wconf 86' lang='lat' dir='ltr'>Adn.</span> <span class='ocrx_word' id='word_1_381' title='bbox 1458 1431 1479 1463; x_wconf 67' lang='lat'>4</span> <span class='ocrx_word' id='word_1_382' title='bbox 1504 1431 1669 1463; x_wconf 87' lang='lat' dir='ltr'>Immerito</span> <span class='ocrx_word' id='word_1_383' title='bbox 1700 1432 1801 1464; x_wconf 88' lang='lat' dir='ltr'>Bouh.</span> 
     </span>
    </p>
   </div>
   <div class='ocr_carea' id='block_1_28' title="bbox 1106 1475 1803 1552">
    <p class='ocr_par' dir='ltr' id='par_1_31' title="bbox 1106 1475 1803 1552">
     <span class='ocr_line' id='line_1_65' title="bbox 1106 1475 1803 1552; baseline 0.001 -46"><span class='ocrx_word' id='word_1_384' title='bbox 1106 1521 1119 1552; x_wconf 83' lang='lat'>1</span> <span class='ocrx_word' id='word_1_385' title='bbox 1143 1475 1309 1551; x_wconf 65' lang='lat' dir='ltr'>Eiusmlodi</span> <span class='ocrx_word' id='word_1_386' title='bbox 1341 1476 1575 1507; x_wconf 84' lang='lat' dir='ltr'>redundantias</span> <span class='ocrx_word' id='word_1_387' title='bbox 1598 1488 1650 1519; x_wconf 79' lang='lat' dir='ltr'>ap.</span> <span class='ocrx_word' id='word_1_388' title='bbox 1672 1476 1705 1507; x_wconf 92' lang='lat' dir='ltr'>C.</span> <span class='ocrx_word' id='word_1_389' title='bbox 1732 1477 1803 1508; x_wconf 78' lang='lat' dir='ltr'>fre-</span> 
     </span>
     <span class='ocr_line' id='line_1_66' title="bbox 1148 1524 1274 1552; baseline 0 -1"><span class='ocrx_word' id='word_1_390' title='bbox 1148 1533 1167 1551; x_wconf 79' lang='lat' dir='ltr'><strong>v</strong></span> <span class='ocrx_word' id='word_1_391' title='bbox 1202 1524 1228 1552; x_wconf 87' lang='lat' dir='ltr'>A</span> <span class='ocrx_word' id='word_1_392' title='bbox 1256 1532 1274 1551; x_wconf 91' lang='lat' dir='ltr'>n</span> 
     </span>
    </p>
   </div>
   <div class='ocr_carea' id='block_1_29' title="bbox 1042 1588 1808 2976">
    <p class='ocr_par' dir='ltr' id='par_1_32' title="bbox 1042 1588 1805 2026">
     <span class='ocr_line' id='line_1_67' title="bbox 1044 1588 1804 1633; baseline 0.005 -16"><span class='ocrx_word' id='word_1_393' title='bbox 1044 1590 1189 1628; x_wconf 75' lang='lat' dir='ltr'>Ilolfius:</span> <span class='ocrx_word' id='word_1_394' title='bbox 1215 1588 1247 1618; x_wconf 84' lang='lat' dir='ltr'>in</span> <span class='ocrx_word' id='word_1_395' title='bbox 1273 1599 1334 1630; x_wconf 72' lang='lat' dir='ltr'>qua</span> <span class='ocrx_word' id='word_1_396' title='bbox 1356 1588 1407 1618; x_wconf 81' lang='lat' dir='ltr'>vel</span> <span class='ocrx_word' id='word_1_397' title='bbox 1431 1588 1641 1620; x_wconf 76' lang='lat' dir='ltr'>defendenda</span> <span class='ocrx_word' id='word_1_398' title='bbox 1662 1589 1712 1620; x_wconf 78' lang='lat' dir='ltr'>vel</span> <span class='ocrx_word' id='word_1_399' title='bbox 1740 1601 1804 1633; x_wconf 88' lang='lat' dir='ltr'>op·-</span> 
     </span>
     <span class='ocr_line' id='line_1_68' title="bbox 1042 1632 1804 1676; baseline 0.005 -14"><span class='ocrx_word' id='word_1_400' title='bbox 1042 1632 1219 1676; x_wconf 75' lang='lat' dir='ltr'>pugnanda</span> <span class='ocrx_word' id='word_1_401' title='bbox 1246 1633 1342 1663; x_wconf 66' lang='lat' dir='ltr'>sicile.</span> <span class='ocrx_word' id='word_1_402' title='bbox 1365 1633 1589 1665; x_wconf 67' lang='lat' dir='ltr'>xelwmentius</span> <span class='ocrx_word' id='word_1_403' title='bbox 1611 1646 1685 1665; x_wconf 81' lang='lat' dir='ltr'>mov</span> <span class='ocrx_word' id='word_1_404' title='bbox 1690 1641 1804 1667; x_wconf 85' lang='lat' dir='ltr'>eantur</span> 
     </span>
     <span class='ocr_line' id='line_1_69' title="bbox 1043 1677 1804 1730; baseline 0.005 -22"><span class='ocrx_word' id='word_1_405' title='bbox 1043 1677 1150 1709; x_wconf 90' lang='lat' dir='ltr'>animi.</span> <span class='ocrx_word' id='word_1_406' title='bbox 1181 1678 1305 1728; x_wconf 83' lang='lat' dir='ltr'>Neque</span> <span class='ocrx_word' id='word_1_407' title='bbox 1326 1681 1458 1711; x_wconf 64' lang='grc' dir='ltr'>λὶεεθηῐὶ</span> <span class='ocrx_word' id='word_1_408' title='bbox 1476 1679 1706 1730; x_wconf 55' lang='lat' dir='ltr'>interpretatio</span> <span class='ocrx_word' id='word_1_409' title='bbox 1729 1680 1804 1723; x_wconf 84' lang='lat' dir='ltr'>pla-</span> 
     </span>
     <span class='ocr_line' id='line_1_70' title="bbox 1046 1722 1804 1766; baseline 0.001 -12"><span class='ocrx_word' id='word_1_410' title='bbox 1046 1729 1107 1758; x_wconf 89' lang='lat' dir='ltr'>cet</span> <span class='ocrx_word' id='word_1_411' title='bbox 1135 1722 1189 1764; x_wconf 91' lang='lat' dir='ltr'>qui</span> <span class='ocrx_word' id='word_1_412' title='bbox 1213 1723 1278 1754; x_wconf 83' lang='lat' dir='ltr'>ita:</span> <span class='ocrx_word' id='word_1_413' title='bbox 1308 1725 1371 1762; x_wconf 88' lang='lat' dir='ltr'><strong>T</strong></span> <span class='ocrx_word' id='word_1_414' title='bbox 1374 1724 1432 1760; x_wconf 76' lang='lat' dir='ltr'>ilis,</span> <span class='ocrx_word' id='word_1_415' title='bbox 1460 1736 1540 1766; x_wconf 80' lang='lat' dir='ltr'>quae</span> <span class='ocrx_word' id='word_1_416' title='bbox 1563 1725 1593 1755; x_wconf 66' lang='lat' dir='ltr'>xi</span> <span class='ocrx_word' id='word_1_417' title='bbox 1616 1736 1673 1756; x_wconf 75' lang='grc' dir='ltr'>ειιιι</span> <span class='ocrx_word' id='word_1_418' title='bbox 1696 1731 1729 1755; x_wconf 70' lang='lat' dir='ltr'>et</span> <span class='ocrx_word' id='word_1_419' title='bbox 1751 1725 1804 1756; x_wconf 87' lang='lat' dir='ltr'>di-</span> 
     </span>
     <span class='ocr_line' id='line_1_71' title="bbox 1044 1768 1804 1812; baseline 0.003 -14"><span class='ocrx_word' id='word_1_420' title='bbox 1044 1768 1170 1811; x_wconf 73' lang='lat' dir='ltr'>gnitate</span> <span class='ocrx_word' id='word_1_421' title='bbox 1187 1768 1329 1799; x_wconf 81' lang='lat' dir='ltr'>animum</span> <span class='ocrx_word' id='word_1_422' title='bbox 1347 1776 1488 1811; x_wconf 70' lang='lat' dir='ltr'>patioris)</span> <span class='ocrx_word' id='word_1_423' title='bbox 1506 1781 1564 1800; x_wconf 85' lang='lat' dir='ltr'>suo</span> <span class='ocrx_word' id='word_1_424' title='bbox 1583 1769 1686 1800; x_wconf 83' lang='lat' dir='ltr'>addit.</span> <span class='ocrx_word' id='word_1_425' title='bbox 1726 1769 1804 1812; x_wconf 84' lang='lat' dir='ltr'>Epi-</span> 
     </span>
     <span class='ocr_line' id='line_1_72' title="bbox 1047 1814 1804 1857; baseline 0.004 -13"><span class='ocrx_word' id='word_1_426' title='bbox 1047 1824 1216 1844; x_wconf 83' lang='lat' dir='ltr'>cureorum</span> <span class='ocrx_word' id='word_1_427' title='bbox 1243 1825 1320 1844; x_wconf 74' lang='lat' dir='ltr'>verr)</span> <span class='ocrx_word' id='word_1_428' title='bbox 1346 1814 1508 1845; x_wconf 66' lang='lat' dir='ltr'>sententia</span> <span class='ocrx_word' id='word_1_429' title='bbox 1534 1814 1607 1845; x_wconf 88' lang='lat' dir='ltr'>talis</span> <span class='ocrx_word' id='word_1_430' title='bbox 1637 1822 1706 1853; x_wconf 68' lang='lat' dir='ltr'>est,</span> <span class='ocrx_word' id='word_1_431' title='bbox 1744 1827 1804 1857; x_wconf 86' lang='lat' dir='ltr'>pro</span> 
     </span>
     <span class='ocr_line' id='line_1_73' title="bbox 1046 1858 1805 1901; baseline 0.005 -14"><span class='ocrx_word' id='word_1_432' title='bbox 1046 1870 1107 1901; x_wconf 81' lang='lat' dir='ltr'>qua</span> <span class='ocrx_word' id='word_1_433' title='bbox 1133 1858 1262 1899; x_wconf 75' lang='lat' dir='ltr'>publice</span> <span class='ocrx_word' id='word_1_434' title='bbox 1287 1858 1395 1889; x_wconf 81' lang='lat' dir='ltr'>dicere.</span> <span class='ocrx_word' id='word_1_435' title='bbox 1421 1870 1487 1890; x_wconf 89' lang='lat' dir='ltr'>non</span> <span class='ocrx_word' id='word_1_436' title='bbox 1512 1859 1663 1890; x_wconf 86' lang='lat' dir='ltr'>audeant.</span> <span class='ocrx_word' id='word_1_437' title='bbox 1710 1861 1805 1891; x_wconf 89' lang='lat' dir='ltr'>Hunc</span> 
     </span>
     <span class='ocr_line' id='line_1_74' title="bbox 1044 1903 1804 1971; baseline 0.001 -37"><span class='ocrx_word' id='word_1_438' title='bbox 1044 1915 1117 1934; x_wconf 81' lang='lat' dir='ltr'>sens</span> <span class='ocrx_word' id='word_1_439' title='bbox 1122 1914 1173 1933; x_wconf 87' lang='lat' dir='ltr'>um</span> <span class='ocrx_word' id='word_1_440' title='bbox 1200 1903 1272 1934; x_wconf 63' lang='lat' dir='ltr'>effla</span> <span class='ocrx_word' id='word_1_441' title='bbox 1278 1903 1384 1945; x_wconf 82' lang='lat' dir='ltr'>gitant</span> <span class='ocrx_word' id='word_1_442' title='bbox 1405 1904 1572 1971; x_wconf 80' lang='lat' dir='ltr'>sequentia</span> <span class='ocrx_word' id='word_1_443' title='bbox 1597 1912 1630 1935; x_wconf 89' lang='lat' dir='ltr'>et</span> <span class='ocrx_word' id='word_1_444' title='bbox 1650 1916 1732 1947; x_wconf 86' lang='lat' dir='ltr'>quac</span> <span class='ocrx_word' id='word_1_445' title='bbox 1752 1905 1804 1936; x_wconf 82' lang='lat' dir='ltr'>lc-</span> 
     </span>
     <span class='ocr_line' id='line_1_75' title="bbox 1044 1948 1803 1990; baseline 0.003 -12"><span class='ocrx_word' id='word_1_446' title='bbox 1044 1955 1165 1990; x_wconf 84' lang='lat' dir='ltr'>guntur</span> <span class='ocrx_word' id='word_1_447' title='bbox 1188 1948 1220 1978; x_wconf 85' lang='lat' dir='ltr'>in</span> <span class='ocrx_word' id='word_1_448' title='bbox 1247 1949 1318 1979; x_wconf 82' lang='lat' dir='ltr'>Fu.</span> <span class='ocrx_word' id='word_1_449' title='bbox 1348 1951 1384 1980; x_wconf 87' lang='lat' dir='ltr'>ll.</span> <span class='ocrx_word' id='word_1_450' title='bbox 1409 1952 1462 1987; x_wconf 89' lang='grc' dir='ltr'>“ΔΔ,</span> <span class='ocrx_word' id='word_1_451' title='bbox 1487 1949 1552 1982; x_wconf 62' lang='grc' dir='ltr'>ἰ’-ἔκ(</span> <span class='ocrx_word' id='word_1_452' title='bbox 1605 1949 1655 1980; x_wconf 80' lang='lat' dir='ltr'><strong>Cf.</strong></span> <span class='ocrx_word' id='word_1_453' title='bbox 1683 1948 1803 1981; x_wconf 85' lang='lat' dir='ltr'>Adnot.</span> 
     </span>
     <span class='ocr_line' id='line_1_76' title="bbox 1044 1993 1322 2031; baseline 0.004 -7"><span class='ocrx_word' id='word_1_454' title='bbox 1044 1994 1075 2024; x_wconf 88' lang='lat' dir='ltr'>in</span> <span class='ocrx_word' id='word_1_455' title='bbox 1101 1994 1156 2025; x_wconf 90' lang='lat' dir='ltr'>IV.</span> <span class='ocrx_word' id='word_1_456' title='bbox 1181 1993 1244 2031; x_wconf 73' lang='grc' dir='ltr'>Δό,</span> <span class='ocrx_word' id='word_1_457' title='bbox 1270 1995 1322 2026; x_wconf 78' lang='grc'>51.</span> 
     </span>
    </p>

    <p class='ocr_par' dir='ltr' id='par_1_33' title="bbox 1043 2039 1807 2484">
     <span class='ocr_line' id='line_1_77' title="bbox 1113 2039 1805 2081; baseline 0.004 -13"><span class='ocrx_word' id='word_1_458' title='bbox 1113 2039 1198 2078; x_wconf 82' lang='lat' dir='ltr'>apud</span> <span class='ocrx_word' id='word_1_459' title='bbox 1223 2041 1454 2078; x_wconf 73' lang='lat' dir='ltr'>exercitum—,</span> <span class='ocrx_word' id='word_1_460' title='bbox 1476 2041 1517 2070; x_wconf 72' lang='lat' dir='ltr'>acl</span> <span class='ocrx_word' id='word_1_461' title='bbox 1539 2049 1674 2071; x_wconf 82' lang='lat' dir='ltr'>censores</span> <span class='ocrx_word' id='word_1_462' title='bbox 1692 2041 1805 2081; x_wconf 80' lang='lat' dir='ltr'>dicere]</span> 
     </span>
     <span class='ocr_line' id='line_1_78' title="bbox 1048 2084 1805 2125; baseline 0.004 -12"><span class='ocrx_word' id='word_1_463' title='bbox 1048 2085 1119 2113; x_wconf 67' lang='lat' dir='ltr'>Uti.</span> <span class='ocrx_word' id='word_1_464' title='bbox 1111 2094 1194 2124; x_wconf 78' lang='lat' dir='ltr'>aque</span> <span class='ocrx_word' id='word_1_465' title='bbox 1217 2084 1418 2125; x_wconf 75' lang='lat' dir='ltr'>praepositio</span> <span class='ocrx_word' id='word_1_466' title='bbox 1441 2084 1477 2113; x_wconf 86' lang='lat' dir='ltr'>si·</span> <span class='ocrx_word' id='word_1_467' title='bbox 1468 2084 1602 2125; x_wconf 62' lang='lat' dir='ltr'>gnificat</span> <span class='ocrx_word' id='word_1_468' title='bbox 1624 2095 1740 2124; x_wconf 85' lang='lat' dir='ltr'>coram,</span> <span class='ocrx_word' id='word_1_469' title='bbox 1765 2096 1805 2116; x_wconf 75' lang='lat'>(²0</span> 
     </span>
     <span class='ocr_line' id='line_1_79' title="bbox 1043 2127 1807 2171; baseline 0.004 -13"><span class='ocrx_word' id='word_1_470' title='bbox 1043 2134 1153 2158; x_wconf 81' lang='lat' dir='ltr'>tamen</span> <span class='ocrx_word' id='word_1_471' title='bbox 1178 2127 1380 2163; x_wconf 77' lang='lat' dir='ltr'>discrimine,</span> <span class='ocrx_word' id='word_1_472' title='bbox 1408 2135 1442 2158; x_wconf 74' lang='lat' dir='ltr'>ut</span> <span class='ocrx_word' id='word_1_473' title='bbox 1462 2129 1507 2165; x_wconf 80' lang='lat' dir='ltr'>is,</span> <span class='ocrx_word' id='word_1_474' title='bbox 1534 2129 1586 2171; x_wconf 85' lang='lat' dir='ltr'>qui</span> <span class='ocrx_word' id='word_1_475' title='bbox 1611 2131 1697 2168; x_wconf 78' lang='lat' dir='ltr'>apud</span> <span class='ocrx_word' id='word_1_476' title='bbox 1720 2140 1807 2161; x_wconf 73' lang='lat' dir='ltr'>exer-</span> 
     </span>
     <span class='ocr_line' id='line_1_80' title="bbox 1044 2171 1807 2210; baseline 0.001 -7"><span class='ocrx_word' id='word_1_477' title='bbox 1044 2175 1137 2203; x_wconf 82' lang='lat' dir='ltr'>cilum</span> <span class='ocrx_word' id='word_1_478' title='bbox 1158 2171 1265 2210; x_wconf 78' lang='lat' dir='ltr'>dicat,</span> <span class='ocrx_word' id='word_1_479' title='bbox 1291 2185 1308 2204; x_wconf 84' lang='lat' dir='ltr'>a</span> <span class='ocrx_word' id='word_1_480' title='bbox 1331 2172 1486 2203; x_wconf 89' lang='lat' dir='ltr'>militibus</span> <span class='ocrx_word' id='word_1_481' title='bbox 1512 2174 1636 2204; x_wconf 89' lang='lat' dir='ltr'>cinctus</span> <span class='ocrx_word' id='word_1_482' title='bbox 1659 2185 1728 2204; x_wconf 87' lang='lat' dir='ltr'>esse</span> <span class='ocrx_word' id='word_1_483' title='bbox 1751 2181 1807 2205; x_wconf 90' lang='lat' dir='ltr'>aut</span> 
     </span>
     <span class='ocr_line' id='line_1_81' title="bbox 1046 2216 1805 2259; baseline 0.004 -13"><span class='ocrx_word' id='word_1_484' title='bbox 1046 2217 1132 2247; x_wconf 80' lang='lat' dir='ltr'>inter</span> <span class='ocrx_word' id='word_1_485' title='bbox 1155 2216 1274 2248; x_wconf 81' lang='lat' dir='ltr'>milites</span> <span class='ocrx_word' id='word_1_486' title='bbox 1299 2217 1420 2248; x_wconf 83' lang='lat' dir='ltr'>versari</span> <span class='ocrx_word' id='word_1_487' title='bbox 1446 2224 1596 2259; x_wconf 83' lang='lat' dir='ltr'>putetur:</span> <span class='ocrx_word' id='word_1_488' title='bbox 1634 2217 1660 2248; x_wconf 81' lang='lat' dir='ltr'>is</span> <span class='ocrx_word' id='word_1_489' title='bbox 1685 2224 1805 2256; x_wconf 84' lang='lat' dir='ltr'>autem,</span> 
     </span>
     <span class='ocr_line' id='line_1_82' title="bbox 1048 2261 1807 2303; baseline 0.004 -12"><span class='ocrx_word' id='word_1_490' title='bbox 1048 2261 1100 2303; x_wconf 88' lang='lat' dir='ltr'>qui</span> <span class='ocrx_word' id='word_1_491' title='bbox 1126 2263 1168 2292; x_wconf 85' lang='lat' dir='ltr'>ad</span> <span class='ocrx_word' id='word_1_492' title='bbox 1189 2272 1324 2294; x_wconf 82' lang='lat' dir='ltr'>censores</span> <span class='ocrx_word' id='word_1_493' title='bbox 1349 2262 1453 2299; x_wconf 80' lang='lat' dir='ltr'>dicat,</span> <span class='ocrx_word' id='word_1_494' title='bbox 1486 2274 1551 2293; x_wconf 86' lang='lat' dir='ltr'>non</span> <span class='ocrx_word' id='word_1_495' title='bbox 1576 2263 1662 2293; x_wconf 83' lang='lat' dir='ltr'>inter</span> <span class='ocrx_word' id='word_1_496' title='bbox 1687 2274 1807 2294; x_wconf 89' lang='lat' dir='ltr'>censo-</span> 
     </span>
     <span class='ocr_line' id='line_1_83' title="bbox 1048 2306 1806 2350; baseline 0.003 -13"><span class='ocrx_word' id='word_1_497' title='bbox 1048 2318 1117 2344; x_wconf 84' lang='lat' dir='ltr'>res,</span> <span class='ocrx_word' id='word_1_498' title='bbox 1144 2306 1203 2336; x_wconf 87' lang='lat' dir='ltr'>sed</span> <span class='ocrx_word' id='word_1_499' title='bbox 1227 2307 1257 2337; x_wconf 89' lang='lat' dir='ltr'>in</span> <span class='ocrx_word' id='word_1_500' title='bbox 1284 2318 1395 2338; x_wconf 87' lang='lat' dir='ltr'>eorum</span> <span class='ocrx_word' id='word_1_501' title='bbox 1418 2307 1664 2350; x_wconf 83' lang='lat' dir='ltr'>propinquitate</span> <span class='ocrx_word' id='word_1_502' title='bbox 1685 2308 1806 2340; x_wconf 84' lang='lat' dir='ltr'>versari</span> 
     </span>
     <span class='ocr_line' id='line_1_84' title="bbox 1049 2352 1807 2394; baseline 0.004 -13"><span class='ocrx_word' id='word_1_503' title='bbox 1049 2358 1192 2393; x_wconf 85' lang='lat' dir='ltr'>putetur.</span> <span class='ocrx_word' id='word_1_504' title='bbox 1252 2352 1406 2394; x_wconf 79' lang='lat' dir='ltr'>Exempla</span> <span class='ocrx_word' id='word_1_505' title='bbox 1439 2352 1603 2394; x_wconf 86' lang='lat' dir='ltr'>utriusque</span> <span class='ocrx_word' id='word_1_506' title='bbox 1634 2353 1807 2394; x_wconf 79' lang='lat' dir='ltr'>praeposi-</span> 
     </span>
     <span class='ocr_line' id='line_1_85' title="bbox 1050 2396 1806 2439; baseline 0.004 -13"><span class='ocrx_word' id='word_1_507' title='bbox 1050 2396 1148 2427; x_wconf 86' lang='lat' dir='ltr'>tionis</span> <span class='ocrx_word' id='word_1_508' title='bbox 1171 2396 1303 2439; x_wconf 85' lang='lat' dir='ltr'>collegit</span> <span class='ocrx_word' id='word_1_509' title='bbox 1323 2399 1467 2429; x_wconf 79' lang='lat' dir='ltr'>Handius</span> <span class='ocrx_word' id='word_1_510' title='bbox 1487 2396 1519 2428; x_wconf 88' lang='lat' dir='ltr'>in</span> <span class='ocrx_word' id='word_1_511' title='bbox 1533 2397 1671 2428; x_wconf 79' lang='lat' dir='ltr'>Turseli.</span> <span class='ocrx_word' id='word_1_512' title='bbox 1693 2397 1765 2429; x_wconf 85' lang='lat' dir='ltr'>Vol.</span> <span class='ocrx_word' id='word_1_513' title='bbox 1782 2399 1806 2429; x_wconf 88' lang='lat' dir='ltr'><strong>I.</strong></span> 
     </span>
     <span class='ocr_line' id='line_1_86' title="bbox 1050 2441 1446 2484; baseline 0.005 -14"><span class='ocrx_word' id='word_1_514' title='bbox 1050 2453 1082 2484; x_wconf 88' lang='lat' dir='ltr'>p.</span> <span class='ocrx_word' id='word_1_515' title='bbox 1106 2441 1149 2473; x_wconf 62' lang='grc'>93</span> <span class='ocrx_word' id='word_1_516' title='bbox 1166 2453 1238 2483; x_wconf 81' lang='lat' dir='ltr'>sqq.</span> <span class='ocrx_word' id='word_1_517' title='bbox 1265 2449 1297 2472; x_wconf 87' lang='lat' dir='ltr'>et</span> <span class='ocrx_word' id='word_1_518' title='bbox 1322 2454 1353 2484; x_wconf 93' lang='lat' dir='ltr'>p.</span> <span class='ocrx_word' id='word_1_519' title='bbox 1371 2442 1446 2474; x_wconf 70' lang='lat'><strong>407.</strong></span> 
     </span>
    </p>

    <p class='ocr_par' dir='ltr' id='par_1_34' title="bbox 1048 2488 1807 2750">
     <span class='ocr_line' id='line_1_87' title="bbox 1117 2488 1806 2526; baseline 0.003 -10"><span class='ocrx_word' id='word_1_520' title='bbox 1117 2488 1235 2518; x_wconf 81' lang='lat' dir='ltr'>nullum</span> <span class='ocrx_word' id='word_1_521' title='bbox 1261 2492 1292 2519; x_wconf 77' lang='lat' dir='ltr'>ut</span> <span class='ocrx_word' id='word_1_522' title='bbox 1317 2491 1468 2519; x_wconf 74' lang='lat' dir='ltr'>certamen</span> <span class='ocrx_word' id='word_1_523' title='bbox 1492 2489 1670 2526; x_wconf 72' lang='lat' dir='ltr'>instituam,</span> <span class='ocrx_word' id='word_1_524' title='bbox 1700 2497 1806 2518; x_wconf 81' lang='lat' dir='ltr'>verum</span> 
     </span>
     <span class='ocr_line' id='line_1_88' title="bbox 1049 2531 1807 2573; baseline 0 -11"><span class='ocrx_word' id='word_1_525' title='bbox 1049 2533 1109 2562; x_wconf 76' lang='lat' dir='ltr'>dic.</span> <span class='ocrx_word' id='word_1_526' title='bbox 1129 2532 1150 2570; x_wconf 76' lang='lat' dir='ltr'><strong>f.</strong></span> <span class='ocrx_word' id='word_1_527' title='bbox 1172 2534 1293 2573; x_wconf 78' lang='lat' dir='ltr'>cedam]</span> <span class='ocrx_word' id='word_1_528' title='bbox 1321 2533 1365 2562; x_wconf 83' lang='lat' dir='ltr'>De</span> <span class='ocrx_word' id='word_1_529' title='bbox 1383 2531 1524 2573; x_wconf 70' lang='lat' dir='ltr'>eleganti</span> <span class='ocrx_word' id='word_1_530' title='bbox 1541 2532 1712 2562; x_wconf 82' lang='lat' dir='ltr'>verborum</span> <span class='ocrx_word' id='word_1_531' title='bbox 1734 2531 1807 2562; x_wconf 87' lang='lat' dir='ltr'>col-</span> 
     </span>
     <span class='ocr_line' id='line_1_89' title="bbox 1048 2575 1807 2613; baseline -0.001 -6"><span class='ocrx_word' id='word_1_532' title='bbox 1048 2576 1214 2607; x_wconf 87' lang='lat' dir='ltr'>locatione</span> <span class='ocrx_word' id='word_1_533' title='bbox 1237 2579 1355 2608; x_wconf 81' lang='lat' dir='ltr'>nullum</span> <span class='ocrx_word' id='word_1_534' title='bbox 1379 2580 1409 2607; x_wconf 73' lang='lat' dir='ltr'>ut</span> <span class='ocrx_word' id='word_1_535' title='bbox 1444 2587 1472 2606; x_wconf 76' lang='lat' dir='ltr'>v,</span> <span class='ocrx_word' id='word_1_536' title='bbox 1504 2575 1545 2606; x_wconf 83' lang='lat' dir='ltr'>ad</span> <span class='ocrx_word' id='word_1_537' title='bbox 1568 2577 1593 2607; x_wconf 88' lang='grc' dir='ltr'>Ι.</span> <span class='ocrx_word' id='word_1_538' title='bbox 1617 2582 1658 2613; x_wconf 51' lang='grc' dir='ltr'>θ’,</span> <span class='ocrx_word' id='word_1_539' title='bbox 1690 2575 1735 2608; x_wconf 84' lang='grc'>16.</span> <span class='ocrx_word' id='word_1_540' title='bbox 1774 2582 1807 2606; x_wconf 87' lang='lat' dir='ltr'>et</span> 
     </span>
     <span class='ocr_line' id='line_1_90' title="bbox 1050 2620 1806 2663; baseline 0 -12"><span class='ocrx_word' id='word_1_541' title='bbox 1050 2621 1091 2651; x_wconf 87' lang='lat' dir='ltr'>de</span> <span class='ocrx_word' id='word_1_542' title='bbox 1120 2621 1281 2663; x_wconf 77' lang='lat' dir='ltr'>asyndeto</span> <span class='ocrx_word' id='word_1_543' title='bbox 1319 2621 1373 2662; x_wconf 50' lang='lat' dir='ltr'>tde</span> <span class='ocrx_word' id='word_1_544' title='bbox 1399 2620 1518 2651; x_wconf 87' lang='lat' dir='ltr'>omisso</span> <span class='ocrx_word' id='word_1_545' title='bbox 1541 2621 1606 2657; x_wconf 61' lang='lat' dir='ltr'>sed)</span> <span class='ocrx_word' id='word_1_546' title='bbox 1642 2632 1673 2650; x_wconf 74' lang='lat' dir='ltr'>v.</span> <span class='ocrx_word' id='word_1_547' title='bbox 1699 2620 1742 2651; x_wconf 82' lang='lat' dir='ltr'>ad</span> <span class='ocrx_word' id='word_1_548' title='bbox 1768 2622 1806 2652; x_wconf 86' lang='lat' dir='ltr'>[l.</span> 
     </span>
     <span class='ocr_line' id='line_1_91' title="bbox 1049 2665 1806 2707; baseline 0 -10"><span class='ocrx_word' id='word_1_549' title='bbox 1049 2666 1092 2703; x_wconf 64' lang='grc' dir='ltr'>ίΔ,</span> <span class='ocrx_word' id='word_1_550' title='bbox 1118 2667 1148 2698; x_wconf 81' lang='grc' dir='ltr'>ι’).</span> <span class='ocrx_word' id='word_1_551' title='bbox 1198 2666 1303 2697; x_wconf 85' lang='lat' dir='ltr'>Etiam</span> <span class='ocrx_word' id='word_1_552' title='bbox 1327 2665 1435 2707; x_wconf 84' lang='lat' dir='ltr'>paullo</span> <span class='ocrx_word' id='word_1_553' title='bbox 1457 2672 1550 2706; x_wconf 77' lang='lat' dir='ltr'>post:</span> <span class='ocrx_word' id='word_1_554' title='bbox 1584 2667 1615 2696; x_wconf 83' lang='lat' dir='ltr'>in</span> <span class='ocrx_word' id='word_1_555' title='bbox 1632 2668 1700 2696; x_wconf 81' lang='lat' dir='ltr'>sinu</span> <span class='ocrx_word' id='word_1_556' title='bbox 1725 2676 1806 2705; x_wconf 72' lang='lat' dir='ltr'>you·</span> 
     </span>
     <span class='ocr_line' id='line_1_92' title="bbox 1049 2711 1591 2750; baseline -0.002 -9"><span class='ocrx_word' id='word_1_557' title='bbox 1049 2713 1162 2750; x_wconf 73' lang='lat' dir='ltr'>deant,</span> <span class='ocrx_word' id='word_1_558' title='bbox 1185 2713 1314 2750; x_wconf 63' lang='grc' dir='ltr'>ι(Πονὶοεε</span> <span class='ocrx_word' id='word_1_559' title='bbox 1334 2712 1416 2749; x_wconf 82' lang='lat' dir='ltr'>loqui</span> <span class='ocrx_word' id='word_1_560' title='bbox 1437 2711 1591 2740; x_wconf 76' lang='lat' dir='ltr'>desinant.</span> 
     </span>
    </p>

    <p class='ocr_par' dir='ltr' id='par_1_35' title="bbox 1052 2754 1808 2976">
     <span class='ocr_line' id='line_1_93' title="bbox 1117 2754 1807 2796; baseline -0.001 -10"><span class='ocrx_word' id='word_1_561' title='bbox 1117 2758 1149 2786; x_wconf 80' lang='lat' dir='ltr'>in</span> <span class='ocrx_word' id='word_1_562' title='bbox 1172 2758 1242 2787; x_wconf 80' lang='lat' dir='ltr'>sinu</span> <span class='ocrx_word' id='word_1_563' title='bbox 1261 2756 1434 2795; x_wconf 74' lang='lat' dir='ltr'>yaudeant]</span> <span class='ocrx_word' id='word_1_564' title='bbox 1465 2755 1506 2784; x_wconf 90' lang='lat' dir='ltr'>H.</span> <span class='ocrx_word' id='word_1_565' title='bbox 1529 2766 1556 2784; x_wconf 83' lang='lat' dir='ltr'>e.</span> <span class='ocrx_word' id='word_1_566' title='bbox 1581 2766 1711 2792; x_wconf 78' lang='lat' dir='ltr'>secum,</span> <span class='ocrx_word' id='word_1_567' title='bbox 1737 2754 1807 2796; x_wconf 86' lang='lat' dir='ltr'>pri-</span> 
     </span>
     <span class='ocr_line' id='line_1_94' title="bbox 1052 2799 1805 2842; baseline 0 -12"><span class='ocrx_word' id='word_1_568' title='bbox 1052 2800 1153 2831; x_wconf 84' lang='lat' dir='ltr'>vatim</span> <span class='ocrx_word' id='word_1_569' title='bbox 1191 2799 1336 2842; x_wconf 85' lang='lat' dir='ltr'>(proprie</span> <span class='ocrx_word' id='word_1_570' title='bbox 1361 2809 1409 2830; x_wconf 83' lang='lat' dir='ltr'>ore</span> <span class='ocrx_word' id='word_1_571' title='bbox 1432 2803 1520 2838; x_wconf 69' lang='lat' dir='ltr'>toque</span> <span class='ocrx_word' id='word_1_572' title='bbox 1543 2801 1611 2830; x_wconf 79' lang='lat' dir='ltr'>sinu</span> <span class='ocrx_word' id='word_1_573' title='bbox 1638 2799 1805 2841; x_wconf 76' lang='lat' dir='ltr'>obuoluto).</span> 
     </span>
     <span class='ocr_line' id='line_1_95' title="bbox 1053 2843 1808 2887; baseline -0.001 -11"><span class='ocrx_word' id='word_1_574' title='bbox 1053 2845 1230 2887; x_wconf 85' lang='lat' dir='ltr'>Comparat</span> <span class='ocrx_word' id='word_1_575' title='bbox 1252 2847 1351 2876; x_wconf 84' lang='lat' dir='ltr'>Moser</span> <span class='ocrx_word' id='word_1_576' title='bbox 1371 2843 1492 2875; x_wconf 88' lang='lat' dir='ltr'>Tibull.</span> <span class='ocrx_word' id='word_1_577' title='bbox 1519 2845 1571 2874; x_wconf 81' lang='lat' dir='ltr'>IV.</span> <span class='ocrx_word' id='word_1_578' title='bbox 1596 2845 1643 2882; x_wconf 75' lang='lat'>13,</span> <span class='ocrx_word' id='word_1_579' title='bbox 1662 2848 1700 2876; x_wconf 62' lang='lat' dir='ltr'>ej:</span> <span class='ocrx_word' id='word_1_580' title='bbox 1724 2855 1808 2886; x_wconf 88' lang='lat' dir='ltr'>pro-</span> 
     </span>
     <span class='ocr_line' id='line_1_96' title="bbox 1053 2888 1807 2931; baseline 0 -11"><span class='ocrx_word' id='word_1_581' title='bbox 1053 2889 1102 2921; x_wconf 84' lang='lat' dir='ltr'>cul</span> <span class='ocrx_word' id='word_1_582' title='bbox 1124 2889 1207 2920; x_wconf 77' lang='lat' dir='ltr'>absit</span> <span class='ocrx_word' id='word_1_583' title='bbox 1229 2888 1334 2931; x_wconf 81' lang='lat' dir='ltr'>gloria</span> <span class='ocrx_word' id='word_1_584' title='bbox 1355 2888 1462 2930; x_wconf 79' lang='lat' dir='ltr'>vulgi;</span> <span class='ocrx_word' id='word_1_585' title='bbox 1494 2888 1555 2927; x_wconf 82' lang='lat' dir='ltr'>Qui</span> <span class='ocrx_word' id='word_1_586' title='bbox 1576 2888 1671 2931; x_wconf 84' lang='lat' dir='ltr'>sapit,</span> <span class='ocrx_word' id='word_1_587' title='bbox 1697 2889 1728 2919; x_wconf 90' lang='lat' dir='ltr'>in</span> <span class='ocrx_word' id='word_1_588' title='bbox 1750 2894 1807 2920; x_wconf 83' lang='lat' dir='ltr'>ta-</span> 
     </span>
     <span class='ocr_line' id='line_1_97' title="bbox 1053 2932 1804 2976; baseline -0.001 -12"><span class='ocrx_word' id='word_1_589' title='bbox 1053 2934 1119 2965; x_wconf 87' lang='lat' dir='ltr'>cito</span> <span class='ocrx_word' id='word_1_590' title='bbox 1144 2934 1283 2976; x_wconf 76' lang='lat' dir='ltr'>gaudeat</span> <span class='ocrx_word' id='word_1_591' title='bbox 1305 2933 1360 2964; x_wconf 73' lang='lat' dir='ltr'>ille.</span> <span class='ocrx_word' id='word_1_592' title='bbox 1379 2932 1461 2963; x_wconf 89' lang='lat' dir='ltr'>sinu.</span> <span class='ocrx_word' id='word_1_593' title='bbox 1497 2934 1593 2975; x_wconf 83' lang='lat' dir='ltr'>Prop.</span> <span class='ocrx_word' id='word_1_594' title='bbox 1613 2935 1652 2966; x_wconf 87' lang='grc' dir='ltr'>ΙΙ.</span> <span class='ocrx_word' id='word_1_595' title='bbox 1674 2934 1727 2973; x_wconf 75' lang='lat'>25,</span> <span class='ocrx_word' id='word_1_596' title='bbox 1744 2933 1804 2965; x_wconf 74' lang='lat'>30:</span> 
     </span>
    </p>
   </div>
  </div>
 </body>
</html>
