1863 3221
239 105 325 149 320

817 110 986 142 LIBER
1009 111 1066 142 111.
1090 108 1155 151 34,
1180 108 1233 143 84.

240 196 325 250 quis
346 194 488 247 negat?
521 190 608 246 quid
635 195 764 230 autem
786 188 1029 244 praeclarum
1055 202 1134 229 non
1167 188 1267 229 idem
1291 189 1479 230 arduum?
1517 190 1585 230 sed
1609 196 1736 231 tamen
1766 189 1799 229 id

213 271 283 309 “se
304 267 531 309 effecturam
565 262 806 318 philosophia
831 262 1054 317 profitetur3
1089 275 1160 302 nos
1187 261 1300 302 modo
1326 263 1565 303 curationem
1591 261 1676 303 eius
1700 262 1800 304 reci-

240 342 403 396 piamus.

466 336 615 379 Verum
639 335 790 390 quidem
813 335 907 375 haec
932 335 1134 376 hactenus.

1198 333 1342 376 Cetera
1357 368 1368 388 ‚
1401 336 1706 391 quotiescunque
1730 350 1800 377 vo-

241 413 350 464 letis,
385 419 423 453 et
453 411 525 451 hoc
555 410 667 460 loco,
702 416 740 450 et
768 408 854 449 aliis
886 415 1018 463 parata
1049 408 1160 449 vobis
1194 415 1321 449 erunt.

238 544 364 581 necubi,
390 539 464 584 qnia
485 539 517 571 in
539 538 701 571 eiusmodi
722 537 1001 570 enuntiationibus

238 598 290 618 res
312 586 402 629 ipsa,
429 596 511 628 quae
531 583 741 616 interdicitur
762 583 814 615 vel
833 584 1000 622 metuitur,

240 638 395 674 urgenti,
421 641 488 662 non
512 636 660 673 tempus,
696 639 764 660 non
787 628 900 669 locus,
934 640 1003 660 nou

237 688 390 720 persona.

304 723 504 761 praeclarum
524 730 585 752 non
604 721 687 751 idem
706 720 868 773 arduuml
878 719 1003 751 Notum

238 765 466 819 proverbium:
500 766 591 818 χαὶε.
583 762 629 798 ,ὰ
652 762 694 797 τὰ
718 762 826 815 καλιά,
858 763 1003 807 itemque

239 810 382 850 δύςκολα
404 808 446 844 τὰ
469 808 577 847 καλά
615 814 648 840 et
671 809 802 840 virtutis
835 809 922 841 viam
946 820 1001 841 ar-

238 856 334 887 duam
352 866 540 898 proponere
561 853 740 885 Hesiodum
765 852 908 909 [ima
881 866 910 887 κ.
934 866 997 896 ημ.

237 899 353 942 290.‚]
379 911 478 953 quum
499 899 561 931 ait
597 897 727 941 μακρὸς
749 901 787 932 δε
810 910 868 931 και
890 894 1001 941 όρὲιος

239 948 333 987 οἶμος
354 943 404 978 ἐπ’
427 940 560 986 ἀρετήν
605 945 814 975 Camerarius.
861 945 1002 975 Menhz'us

238 989 272 1021 in
296 990 454 1022 Observv.
487 988 576 1019 iued.
601 987 700 1019 affert
726 987 850 1019 Erasmi
875 987 1002 1030 Adagia

239 1035 279 1065 ΙΙ.
309 1031 590 1090 1‚12.13.2&4.
627 1039 660 1063 et
697 1032 823 1063 Platon.
850 1031 892 1063 de
916 1033 999 1074 Rep.

237 1090 270 1121 p.
285 1076 363 1111 435.
393 1078 437 1109 C:
463 1078 547 1114 ι’σως
567 1074 652 1131 γάρ,
679 1076 705 1110 ώ
729 1074 936 1131 Σώκρατες,
961 1075 998 1110 τὸ

237 1122 412 1166 ὶεγὸμενο)
435 1119 544 1163 ἅληὲῐέ
547 1133 582 1162 ς,
608 1118 659 1155 ὅτι
680 1119 810 1173 γαλετῑοὶ
833 1119 874 1155 τὰ
895 1121 999 1155 καλάς

237 1168 291 1199 ubi
316 1181 348 1200 v.
374 1170 451 1200 Astii
476 1173 650 1198 comment.
678 1178 709 1208 p.
727 1164 825 1203 4944
851 1166 895 1197 cf.
919 1166 1000 1197 ibid.

236 1223 269 1255 p.
285 1211 361 1246 497.
387 1213 427 1244 D.
475 1211 569 1243 Adde
590 1213 834 1243 Slallbaumium
856 1210 943 1243 adl.
969 1210 1000 1242 d.

235 1269 268 1300 p.
285 1257 362 1291 301.
389 1256 440 1288 ed.
467 1256 569 1288 Goth.

308 1305 417 1334 Verum
441 1303 565 1342 quidem
587 1303 662 1333 haec
678 1300 845 1355 hactenus]
876 1302 1002 1341 Wolfius

236 1359 343 1390 comp.
366 1347 423 1378 Gr.
446 1346 504 1379 καὶ
525 1346 631 1378 ταῦτα
653 1357 694 1387 με
680 1358 710 1378 ιν
729 1345 877 1385 τοιαῦτα,
903 1348 1003 1377 Moser

236 1392 293 1426 καὶ
314 1393 421 1425 ταῦτα
444 1390 502 1432 μὲν
523 1389 567 1433 δή
592 1390 711 1431 ταῦ-α,
737 1389 872 1421 laudans
889 1389 1000 1431 Viger

293 1435 365 1469 176.
400 1435 450 1466 ed
479 1436 591 1466 Herm.
640 1434 1000 1473 Mir01‚Goerenzium

235 1449 278 1513 ad
301 1480 454 1512 Academ.
482 1481 504 1510 Ι.
527 1481 557 1517 5,
582 1479 632 1511 18.
657 1491 689 1520 p.
707 1478 761 1510 29.
786 1485 901 1510 nostro
925 1479 999 1510 loco

235 1525 429 1576 particulam
462 1526 586 1564 quidem
619 1523 794 1555 delendam
826 1523 997 1557 iudicasse.

237 1570 292 1601 Sic
316 1570 411 1612 plane
435 1569 559 1600 G1aece
582 1568 701 1599 dicitur
731 1565 814 1602 cisni
837 1580 895 1610 *ff-5
931 1572 999 1608 qui-

235 1617 325 1654 dem,
359 1626 415 1657 γε.
452 1614 645 1645 coufirmmt
670 1613 918 1645 antecedentia·
950 1624 997 1653 φα,

1037 539 1227 579 allerdinys,
1261 539 1388 579 freilich.
1415 557 1458 562 -—
1504 540 1568 571 Ja!
1605 540 1663 571 das
1693 540 1802 571 wollen

1036 586 1096 615 wir
1114 585 1209 623 thum
1228 585 1339 625 jedoch
1357 585 1408 623 fiir
1424 585 1509 615 heute
1528 593 1639 624 qenuy.
1674 583 1741 615 Cic.
1759 583 1801 615 de

1037 629 1140 671 Legg.
1161 630 1203 660 ΙΙ.
1222 628 1261 667 6,
1289 627 1347 660 l-l:
1374 627 1415 659 de
1437 627 1504 659 eius
1525 628 1605 670 legis
1627 628 1723 660 laude
1745 628 1800 659 di-

1038 685 1129 713 cam,
1167 673 1254 716 quod
1286 672 1374 705 idem
1399 679 1433 705 et
1455 672 1627 705 Zaleucum
1652 680 1685 705 et
1710 673 1800 705 Cha-

1036 718 1175 750 rondam
1198 718 1315 750 fecisse
1336 717 1454 755 videm
1479 728 1658 758 quanquam
1677 720 1802 758 quidem

1039 763 1160 806 (καίτοι,
1182 775 1220 806 γε,
1206 764 1233 805 5)
1264 762 1311 794 illi
1335 774 1399 794 non
1422 741 1522 794 st⁷udii
1545 769 1578 794 et
1599 762 1799 796 delectatio—

1036 808 1106 845 nis
1138 808 1196 840 sed
1221 807 1266 840 rei
1291 808 1439 851 publicae
1466 819 1577 839 caussa
1600 807 1689 850 leges
1714 808 1797 840 civi-

1035 853 1157 884 tatibus
1176 853 1241 884 suis
1262 853 1538 896 conscripserunt.
1564 853 1694 884 Er1·1vit
1709 855 1800 894 Seyf-

1035 901 1102 938 fert.
1125 897 1167 929 ad
1189 897 1280 929 Lael.
1309 899 1365 936 10,
1390 897 1464 937 53„
1495 909 1593 941 quum
1617 908 1798 938 quanquam

1035 944 1158 982 quidem
1187 954 1255 974 non
1276 942 1366 984 iungi
1390 953 1486 984 posse
1517 942 1616 981 dicit,
1655 943 1717 974 nisi
1740 942 1798 982 ita,

1037 994 1071 1018 ut
1090 989 1214 1026 quidem
1234 997 1299 1018 non
1320 987 1362 1018 ad
1380 993 1484 1018 totam
1497 987 1694 1019 sententiam
1715 998 1800 1020 con-

1036 1031 1193 1063 cessivam
1205 1032 1380 1074 pertineat,
1402 1031 1461 1063 sed
1471 1031 1513 1063 ad
1523 1032 1719 1085 singularem
1733 1032 1799 1064 eius

1035 1076 1216 1108 notionem.
1264 1078 1340 1108 Eur.
1371 1076 1442 1119 Iph.
1466 1078 1506 1109 T.
1533 1076 1615 1110 703:
1652 1073 1735 1119 ἀτὰρ
1759 1076 1799 1110 τὸ

1034 1122 1091 1154 τοῦ
1127 1122 1204 1155 ᾒεοῦ
1236 1117 1266 1163 (’
1290 1132 1327 1154 ου
1349 1120 1535 1176 διέφὲορέγ
1570 1121 1609 1154 σέ
1632 1133 1684 1155 πω
1719 1121 1800 1164 μάν-

1035 1177 1162 1208 τευμα,
1198 1178 1250 1199 κα
1247 1165 1306 1199 ,τοι
1328 1163 1359 1209 γ’
1382 1164 1484 1209 ἐγγυς
1508 1165 1654 1208 ἕστηκας
1685 1165 1799 1209 φόνου,

1034 1221 1215 1251 quanquam
1237 1213 1361 1250 quidem
1390 1211 1487 1242 moiti
1518 1211 1642 1243 vicinus
1665 1223 1708 1243 es.
1757 1213 1797 1244 V.

1035 1258 1188 1296 Harluny.
1220 1255 1352 1287 Giiech.
1381 1256 1503 1288 Pax-tik.
1538 1257 1579 1288 T.
1606 1258 1628 1288 Ι.
1665 1268 1695 1299 p.
1720 1253 1797 1289 411.

1039 1302 1172 1332 Wesenb.
1201 1301 1271 1332 Em.
1290 1302 1312 1332 Ι.
1339 1313 1370 1344 p.
1391 1300 1432 1333 19
1446 1313 1493 1344 sq.
1518 1300 1693 1343 legendum
1718 1312 1799 1333 cen-

1037 1351 1088 1376 set
1110 1355 1217 1377 verum
1238 1347 1313 1377 haec
1337 1347 1460 1386 quidem
1482 1348 1561 1378 hact.
1574 1371 1584 1386 ,
1620 1347 1694 1390 quia
1723 1347 1799 1379 haec

1037 1396 1069 1421 et
1092 1393 1190 1421 celera
1218 1390 1304 1421 inter
1331 1402 1366 1422 se
1390 1397 1621 1433 opponantur,
1659 1402 1797 1433 compa-

1036 1446 1110 1465 rans
1135 1435 1191 1466 ΙΙΙ.
1217 1437 1244 1477 ᾗ
1262 1433 1294 1466 4
1315 1432 1368 1467 42.
1393 1437 1448 1466 IV.
1474 1435 1546 1479 §.3
1565 1437 1589 1466 Ι.
1613 1434 1797 1475 599.119.

1054 1480 1191 1521 .9.11.
1207 1478 1260 1512 39.
1290 1479 1386 1511 Acad.
1404 1481 1427 1511 Ι.
1452 1481 1479 1523 ᾗ.
1495 1479 1549 1512 21.
1576 1480 1676 1513 Offir.
1703 1482 1728 1523 ᾖ
1746 1478 1797 1512 19.

1036 1525 1092 1555 ΙΙΙ.
1117 1526 1144 1567 ᾗ.
1164 1524 1212 1557 17.
1240 1526 1307 1556 Inv.
1322 1526 1360 1556 ΙΙ.
1387 1527 1413 1568 ᾗ.
1436 1525 1527 1561 115.;
1555 1525 1707 1568 opposita
1727 1536 1797 1557 esse

1034 1568 1121 1599 inter
1142 1580 1176 1599 se
1201 1568 1256 1600 illa
1279 1569 1438 1600 vocabula
1462 1580 1559 1601 nemo
1584 1570 1734 1611 negabit5
1763 1576 1797 1601 at

1035 1613 1255 1656 oppositionis
1280 1614 1326 1646 vis
1350 1625 1405 1645 sua
1426 1620 1546 1656 sponte
1572 1614 1688 1648 elucet.
