1832 3137
496 75 539 105 ΙΝ
565 75 766 107 ΤΕΡιΤίΑΜ
792 75 1051 108 EDITIONEM.
1472 68 1563 104 XXI

3 169 55 214 de
81 167 151 213 his
173 166 299 213 libris
322 166 478 212 merita
500 181 658 228 magna
681 181 794 216 esse.
833 168 931 227 quis
955 167 1122 229 neget?
1159 172 1216 226 et,
1253 168 1291 214 si
1313 167 1411 228 quis
1436 168 1564 226 alius,

9 273 89 319 ego
115 272 165 303 ea
189 256 380 318 suspicio
404 272 452 303 ac
473 255 752 319 magnifacio
781 261 848 315 et,
894 257 1141 318 ubicunque
1168 257 1466 320 suppeditavit
1491 273 1565 304 oc-

6 348 146 404 casio,
194 347 324 393 iustis
351 348 595 407 debitisque
618 346 820 392 laudibus
845 348 1005 407 extuli3
1051 349 1129 394 sed
1153 364 1233 411 ego
1255 348 1373 395 idem
1404 363 1565 409 negare

3 453 94 484 non
117 453 322 498 possum,
358 453 540 500 magnae
559 436 666 483 mihi
690 451 819 498 saepe
851 436 989 482 fuisse
1033 438 1267 485 offensioni
1304 455 1396 485 non
1435 439 1565 484 modo

2 527 310 585 insolentiam,
330 544 433 592 ‘qua
457 528 525 574 vel
552 526 734 573 summis
762 530 804 572 et
827 526 878 572 de
905 525 1115 573 Cicerone
1142 528 1450 576 immortaliter
1472 544 1566 574 me-

6 617 104 663 ritis
129 617 240 664 viris
262 617 508 673 insultavit,
545 617 623 662 sed
647 616 777 661 etiam
800 616 1165 675 ostentationem,
1205 634 1288 677 qua
1311 619 1478 679 ingenii
1498 619 1567 664 sui

4 706 284 768 sagacitatem
309 706 502 752 iactavit.
573 705 754 753 Utinam
787 707 965 752 tandem
996 706 1231 766 aliquando
1268 723 1444 765 omnes,
1495 708 1569 767 qui

5 796 273 857 praeclaram
301 794 585 842 humanitatis
613 796 887 858 disciplinam
913 801 1125 855 tractant,
1170 796 1230 843 ita
1254 801 1471 855 tractent,
1519 800 1570 842 ut

7 902 59 932 ex
90 901 138 931 ea
164 902 254 932 non
281 886 423 932 solum
461 886 515 931 ad
538 886 764 948 ingenium
802 887 1045 933 acuendum
1076 886 1442 948 fingendumque,
1490 886 1568 932 sed

4 976 134 1022 etiam
161 976 214 1022 ad
249 991 396 1022 mores
423 977 719 1023 emendandos
756 977 1131 1037 emolliendosque
1155 977 1406 1023 uberrimus
1441 976 1567 1022 efflo-

5 1070 149 1112 rescat
185 1081 231 1111 ac
267 1066 485 1111 redundet
520 1065 715 1112 fructus!

141 1154 286 1201 Alteri
317 1154 575 1215 interpretis
605 1154 772 1212 officio,
825 1156 942 1214 quod
975 1155 1021 1201 in
1059 1155 1406 1217 interpretandis
1435 1155 1567 1201 rebus

2 1245 320 1303 sententiisque
344 1247 387 1288 et
406 1243 451 1288 in
471 1243 725 1303 explicando
752 1243 1030 1290 ciceroniani
1047 1245 1266 1291 sermonis
1288 1244 1465 1307 ingenio
1486 1261 1567 1306 po-

1 1336 134 1381 situm
156 1338 238 1391 est,
276 1348 409 1393 quum
429 1331 654 1394 prioribus
677 1333 786 1379 meis
809 1333 1075 1381 editionibus
1095 1334 1270 1396 plenius
1295 1334 1569 1381 satisfactiun

0 1425 251 1483 videretur,
297 1438 412 1469 nunc
439 1422 610 1468 minore
641 1438 775 1485 opera
806 1439 856 1470 eo
889 1423 1120 1471 defunctus
1148 1441 1268 1484 sum,
1320 1440 1569 1485 quanquam

1 1515 111 1562 nihil
133 1513 486 1577 praetermittere
512 1513 685 1572 studui,
724 1530 808 1574 quo
836 1515 908 1562 vel
928 1515 1223 1577 intelligentia
1248 1515 1408 1561 horum
1429 1514 1569 1561 libro-

2 1622 100 1652 rum
127 1608 491 1667 promor-erenw,
528 1604 600 1650 vel
633 1604 852 1652 sermonis
875 1603 1027 1651 Latini
1054 1606 1359 1667 imprimisque
1388 1605 1567 1652 Cicero-

2 1695 123 1741 niani
145 1695 395 1756 proprietas
418 1694 578 1740 clarius
602 1694 920 1753 illustraretur,
960 1696 1029 1743 vel
1054 1696 1359 1757 grammaticae
1381 1695 1567 1743 Latinae

0 1786 110 1832 ratio
146 1785 351 1831 subtilius
386 1785 704 1831 enuclearetur.
786 1784 1033 1846 Egregium
1070 1786 1168 1832 huic
1202 1803 1342 1833 novae
1384 1786 1566 1832 editioni

0 1879 306 1922 ornamentum
344 1875 527 1921 accessit
575 1875 740 1934 insigni
772 1874 1042 1920 humanitate
1091 1873 1331 1919 Frc'derc‘cz'
1358 1876 1569 1935 Augusti

1 1962 209 2022 Menkii,
249 1963 481 2010 clarissimi
509 1967 552 2008 et
576 1963 865 2009 eruditissimi
889 1965 934 2009 in
961 1965 1191 2025 gymnasio
1221 1965 1455 2012 Bremensi
1485 1967 1565 2012 do-

1 2055 134 2101 ctoris
160 2054 351 2113 mihique
377 2053 650 2111 amicissimi,
689 2054 762 2113 qui
790 2070 924 2114 quum
947 2069 999 2100 ex
1023 2070 1090 2100 me
1118 2055 1338 2113 audisset,
1374 2056 1422 2101 111
1448 2072 1564 2103 nova

2 2144 352 2190 Tusculanarum
397 2143 588 2189 editione
634 2144 829 2205 paranda
879 2160 947 2190 me
985 2145 1181 2204 versari,
1231 2146 1564 2193 observationes

1 2250 128 2293 suas,
174 2233 421 2281 Rathianae
451 2233 658 2280 editionis
684 2234 876 2296 margini
910 2235 1178 2297 adscriptas,
1228 2236 1284 2282 ad
1314 2252 1382 2282 me
1414 2241 1566 2282 trans-

0 2324 119 2370 misit
152 2339 310 2383 easque
343 2324 450 2370 mihi
484 2340 565 2386 pro
601 2324 816 2371 arbitratu
850 2325 1037 2371 utendas
1062 2325 1293 2371 concessit.
1368 2325 1486 2384 Quae
1512 2341 1565 2372 ex

0 2412 63 2458 eis
104 2412 316 2471 delibavi,
365 2413 504 2474 ipsius
537 2415 713 2461 nomine
741 2411 1017 2472 (‚‚]lIenk'ius
1054 2413 1103 2456 in
1144 2413 1564 2459 Observationibus

0 2499 244 2560 ineditam)
272 2502 413 2548 attuli.
486 2502 552 2548 De
586 2504 801 2565 singulari
833 2504 912 2549 hoc
938 2502 1080 2549 officio
1107 2504 1273 2565 gratias
1302 2505 1401 2551 viro
1434 2521 1563 2566 prae-

2 2592 274 2639 stantissimo
314 2597 357 2638 et
393 2608 472 2653 ago
511 2596 554 2638 ct
590 2592 725 2638 habeo
765 2597 949 2652 quantas
984 2609 1167 2654 possum
1203 2595 1427 2641 maximas.

139 2681 200 2729 Ut
237 2683 366 2728 etiam
400 2682 618 2728 tenuioris
666 2682 800 2728 sortis
837 2683 1188 2730 adolescentibus
1240 2685 1560 2741 consuleretur,

0 2787 84 2818 una
113 2788 209 2818 cum
235 2772 313 2819 hac
345 2773 535 2819 editione
558 2774 772 2819 minorem
795 2773 1032 2832 adornavi,
1070 2775 1271 2821 breviore
1300 2775 1560 2821 instructam

0 2862 292 2909 adnotatione.
