1832 3137
634 77 797 109 tiana
824 78 862 109 v.
898 76 956 115 ιε
981 76 1036 110 53.
1060 75 1112 110 54.
1570 69 1652 112 429

202 158 363 194 Proinde
394 158 450 194 ilu
475 163 615 207 parent
643 172 683 195 se
712 160 750 196 in
783 161 861 195 vlla
874 187 883 203 ,
921 165 962 195 ut
990 160 1093 196 vinei
1118 159 1300 196 ne'sceanl.

92 227 168 268 llic
186 235 314 268 autem
338 227 540 278 vincetur,
574 236 616 269 ut
637 229 741 280 dixi,
775 242 847 269 nec
877 229 991 269 modo
1015 230 1219 281 vincetur,
1261 231 1329 271 sed
1351 231 1465 271 etiam
1485 231 1648 272 serviet.

90 299 179 342 Nos
210 303 371 341 autemss
409 302 592 342 virtutem
626 315 782 357 semper
816 301 975 342 liberam
1013 303 1215 354 volumus,
1259 317 1413 358 semper
1446 304 1648 344 invictam.

92 371 203 426 Quae
227 374 302 415 nisi
324 381 415 414 sunt
431 377 467 425 ³,
507 375 658 415 sublata
683 375 808 415 virtus
834 381 909 415 est.
971 381 1040 415 55.
1074 376 1206 430 Atque
1223 379 1240 403 ³
1265 377 1296 416 si
1321 377 1360 416 in
1390 377 1531 417 virtute
1555 378 1651 418 satis

91 453 151 487 est
173 447 353 500 praesidii
381 447 428 487 ad
462 447 560 487 bene
587 448 819 498 vivendum,
853 446 949 487 satis
975 455 1035 487 est
1061 448 1175 488 ctiam
1201 450 1246 488 ad
1273 449 1400 489 beate.

92 519 196 559 enim
227 527 334 560 certe
369 519 407 560 in
445 521 614 571 virtute,
660 529 702 561 ut
736 520 890 560 fortiter
920 519 1116 560 vivamus.

1463 448 1570 491 Satis
1592 460 1649 491 est

1181 519 1223 562 Si
1256 522 1429 574 sortiter,
1473 524 1587 564 etiam
1613 531 1654 564 ut

91 605 232 646 magno
264 593 417 644 animo,
461 600 500 633 ct
525 594 676 647 quidem
704 600 744 633 ut
773 593 877 633 nulla
911 606 954 632 re
990 607 1154 647 unquam
1179 601 1396 635 terreamur
1420 610 1652 651 semperque

91 664 212 706 simus
233 665 382 706 invicti.
445 664 655 719 Sequitur,
690 673 731 705 ut
754 665 845 705 nihil
865 665 1084 719 poeniteat,
1119 666 1213 706 nihil
1231 667 1345 717 desit,
1380 668 1473 708 nihil
1495 669 1648 719 obstet,

1546 740 1652 782 Satis

90 817 219 851 autem
240 811 364 851 virtus
388 811 432 851 ad
458 811 610 850 fortiter
628 811 874 851 vivendum4
899 818 1050 865 potest;
1083 811 1178 851 satis
1195 825 1291 865 ergo
1315 812 1431 851 etiam
1453 813 1498 852 ad
1522 813 1649 854 beate.

92 751 187 791 ergo
226 739 355 778 omnia
390 739 650 792 profluenter,
694 738 895 788 absolute,
938 751 1148 792 prospere,
1192 739 1311 791 igitur
1348 739 1477 780 beate.

90 889 159 924 54.
195 881 351 923 Etenim
375 890 416 923 ut
441 883 626 934 stultitia,
661 884 735 924 etsi
762 885 900 938 adepta
926 891 1008 935 est,
1051 885 1151 938 quod
1180 885 1423 938 concupivit,
1458 900 1651 940 nunquam

90 970 134 996 se
159 963 288 997 tamen
319 956 413 997 satis
440 964 686 997 consecutam
722 964 849 1011 putat,
895 957 952 997 sic
989 957 1180 1012 sapientia
1211 971 1366 1012 semper
1395 971 1441 997 eo
1471 966 1653 1000 contenta

91 1035 171 1079 est,
195 1029 306 1082 quod
336 1029 470 1092 adest,
502 1043 629 1083 neque
662 1043 746 1070 eam
780 1044 944 1083 unquam
977 1030 1035 1071 sui
1067 1030 1254 1085 poenitet.

182 1146 204 1179 3
229 1159 258 1179 v.
284 1147 366 1179 Adn.
415 1145 437 1179 4
462 1147 515 1179 Sic
539 1148 576 1178 R.
600 1149 634 1179 P.
657 1148 741 1179 Gud.
760 1147 786 1180 1.
811 1148 931 1192 aliique
953 1148 1049 1180 multi
1071 1156 1103 1181 et
1125 1148 1200 1180 edd.
1226 1155 1307 1180 vett.
1322 1149 1407 1181 vict.
1431 1149 1516 1182 Rob.
1539 1151 1655 1194 steph.

92 1193 197 1225 Leod.
223 1194 284 1230 D.;
312 1195 364 1223 Or.
392 1204 418 1224 c.
438 1192 525 1234 vulg.
549 1195 592 1224 ad
614 1195 636 1233 f.
660 1203 690 1225 v.
712 1196 820 1225 virtus.

160 1262 188 1301 ἦ.
205 1260 258 1291 52.
292 1262 325 1291 in
350 1260 480 1291 eundem
503 1261 637 1299 formido
663 1278 701 1283 -
729 1270 800 1300 eryo
823 1264 856 1291 ut

91 1306 175 1336 idem
205 1306 363 1346 vincatur]
401 1306 448 1335 Ex
480 1304 751 1336 antecedentibus
774 1316 855 1347 sup-

92 1348 267 1392 plendum:
295 1348 326 1379 in
354 1359 427 1379 eum
453 1348 551 1380 cadit.

159 1393 305 1435 Proinde]
340 1392 493 1424 Senarius
517 1393 674 1424 iambicus
700 1405 740 1424 ex
764 1392 857 1425 Accii

92 1437 262 1481 tragoedia
286 1437 404 1480 aliqua,
431 1444 465 1469 ut
485 1437 626 1476 videtur,
652 1441 766 1474 Atreo.
793 1450 855 1480 pe-

92 1483 184 1515 titus.
219 1485 353 1515 Proinde
365 1482 563 1525 bisyllabum
581 1489 646 1519 est;
673 1482 714 1514 de
726 1485 856 1523 proinde

92 1540 120 1560 c.
138 1527 349 1560 coniunctivo
372 1527 585 1560 adhortative
611 1528 802 1560 consociato
824 1540 855 1561 v.

92 1584 153 1605 nos
177 1572 210 1603 in
238 1573 294 1603 Gr.
317 1573 356 1603 L.
382 1573 408 1614 ξ.
426 1573 528 1610 Ιόδ,3
549 1570 581 1604 4.

161 1620 222 1649 Nos
246 1621 347 1648 aulem
372 1617 530 1659 virtulem]
567 1617 622 1648 Sic
653 1617 770 1660 scripsi
793 1628 855 1659 pro

93 1662 180 1705 vulg.
217 1665 255 1693 At
285 1672 340 1693 7105
371 1664 443 1693 virt.
468 1673 494 1693 c.
518 1661 606 1693 Vict.
629 1662 712 1693 Rob.
738 1662 855 1704 Steph.

95 1708 132 1739 D.
154 1709 186 1739 ’2,-
213 1712 350 1738 auctore
373 1707 520 1747 Mosero,
546 1706 599 1749 qui
623 1714 719 1738 acute
741 1713 856 1738 monet

91 1751 289 1794 scripturam
313 1754 349 1782 At
374 1762 428 1783 nos
445 1755 547 1782 aulem
571 1754 666 1791 virt„
700 1762 782 1794 quae
807 1757 858 1782 est

91 1796 124 1828 in
148 1796 258 1828 multis
277 1796 475 1839 optimisque
497 1795 593 1827 codd.
611 1797 662 1839 tR.
677 1797 710 1828 P.
726 1796 810 1827 Gud.
827 1798 854 1828 1.

94 1842 133 1873 Il.
153 1840 255 1872 Marb.
277 1840 439 1884 aliisque),
464 1848 569 1872 ortam
590 1852 661 1872 esse
685 1852 723 1872 ex
743 1840 857 1872 ultima

92 1885 219 1930 syllaba
235 1886 461 1917 antecedentis
479 1885 570 1917 verbi
587 1888 709 1917 serviet.
748 1886 857 1916 Etiam

94 1932 203 1971 Treycz.
233 1930 318 1962 hanc
353 1943 413 1963 scr.
447 1930 582 1972 recepit.
641 1932 693 1962 Or.
720 1930 858 1962 retinuit

93 1975 271 2018 vulgatam,
297 1987 393 2018 quam
419 1974 512 2006 multi
535 1974 686 2017 quidem,
713 1975 771 2006 sed
795 1975 857 2006 de-

93 2021 232 2053 teriores
268 2020 366 2051 codd.
393 2019 569 2057 exhibent3
609 2022 662 2051 Kl.
687 2020 858 2051 revocavit

94 2065 227 2108 quidem
260 2067 298 2097 At
323 2075 378 2097 nos
402 2069 506 2096 aurem
536 2075 583 2104 v.,
622 2064 681 2095 sed
714 2077 800 2096 nunc
824 2065 857 2096 in

93 2109 180 2142 Add.
204 2120 237 2152 p.
262 2108 334 2142 19⁴2.
364 2109 484 2152 probat
506 2109 700 2151 scripturam
722 2122 739 2141 a
763 2109 858 2141 nobis

94 2160 273 2197 receptam.
323 2156 457 2186 Wesenb.
482 2155 550 2186 Em.
574 2155 630 2185 ΙΙΙ.
658 2167 690 2197 p.
705 2156 758 2186 21.
782 2166 857 2186 ma-

94 2199 143 2242 gis
165 2199 286 2242 probat
306 2199 472 2242 vulgatam
496 2203 528 2230 at
549 2209 604 2230 nos
625 2209 668 2239 v.,
693 2211 788 2242 quam
810 2199 856 2230 al-

94 2251 197 2276 teram
221 2246 340 2276 serviet.
377 2247 438 2276 Nos
453 2247 567 2283 aurem,
592 2255 659 2275 non
677 2244 784 2276 minus
802 2244 856 2275 fa-

97 2289 158 2321 cile
178 2292 282 2320 autem
306 2300 345 2320 ex
368 2288 537 2331 superiore
559 2300 654 2319 versu
678 2289 858 2331 repetitum

96 2345 167 2365 esse
200 2344 299 2375 posse
321 2340 429 2371 ratus,
470 2344 567 2375 quam
591 2344 630 2363 ex
658 2337 726 2365 —et
749 2334 858 2375 gemi-

96 2377 207 2410 nando
226 2377 362 2415 factum,
387 2384 420 2408 et
443 2376 635 2419 particulam
658 2377 778 2409 fortius
793 2378 858 2410 ad-

96 2421 257 2455 versantis
282 2426 313 2453 al
335 2422 496 2464 aptiorem
522 2421 635 2452 videri.

167 2469 253 2506 Quae
274 2469 334 2498 nisi
349 2466 432 2509 sunl]
460 2465 514 2497 Sic
531 2477 644 2496 omnes
667 2465 776 2504 codd„
796 2466 858 2497 nisi

99 2512 188 2555 quod
212 2511 244 2542 in
269 2512 361 2542 Mon.
386 2513 412 2543 l.
439 2509 544 2542 Rehd.
567 2510 666 2542 duob.
689 2512 770 2542 Oxx.
786 2513 858 2550 sine,

97 2557 130 2588 in
155 2567 220 2588 uno
239 2558 298 2588 sibi
319 2567 380 2599 pro
402 2558 473 2588 sunl
494 2554 633 2597 legitur,
657 2553 717 2586 sed
735 2556 859 2586 multae

99 2601 174 2634 edd.
208 2607 289 2632 vett.
321 2605 358 2632 A.
371 2602 404 2632 B.
418 2603 449 2632 S.
468 2601 500 2630 E.
517 2600 551 2631 C.
564 2601 604 2630 V.
628 2600 710 2630 Ven.
743 2600 858 2641 (Mos.)

100 2649 174 2678 Asc.
188 2646 220 2678 2.
239 2646 327 2676 Junt.
343 2645 426 2677 aliae
441 2645 595 2676 exhibent
614 2654 692 2684 quae
715 2647 776 2676 nisi
796 2647 860 2675 ita

101 2695 159 2723 εει
183 2696 217 2722 et
241 2692 314 2722 Asc.
332 2692 356 2723 l.
382 2700 461 2730 quae
489 2692 549 2722 nisi
572 2692 635 2720 ita
661 2691 738 2720 sil:
774 2689 861 2720 unde

103 2736 290 2775 Wesenberg.
305 2735 390 2766 Adn.
403 2746 434 2778 p.
447 2734 496 2767 l-lr.
516 2733 690 2777 legendum
710 2733 860 2764 coniicit:

102 2789 182 2818 quae
207 2781 267 2811 nisi
287 2784 329 2812 est
356 2782 412 2822 (Ξ
437 2779 540 2822 qualis
567 2778 627 2810 nisi
659 2784 709 2809 est
732 2777 861 2816 virtus).

103 2823 169 2854 Sed
189 2823 215 2854 si
240 2824 318 2865 quid
339 2824 579 2856 coniiciendum
601 2830 661 2862 est,
691 2834 752 2864 ego
776 2822 859 2854 scri-

101 2868 197 2899 bam:
223 2870 304 2908 quod
326 2872 387 2901 nisi
407 2872 453 2901 ita
474 2874 538 2909 est,·
560 2880 634 2899 nam
658 2869 740 2908 quod
764 2867 862 2899 facile

106 2912 148 2944 ob
170 2919 277 2946 antec.
293 2915 436 2946 virtutem
459 2914 492 2946 in
506 2923 585 2955 quae
598 2912 715 2944 mutari
732 2912 860 2955 potuit5

890 1266 998 1291 tamen
1022 1260 1124 1303 magis
1146 1260 1226 1292 mihi
1259 1261 1367 1303 placet
1390 1262 1543 1304 vulgatae
1564 1263 1647 1294 scri-

891 1313 1008 1347 pturae
1030 1305 1218 1348 explicatio,
1244 1306 1284 1336 ab
1306 1306 1422 1338 eodem
1448 1308 1486 1339 V.
1508 1309 1547 1339 D.
1571 1319 1655 1350 pro—-

892 1349 1021 1391 posita:
1059 1360 1138 1389 quae
1158 1365 1203 1377 =
1229 1351 1331 1381 virtus
1360 1351 1463 1383 libera
1495 1359 1528 1383 et
1551 1352 1654 1384 virtus

890 1394 1032 1432 invicta,
1058 1401 1132 1425 aut:
1163 1395 1292 1425 virtutis
1312 1395 1446 1427 libertas
1469 1402 1502 1427 et
1525 1397 1572 1427 vis
1596 1397 1652 1428 in-

891 1439 979 1470 victa
1006 1440 1101 1481 (quae
1126 1439 1329 1470 substantiva
1359 1452 1398 1471 ex
1421 1440 1591 1472 adiectixis
1616 1444 1654 1473 li-

891 1486 964 1515 bera
990 1490 1022 1514 et
1052 1486 1168 1516 invicta
1193 1484 1354 1515 elicienda
1381 1486 1469 1523 suut}
1503 1488 1564 1517 nisi
1585 1490 1656 1517 sunt

893 1528 1142 1570 (inveniunturi.
1184 1528 1364 1568 Quominus
1388 1537 1497 1561 autem
1519 1531 1552 1561 iu
1576 1542 1654 1562 ver-

890 1573 939 1605 bis
971 1583 1050 1613 quae
1072 1576 1133 1605 nisi
1158 1578 1228 1605 sunt
1259 1573 1324 1604 vim
1355 1574 1536 1606 formulae:
1572 1577 1656 1616 quod

891 1621 952 1650 nisi
968 1621 1010 1649 ita
1032 1622 1075 1649 est
1099 1629 1157 1660 χες.
1171 1625 1207 1649 ut
1230 1618 1332 1649 virtus
1354 1619 1456 1651 libera
1477 1626 1509 1651 et
1532 1620 1656 1652 invicta

891 1663 945 1700 sit)
968 1662 1076 1693 inesse
1099 1669 1294 1703 statuamus,
1320 1675 1416 1706 quum
1433 1664 1566 1706 pluralis
1591 1676 1655 1696 nu·-

890 1718 1018 1745 merus‚
1053 1719 1114 1749 pro
1136 1719 1200 1750 quo
1224 1710 1306 1747 quod
1328 1712 1388 1740 nisi
1407 1714 1448 1740 est
1480 1717 1656 1752 exspecta-

890 1763 982 1790 mus,
1007 1758 1077 1782 tum
1101 1764 1179 1783 vero
1205 1753 1254 1783 vel
1278 1753 1418 1784 maxime
1441 1753 1656 1786 Ciceroniana

892 1797 1003 1828 obstat
1025 1796 1249 1832 consuetudo,
1288 1809 1350 1839 qua
1373 1798 1404 1828 in
1427 1798 1488 1830 hac
1513 1798 1656 1831 formula

893 1841 1087 1872 vocabulum
1110 1843 1155 1872 ila
1180 1841 1328 1872 additur:
1355 1852 1435 1882 quae
1459 1844 1566 1885 (quodi
1593 1846 1656 1876 nisi

892 1889 953 1917 ita
976 1890 1046 1917 sunt
1073 1886 1162 1928 test),
1188 1886 1234 1916 uti
1260 1886 1301 1917 ad
1327 1887 1400 1924 ab,
1429 1888 1478 1921 17.
1504 1887 1655 1919 vidimus.

962 1941 988 1983 ζ).
1003 1941 1055 1974 53.
1081 1944 1177 1981 Atque
1197 1943 1224 1972 si
1242 1945 1275 1973 in
1296 1942 1342 1982 vfi
1371 1941 1424 1974 Sic
1440 1945 1494 1975 Or.
1511 1955 1538 1974 c.
1554 1942 1654 1985 vulg„

892 1986 950 2017 sed
965 1998 1078 2018 omnes
1096 1986 1165 2017 fere
1179 1985 1286 2024 codd..
1302 1987 1400 2018 etiarn
1415 1988 1450 2018 R.
1463 1989 1495 2020 P.
1513 1988 1599 2019 Gud.
1615 1990 1655 2026 1.,

891 2031 1017 2063 habent
1036 2033 1141 2071 alqui,
1167 2032 1256 2073 quod
1278 2031 1318 2062 ab
1339 2032 1372 2063 h.
1386 2032 1406 2063 l.
1428 2032 1570 2064 alienum
1595 2039 1656 2064 est.

892 2077 977 2108 Nam
1012 2083 1228 2118 posteaquam
1272 2076 1387 2108 Cicero
1424 2077 1535 2119 paullo
1579 2084 1657 2109 ante

895 2123 937 2163 ιξ.
953 2121 989 2153 51
1008 2121 1071 2163 sq.)
1098 2119 1358 2159 demonstravit,
1394 2121 1456 2152 nisi
1479 2122 1510 2153 in
1534 2122 1657 2154 virtute

893 2165 960 2197 vita
982 2165 1171 2197 beatissima
1195 2173 1383 2207 poneretur,
1404 2177 1534 2198 omnem
1548 2167 1656 2198 virtu-

892 2217 959 2241 tem
975 2210 1067 2247 tolli;
1093 2210 1158 2241 iam
1176 2220 1291 2242 novum
1312 2211 1406 2241 addit
1427 2219 1656 2252 argumentum

891 2255 942 2287 his
964 2254 1092 2286 verbis:
1126 2259 1256 2294 atque
1280 2257 1307 2285 si
1326 2257 1357 2286 in
1380 2258 1492 2286 virtute
1513 2259 1590 2288 satis
1614 2260 1657 2288 est

890 2302 1041 2340 praesidii
1071 2301 1114 2330 ud
1147 2302 1248 2330 bene
1282 2301 1460 2331 vivendum.
1512 2300 1562 2331 Cf.
1589 2302 1657 2332 We-

892 2347 1026 2384 senbery.
1051 2344 1122 2374 Em.
1148 2345 1168 2374 l.
1196 2355 1226 2385 p.
1246 2342 1294 2375 14.
1330 2345 1378 2375 De
1401 2344 1545 2375 confusis
1569 2345 1656 2377 inter

892 2401 927 2420 se
951 2393 1042 2428 atque
1066 2395 1099 2419 et
1123 2390 1211 2427 atqui
1236 2399 1265 2417 v.
1290 2387 1332 2419 ad
1360 2390 1414 2420 lll.
1443 2389 1473 2426 7,
1502 2387 1552 2422 14.

960 2453 1137 2483 semperque
1161 2445 1258 2474 simus
1280 2443 1400 2487 invicti]
1428 2445 1477 2475 De
1498 2455 1554 2484 que
1579 2452 1657 2488 post

893 2488 1104 2531 negationem
1128 2487 1239 2530 posito
1264 2500 1294 2519 v.
1321 2488 1363 2519 ad
1389 2490 1412 2520 l.
1439 2491 1478 2528 2,
1504 2494 1536 2522 4.

961 2545 1038 2575 nihil
1056 2543 1222 2585 poeniteat]
1250 2544 1289 2575 V.
1314 2543 1356 2575 ad
1381 2555 1408 2575 c.
1428 2544 1485 2583 18,
1510 2546 1564 2578 81.

962 2599 1112 2642 absolute]
1149 2597 1270 2630 dicitur
1301 2606 1337 2630 ut
1360 2600 1520 2642 perfecte.
1570 2601 1656 2633 Hinc

894 2644 976 2675 haec
996 2643 1156 2675 voeabula
1175 2643 1274 2675 etiam
1298 2644 1409 2677 iuncta
1429 2645 1594 2687 leguntur,
1619 2652 1656 2678 ut

897 2688 998 2721 Acad.
1022 2691 1063 2726 2,
1089 2690 1152 2721 25:
1188 2689 1337 2731 perfecte
1372 2696 1405 2721 et
1435 2690 1584 2721 absolute
1608 2691 1655 2721 ita

897 2745 1001 2776 pares.
1050 2732 1102 2764 Cf.
1122 2732 1164 2764 de
1184 2733 1257 2765 Fin.
1278 2735 1336 2765 Ill.
1357 2734 1388 2771 7,
1409 2735 1471 2767 ‘261
1496 2734 1652 2776 sequitur,

898 2790 1010 2810 omnes
1034 2777 1198 2821 sapientes
1222 2790 1352 2821 semper
1376 2778 1534 2815 feliciter,
1564 2781 1654 2810 abso-

896 2826 975 2863 lute,
1008 2823 1179 2854 fortunate
1212 2823 1343 2855 vivere:
1380 2823 1434 2854 ubi
1458 2835 1488 2855 v.
1515 2825 1654 2855 Oltonem

897 2879 928 2911 p.
944 2868 1019 2901 215.
1069 2867 1119 2899 Ad
1141 2867 1296 2900 adverbia
1317 2879 1356 2899 ex
1375 2867 1585 2899 antecedenti
1599 2869 1653 2900 de-

895 2916 933 2946 sit
955 2912 1174 2956 supplendum
1197 2920 1245 2945 est
1271 2915 1383 2945 adsint.
