1832 3137
1544 116 1627 158 313

70 203 170 245 Sunt
196 203 309 244 etiam
326 235 336 254 ‚
371 203 434 257 qui
460 203 555 244 haec
581 204 707 244 omnia
732 218 876 258 genera
904 205 1128 246 consolandi
1155 205 1361 259 colligaul3
1396 204 1494 245 alius
1523 207 1625 245 enini

639 125 803 158 Lissssu
831 126 887 157 111.
912 125 975 165 31,
1002 123 1055 158 7.

66 276 142 317 alio
165 277 278 317 modo
304 283 505 327 movetur,
548 284 590 318 ut
615 278 696 318 sere
727 292 797 318 uos
824 278 861 317 in
893 276 1173 319 Consolatione
1190 281 1208 305 ⁸
1237 278 1365 318 omnia
1386 278 1424 318 in
1447 279 1626 318 consola-

66 351 208 391 tionem
238 364 350 391 unam
374 350 633 401 coniecimus3
675 358 759 391 erat
783 350 885 391 enim
911 351 950 390 iu
975 358 1126 392 tumore
1151 353 1324 404 animus,
1367 359 1407 392 et
1429 352 1554 392 omnis
1586 352 1624 392 iu

65 437 111 464 eo
140 423 360 464 tentabatur
379 425 546 464 curatio.

63 511 213 537 morum
234 497 402 547 morbis,
437 511 551 551 quum
580 497 617 537 iu
653 511 875 552 corporum.

63 570 122 610 cui
155 585 268 624 quum
303 571 443 610 dicium
476 578 602 611 esset:

610 422 688 465 Sed
715 424 942 464 sumendum
974 431 1123 479 tempus
1149 433 1209 466 cst
1232 440 1307 465 non
1332 426 1458 466 minus
1482 426 1518 466 in
1543 426 1626 466 aui-

937 496 990 538 [Ji
1027 496 1283 539 Prometheus
1317 499 1379 540 ille
1418 499 1621 554 Aeschyli,

264 647 388 696 Atqui
402 675 412 692 ,
447 647 686 691 Promethea,
723 652 757 683 te
785 647 856 683 lube
888 652 1012 683 tenere
1041 648 1243 692 eoel'stumo,

265 721 415 757 illecle'm‘
434 733 547 770 posse
575 718 756 757 rcite‘onem
774 719 792 744 9
827 720 1059 766 iracundiae,

150 811 174 845 8
197 813 251 845 Sic
265 815 321 845 Or.
337 825 363 845 c.
379 813 417 844 R.
433 814 467 844 P.
490 812 574 844 Gud.
593 813 673 845 l.ll.
689 813 720 846 b.
747 813 881 856 aliisque
903 813 1014 845 multis
1038 820 1071 845 et
1091 813 1143 845 ed.
1167 821 1234 847 vet.
1254 815 1289 846 P.
1309 826 1316 850 ς
1341 815 1398 846 Tr.
1421 826 1448 846 c.
1470 814 1541 846 aliis
1562 814 1627 845 de-

61 858 235 890 terioribus
260 858 358 891 codd.
384 865 417 889 et
438 858 513 889 edd.
538 865 618 890 vett.
643 858 713 890 fere
734 859 856 890 omnib.
881 869 943 890 om.
967 861 1000 891 in
1025 861 1248 891 Consolatione.
1283 861 1434 891 Temere.
1473 859 1523 890 Ad
1545 859 1627 890 hacc

61 903 148 935 enim
170 903 270 935 verbi
295 903 478 934 necessario
500 903 674 934 iefeienda
701 911 777 935 sunt
801 904 989 946 sequeutia:

60 960 158 991 quum
185 948 454 980 Consolationem
476 948 706 981 scribebamus.

59 996 172 1026 latione
201 996 305 1026 omnia
338 996 367 1026 in
402 1004 497 1025 unum
520 997 631 1026 coniec

755 949 805 981 Cf.
830 951 906 981 Wes.
931 950 1001 980 Em
1026 950 1065 980 11.

678 991 700 1025 9
724 995 768 1025 H.
789 994 902 1037 Steph
928 994 970 1025 ob
992 995 1049 1026 Gr.
1081 991 1140 1036 ὶόγ
1132 1006 1172 1027 0¹.
1202 994 1286 1026 coni.
1312 997 1501 1027 orationem:

1026 907 1119 936 erac
1153 907 1184 936 in
1218 908 1335 936 tumore
1371 915 1423 936 an.
1434 929 1444 945 ,
1476 916 1521 935 sc.
1544 910 1625 941 tum,

1091 961 1123 1001 p.
1146 947 1199 981 58.
1249 949 1325 981 Sch.
1347 961 1431 981 corr.
1455 952 1488 981 in
1511 951 1625 982 Conso-

1536 994 1625 1037 quod

60 1038 176 1071 iniuria
199 1038 322 1081 recepit
345 1040 420 1077 '11.;
446 1036 482 1072 λό
486 1050 544 1082 (ος
566 1046 599 1070 et
623 1038 786 1070 lationem
811 1046 844 1071 et
869 1039 1051 1072 orationem
1075 1021 1249 1082 significat.

61 1112 117 1138 aut
143 1112 231 1138 certe
256 1117 316 1147 pro
340 1117 436 1137 unum
460 1108 509 1146 off.
534 1109 720 1139 consolantis
742 1107 826 1138 smi—

60 1151 203 1183 bendum
220 1151 318 1181 fumo
340 1162 433 1182 unam
455 1153 704 1183 consolationem.
728 1151 826 1190 Quod

62 1208 118 1228 cur
150 1196 246 1238 plane
280 1195 495 1227 nocvssarinm
522 1196 584 1232 sit,
623 1208 689 1227 non
715 1196 824 1227 video.

63 1243 196 1282 Treyder
220 1240 360 1272 oll‘endit
384 1241 417 1273 h.
438 1240 457 1272 l.
482 1248 513 1272 et
537 1248 611 1283 post
634 1245 738 1280 putent
763 1253 824 1272 no-

62 1293 129 1318 tam
158 1286 292 1317 lacunae
322 1286 462 1317 addidit.
513 1289 553 1316 At
587 1286 665 1316 nihil
693 1285 826 1318 deside—

60 1338 170 1369 ratur;
203 1343 275 1362 num
299 1330 330 1362 iu
354 1343 383 1361 v.
406 1333 592 1362 consolantis
615 1330 695 1361 illud
720 1332 826 1373 ipsum

60 1376 215 1414 verbum,
242 1376 331 1418 quod
356 1376 386 1406 h.
409 1375 430 1407 l.
454 1375 574 1418 requiri
597 1382 691 1417 putat
713 1377 753 1406 V.
772 1378 823 1417 D.‚

59 1421 151 1453 latet.
200 1420 252 1451 Cf.
276 1432 374 1463 supra
398 1431 425 1451 c.
450 1421 506 1459 15,
532 1420 593 1452 31:
620 1422 724 1452 eodem
747 1431 825 1452 sem-

56 1476 114 1507 per
134 1476 164 1498 se
184 1468 310 1497 vidisse.
360 1465 447 1497 Infra
473 1477 498 1496 c.
518 1465 572 1502 32,
596 1465 648 1499 77.
676 1465 826 1497 similiter

59 1513 166 1543 docere
181 1510 411 1553 supplendum.
446 1510 638 1542 Consolatio
654 1511 740 1541 enim
755 1511 824 1542 sine

59 1555 210 1588 doctrina
232 1556 338 1598 aliqua
361 1555 510 1598 praeberi
531 1555 653 1598 nequit,
680 1563 715 1587 ut
737 1563 826 1588 recte

59 1608 173 1632 monet
197 1604 337 1633 Orellius.
385 1601 438 1632 Sic
462 1601 560 1632 etiam
584 1601 671 1632 infra
694 1602 746 1632 lV.
770 1602 823 1639 313,

59 1645 114 1679 ὃὸ.
140 1646 278 1688 legitur:
313 1646 410 1677 animi
433 1646 622 1677 morborum
644 1658 706 1677 una
730 1656 826 1678 sana-

60 1693 101 1722 tio
125 1697 184 1729 est,
212 1702 324 1722 omnes
349 1690 531 1733 opinabiles
556 1702 626 1722 esse
647 1697 681 1722 et
704 1690 826 1722 volun-

60 1735 183 1774 tarios,
207 1736 240 1768 h.
263 1748 288 1768 e.
321 1748 381 1768 uua
404 1735 531 1767 sanatio
558 1743 616 1774 est,
643 1747 741 1779 quum
765 1747 822 1767 co-

59 1781 199 1823 gitamus
222 1789 278 1813 aut
301 1782 395 1813 nobis
418 1781 650 1823 persuademus
675 1788 737 1812 etc.
776 1781 826 1813 Cf.

61 1827 324 1866 Wyitenbachinm
348 1827 389 1858 ad
410 1826 519 1858 Select
544 1827 650 1858 Princ.
667 1825 824 1857 Historic.

58 1882 91 1914 p
105 1871 182 1904 302.
232 1873 279 1903 De
307 1872 442 1903 Grrecis
468 1884 496 1902 v.
519 1873 761 1903 Stallboumium
784 1870 826 1902 ad

59 1915 142 1948 Plat.
159 1918 249 1949 P10t
241 1929 290 1958 1„
313 1928 333 1958 p
356 1917 431 1954 3¹3,
458 1921 493 1948 A.
512 1918 556 1959 (p.
571 1915 624 1949 ϋ-Ι».
640 1916 691 1947 ed.
708 1916 822 1955 Goth.)

127 1966 161 1994 ut
186 1958 326 1994 Cleanthi
355 1965 475 2002 placet,
500 1980 537 1984 —
575 1965 607 1993 ut
629 1963 825 2001 Peripatetici

59 2025 104 2031 -—-
126 2011 160 2037 ut
180 2008 348 2047 Epicurus]
386 2006 534 2037 Divis-ius
567 2006 708 2038 coniecit
733 2007 824 2038 Peri-

58 2054 220 2092 paletici83
254 2058 286 2082 at
310 2051 401 2082 locus
425 2051 465 2082 de
489 2058 652 2083 structura
676 2050 824 2093 geminus

63 2102 113 2127 est
139 2096 291 2127 Academ
320 2098 358 2128 ll.
384 2095 438 2132 39,
470 2094 547 2128 1¹4:
575 2096 607 2127 Si
630 2103 696 2127 est:
723 2095 825 2127 trisne

60 2147 171 2184 partes
194 2141 332 2180 habezmt
358 2145 390 2173 ul
411 2143 534 2173 Platoni
553 2144 693 2181 placui',
719 2140 824 2172 ratio-

61 2185 131 2224 nis,
156 2185 242 2224 irae,
271 2166 479 2228 crqiiditatis3
505 2205 548 2210 —
572 2198 632 2224 an,
660 2190 693 2217 ut
719 2188 825 2218 Xeno-

61 2235 170 2271 crates,
195 2243 346 2264 numerus
365 2231 453 2262 nullo
472 2243 629 2274 corpore:
656 2231 710 2262 ubi
727 2231 826 2262 etiam

60 2275 116 2307 alii
136 2276 249 2319 legunt
264 2279 440 2308 Xenocrati.
468 2277 503 2308 V.
523 2278 666 2308 Goerenz.
687 2283 720 2308 et
737 2278 827 2317 Wop-

61 2322 145 2354 kens.
171 2322 280 2353 Lectt.
305 2321 393 2353 Tull.
419 2322 450 2360 Ι,
475 2324 506 2353 ὅ.
532 2333 563 2364 p.
583 2321 636 2354 61.

128 2368 207 2397 nihil
228 2367 319 2407 mali]
348 2367 382 2396 In
406 2365 469 2398 hac
492 2377 646 2408 perversa
665 2365 828 2407 scriptura

63 2422 176 2442 omnes
198 2410 295 2441 codd.
323 2413 469 2452 (praeter
491 2410 587 2441 Viud.
614 2410 660 2442 l.:
687 2413 827 2450 opinanti

62 2457 211 2488 occidisse
230 2456 319 2495 mali)
344 2454 563 2486 consentiunt.
599 2457 742 2494 Orellius,
766 2454 826 2485 etsi

62 2500 148 2532 hanc
170 2500 365 2542 scripturam
387 2506 575 2542 corruptam
598 2505 728 2537 censet,
756 2510 827 2530 eam

62 2552 174 2577 tamen
198 2544 335 2577 retinuit
371 2551 405 2575 et
435 2544 482 2576 sic
507 2545 646 2575 fortasse
671 2543 826 2586 explicari

62 2601 161 2634 posse
195 2596 310 2633 putat:
347 2591 448 2630 „nihil
480 2590 600 2633 igitur,
636 2600 713 2619 vere
739 2588 828 2630 quod

62 2635 126 2667 dici
150 2635 277 2678 possit,
307 2637 393 2666 moli.
399 2637 421 2653 “
468 2636 559 2674 Quae
583 2640 694 2665 tamen
719 2633 828 2675 expli-

65 2680 150 2712 catio
174 2680 236 2723 ipsi
267 2680 459 2711 satisfxcere
484 2691 548 2712 nou
575 2678 714 2710 videtur.
762 2680 827 2709 Su—

64 2725 210 2768 spicatus
234 2725 318 2757 enim
340 2725 513 2767 legendum
547 2736 634 2755 esse:
671 2725 747 2755 nihil
771 2725 829 2755 soli

68 2769 196 2813 (dativ.)
229 2782 246 2801 e
271 2773 300 2814 §.
317 2769 370 2803 79.
419 2772 579 2802 Manutius
603 2776 635 2800 et
662 2770 830 2799 Lambinus

68 2821 279 2846 correxerunt
302 2816 380 2847 nihil
401 2818 482 2847 novi.
532 2819 575 2846 At
597 2820 692 2845 acute
716 2813 828 2855 pervi-

66 2858 116 2890 dit
140 2861 304 2900 Davisius,
335 2871 433 2902 quum
459 2866 643 2891 ceterorum
669 2869 750 2900 quae
775 2857 829 2889 hic

66 2903 254 2936 referuntur
278 2905 485 2937 decretorum
512 2903 642 2948 patroni
667 2903 828 2934 nominati

65 2948 141 2988 sint,
170 2948 269 2981 etiam
292 2949 385 2981 huius
407 2950 590 2982 sententiae
615 2955 828 2992 patronorum

65 3004 185 3037 nomen
207 2994 298 3037 sequi
321 2994 453 3027 debere.
499 2996 570 3027 Hos
591 3001 698 3027 autem
722 2993 826 3037 Cyre-

863 1107 973 1138 ηιῐοοε
1000 1107 1119 1145 fuisse,
1156 1107 1208 1138 vel
1234 1118 1272 1138 ex
1304 1107 1342 1138 iis
1376 1107 1498 1150 liquet,
1542 1117 1625 1150 quae

862 1151 998 1193 legimus
1022 1164 1119 1195 supra
1147 1153 1206 1189 155,
1230 1155 1283 1184 ⁴35.
1314 1153 1370 1187 15,
1394 1152 1448 1185 3¹.
1480 1154 1545 1190 ¹3⁴2,
1570 1152 1624 1183 ὁὶ).

863 1198 948 1227 Iliun
976 1204 1070 1228 acute
1101 1197 1275 1239 legendum
1309 1197 1440 1228 coniicit
1471 1201 1503 1228 ul
1527 1199 1625 1236 Cyre-

861 1244 954 1274 naici.
1003 1242 1119 1283 Neque
1154 1254 1230 1273 vero
1267 1242 1416 1283 cuiquam
1449 1240 1623 1273 offensioni

863 1287 945 1324 erit,
988 1287 1075 1329 quod
1112 1287 1191 1318 have
1222 1287 1409 1318 emendatio
1441 1299 1460 1318 a
1492 1286 1624 1327 vulgata

861 1331 1022 1374 scriptura
1039 1331 1170 1362 nimium
1189 1331 1335 1363 videatur
1350 1331 1513 1364 recedere.
1541 1332 1625 1362 Nam

860 1388 1018 1418 ΡΓῙΓΠΠΠῚ,
1055 1388 1086 1407 ll!
1116 1388 1282 1408 ΠΟΥΪΠΙΗΙΠ]
1307 1388 1518 1419 ΡΓΟΡΥΙΟΓΠΠΙ
1541 1388 1624 1407 Ser]-

860 1428 956 1463 ptura
976 1432 1074 1462 saepe
1095 1421 1267 1466 insignitos
1283 1422 1365 1463 lapsi
1387 1428 1461 1453 sunt
1480 1420 1602 1452 librarii
1618 1432 1624 1457 ς

859 1473 940 1504 tum,
966 1468 992 1497 si
1012 1467 1123 1497 ductus
1144 1469 1286 1499 attendas
1306 1469 1489 1505 litterarum,
1517 1476 1537 1496 α
1557 1467 1626 1497 vul-

860 1514 933 1551 9ata
960 1514 1024 1542 tam
1049 1513 1135 1551 lonye
1159 1522 1218 1542 non
1241 1514 1371 1549 abeunt,
1405 1521 1501 1551 quam
1521 1512 1627 1550 prima

860 1558 940 1596 socie
963 1558 1077 1587 censeri
1099 1560 1207 1596 queat,
1242 1563 1276 1587 ut
1300 1556 1377 1598 ipsis
1400 1555 1524 1587 Davisii
1548 1565 1626 1586 ver-

860 1601 909 1631 bis
930 1607 1013 1632 utar.
1051 1603 1182 1633 us'esenb.
1206 1601 1226 1633 l.
1247 1601 1279 1632 d.
1300 1613 1332 1643 p.
1352 1602 1400 1633 10.
1426 1606 1521 1632 acute
1543 1611 1625 1631 eou-

860 1646 930 1677 iicit
969 1646 1130 1677 vocabulo
1172 1649 1327 1686 inopinati
1369 1645 1627 1689 superscriptum

861 1691 962 1722 fuisse
980 1694 1057 1722 mali
1084 1691 1140 1733 (cf.
1170 1703 1196 1722 c.
1213 1692 1261 1729 13,
1282 1692 1362 1731 2³5),
1389 1691 1464 1722 dein
1490 1696 1627 1733 propter

859 1737 937 1767 nihil
957 1739 1036 1767 mali
1070 1748 1169 1779 prave
1194 1735 1370 1777 repetitum
1399 1735 1559 1767 excidisse
1582 1734 1627 1766 il—

860 1780 917 1811 lud
938 1784 971 1812 ut
992 1783 1165 1820 Cyrenaici.
1213 1782 1345 1812 Orellius
1375 1781 1406 1812 in
1430 1780 1480 1812 ed.
1503 1786 1626 1812 recent.

859 1825 1045 1868 suspicatur
1075 1830 1107 1857 ut
1130 1828 1323 1865 Aristippus,
1360 1825 1448 1868 quod
1478 1824 1626 1857 vocabu-

860 1871 938 1909 lum,
952 1870 1170 1913 subsequente
1183 1870 1315 1901 nomine
1326 1870 1475 1901 similiter
1486 1875 1626 1901 sonante

863 1917 1076 1955 Chrysippus,
1099 1915 1174 1946 loco
1199 1915 1324 1946 moveri
1350 1915 1506 1958 potuerit.

927 1962 1100 2000 opinionem
1121 1962 1289 1999 moerenti,
1314 1963 1341 1991 sl
1363 1971 1393 1992 se
1415 1962 1517 2001 officio
1540 1961 1629 2000 funyi

858 2007 957 2046 pulei}
985 2005 1038 2036 Sic
1053 2007 1107 2036 Or.
1128 2017 1154 2037 c.
1173 2005 1298 2047 aliquot
1313 2007 1393 2036 Oxx.
1407 2008 1487 2047 Aug.
1503 2004 1583 2036 Pall.
1601 2005 1626 2036 l.

859 2052 890 2082 2.
908 2051 940 2082 ὃ.
963 2049 1061 2081 Vind.
1083 2050 1108 2082 l.
1132 2061 1309 2092 omnesque
1329 2050 1405 2081 edd.
1432 2056 1535 2087 vett.;
1569 2047 1628 2080 sed

860 2094 991 2137 plurimi
1018 2094 1136 2135 codd.‚
1171 2095 1269 2126 etium
1297 2095 1333 2126 R.
1358 2096 1391 2127 P.
1420 2094 1505 2126 Gud.
1535 2094 1561 2126 l.
1587 2094 1628 2124 Il.

861 2141 936 2171 Vat.
954 2142 1120 2172 maerentis
1132 2150 1162 2171 se
1176 2143 1226 2180 off.
1256 2139 1418 2170 Bentleius
1437 2138 1522 2170 coni.
1543 2148 1628 2170 mae-

861 2188 959 2224 renti,
991 2195 1032 2217 se
1053 2186 1156 2225 officio
1178 2187 1268 2225 funqi
1289 2187 1362 2224 pio
1385 2189 1420 2217 et
1439 2187 1537 2223 iusto,
1572 2183 1629 2214 of—

863 2230 973 2261 sensus
999 2236 1163 2261 structura
1188 2232 1382 2269 opinionem,
1416 2232 1443 2261 si
1466 2249 1509 2254 --
1531 2232 1629 2268 putet.

863 2278 905 2306 At
927 2274 1056 2326 saepius
1082 2285 1142 2317 pro
1174 2274 1361 2305 accusativo
1386 2286 1412 2305 c.
1437 2273 1496 2304 inf.
1521 2283 1629 2303 enun-

860 2320 957 2351 tiatio
989 2319 1219 2351 conditionalis
1254 2317 1482 2360 expliC¹1tionis
1515 2328 1628 2348 caussa

861 2364 1039 2396 subiicitur.
1075 2365 1169 2395 Verr.
1191 2364 1245 2394 Ill.
1265 2363 1319 2401 91,
1341 2363 1424 2395 213.
1451 2361 1555 2393 multo
1573 2361 1629 2392 isti

862 2409 1076 2452 perniciosius
1101 2408 1143 2439 sit
1168 2408 1298 2444 dicei-,e
1325 2419 1359 2438 se
1383 2407 1415 2438 in
1440 2418 1475 2438 re
1499 2406 1627 2449 impro-

862 2454 994 2486 bissima
1015 2453 1157 2484 voluisse
1174 2452 1351 2483 Antonium
1375 2451 1506 2490 imitari,
1532 2462 1629 2494 quam

862 2502 888 2531 si
911 2498 1092 2530 defendere
1121 2500 1238 2538 possit,
1274 2497 1355 2528 nihil
1379 2497 1412 2528 in
1436 2496 1502 2528 vita
1525 2507 1560 2528 se
1582 2496 1628 2528 M.

863 2543 998 2575 Antonii
1028 2542 1134 2574 simile
1170 2541 1299 2574 secisse.
1350 2542 1402 2573 Cf.
1428 2543 1563 2574 Buliium
1587 2540 1629 2572 ad

863 2589 966 2630 Legg.
993 2589 1018 2619 l.
1040 2585 1079 2626 4,
1109 2588 1158 2619 1¹2.

930 2634 1029 2664 omnis
1051 2635 1083 2664 in
1106 2634 1153 2673 eo]
1179 2631 1254 2663 Scil.
1276 2636 1403 2673 tumore,
1425 2643 1492 2664 non
1513 2634 1629 2663 animo.

930 2679 1083 2719 Aeschyli]
1097 2677 1262 2709 Prometh.
1274 2677 1384 2710 Vinct.
1397 2689 1426 2710 ν.
1437 2676 1513 2711 377.
1527 2678 1630 2707 Ocea-

865 2733 923 2753 nus
949 2722 1112 2764 loquitur:

888 2762 1030 2805 Ουκουν,
1045 2767 1247 2809 Προμηῖἲεῖ,
1262 2769 1359 2801 τοῦτο
1373 2764 1531 2819 γιαώσκει
1535 2776 1561 2806 ς,
1577 2760 1630 2798 ότι

885 2809 1016 2854 Ὀργῆς
1036 2811 1201 2855 νοσούσης
1226 2812 1300 2846 εἰσὶ·
1283 2825 1309 2845 ω
1332 2811 1436 2855 ἰατροὶ
1457 2809 1567 2851 λόγοις

866 2856 922 2888 Cui
949 2857 1163 2889 Prometheus
1189 2857 1386 2900 respondet.

886 2898 969 2935 Ἐάν
991 2914 1041 2941 τις
1061 2902 1093 2936 ἐν
1113 2903 1221 2946 καιρῷ
1244 2914 1283 2945 γε
1306 2899 1495 2954 μαλῑῖάσσῃ
1513 2897 1595 2938 κέαρ

886 2946 956 2980 Και
977 2945 1025 2990 μή
1050 2948 1243 2990 σφριγῶντα
1265 2945 1370 2989 ‘Junci
1388 2943 1537 2988 ἰσχθαίαῃ
1560 2942 1593 2987 βί
1595 2955 1627 2986 ᾳ.

931 2994 980 3023 cui
1013 3003 1109 3034 quum
1143 2995 1257 3025 dictum
1293 2995 1366 3023 esset
1389 3008 1432 3013 —
1455 2976 1625 3030 respondii]
