1863 3221
246 118 324 158 118

245 205 392 253 flabile,
426 210 490 243 aut
516 202 686 254 igneum.

244 277 390 317 moriae
405 307 415 325 ,
456 273 595 314 mentis
610 303 620 322 ,
662 267 908 322 cogitationis
931 267 1092 318 haheat,
1137 268 1237 321 quod
1263 273 1302 308 et
1324 269 1535 322 praeterita
1558 277 1714 320 teneat,
1761 278 1801 310 et

246 351 372 389 futura
391 347 604 401 provideat,
631 349 669 383 et
683 341 883 395 complecti
903 341 1025 395 possit
1044 341 1289 394 praesentia:
1324 355 1421 394 quae
1441 341 1525 381 sola
1543 342 1796 392 divina'sunt‚

245 435 315 460 nec
345 419 564 459 invenietur
589 428 772 468 unquam,
808 414 907 454 unde
929 415 975 453 ad
997 414 1191 454 hominem
1213 413 1349 453 venire
1370 414 1535 467 possint,
1568 415 1643 454 nisi
1663 429 1684 454 a
1707 416 1795 455 deo.

826 117 993 150 mesu
1016 119 1042 148 1.
1069 115 1132 157 27,
1157 114 1211 148 67.

748 195 822 236 His
846 195 949 235 enim
970 195 1010 234 in
1035 195 1183 235 naturis
1211 194 1306 234 nihil
1328 195 1453 247 inest,
1488 198 1589 250 quod
1611 198 1688 239 vim
1715 211 1796 238 nie-

244 491 463 544 Singularis
487 496 547 528 est
568 488 685 542 igitur
709 487 896 540 quaedam
919 493 1055 527 natura
1077 493 1190 540 atque
1214 486 1274 527 vis
1297 486 1440 536 animi,
1474 487 1649 527 seiuncta
1671 487 1717 527 ab
1742 487 1800 528 his

244 563 394 603 usitatis
413 565 427 588 1
453 561 631 614 notisque
648 559 813 600 naturis.
875 557 950 611 Ita,
983 560 1162 613 quicquid
1184 566 1243 599 est
1265 559 1372 608 illud,
1407 560 1507 613 quod
1530 560 1665 611 sentit,
1700 561 1802 614 quod

240 636 361 689 sapit,
395 635 494 688 quod
522 633 644 683 vivit,
678 633 778 687 quod
805 632 938 686 viget,
972 633 1141 673 caeleste
1165 639 1204 672 et
1231 631 1437 672 divinum2
1465 632 1512 672 ob
1534 646 1696 686 eamque
1718 647 1802 673 rem

242 716 440 748 aeternum
463 707 514 747 sit
539 719 701 746 necesse
725 712 800 746 est.
861 704 949 745 Nec
969 719 1065 745 vero
1088 706 1183 745 deus
1206 705 1288 759 ipse
1303 736 1313 756 ,
1349 706 1412 759 qui
1436 706 1665 759 intelligitur
1686 720 1707 745 a
1733 720 1803 746 no-

241 782 325 832 bis,
359 780 435 820 alio
460 780 573 819 modo
596 778 758 832 intelligi
781 785 931 832 potest,
978 777 1053 818 nisi
1081 791 1190 818 meus
1217 778 1344 818 soluta
1375 779 1563 832 quaedam
1596 785 1636 818 et
1660 778 1799 829 libera,

241 860 445 907 segregata
476 852 523 892 ab
556 852 658 892 omni
692 851 943 892 concretione
972 851 1148 902 mortali,
1192 851 1321 891 onmia
1352 850 1525 891 sentiens
1554 858 1593 890 et
1621 865 1800 902 movens,

241 928 399 980 ipsaque
422 925 597 979 praedita
617 932 724 965 motu
746 924 1040 978 sempiterno.“
1101 930 1170 965 67.
1205 923 1291 963 Hoc
1315 937 1335 963 e
1358 937 1504 976 genere
1531 930 1647 977 atque
1669 923 1804 963 eadem

241 1013 262 1039 e
285 1006 421 1039 natura
444 1006 505 1038 est
528 998 695 1038 humana
719 1011 844 1038 niens.
907 995 983 1037 Ubi
1012 996 1131 1050 igitur
1157 1004 1223 1036 aut
1257 996 1381 1050 qualis
1406 1003 1466 1036 est
1488 995 1564 1035 ista
1585 997 1721 1037 mens?
1749 1020 1805 1026 --

241 1070 314 1113 Ubi
341 1079 404 1111 tua
435 1078 501 1111 aut
524 1071 675 1124 qualis?
716 1077 879 1124 potesne
910 1069 1070 1109 dicere?
1107 1083 1180 1121 an,
1225 1069 1258 1109 si
1283 1070 1412 1108 onmia
1435 1069 1481 1109 ad
1513 1069 1803 1123 intelligendum

332 1190 475 1221 XXVll.
526 1188 539 1219 1
567 1201 596 1219 ν.
619 1188 701 1220 Adn.

759 1187 780 1219 2
806 1186 860 1219 Sic
884 1189 939 1218 Or.
968 1199 995 1218 c.
1020 1187 1056 1218 R.
1084 1186 1169 1218 Gud.
1187 1187 1214 1219 1.
1238 1185 1326 1218 11.2.
1355 1187 1411 1218 Gr.
1435 1186 1466 1218 b.
1493 1186 1629 1230 aliisque
1651 1186 1749 1218 codd.
1772 1194 1805 1218 et

243 1235 318 1266 edd.
343 1241 425 1265 vett.
452 1235 486 1265 P.
513 1233 613 1264 Bouh.
640 1239 706 1264 vet.
732 1233 772 1263 D.
799 1243 860 1274 pro
886 1231 972 1273 vulg.
997 1234 1139 1263 dwinum
1163 1236 1214 1263 est.

244 1308 379 1332 conatus
405 1307 470 1337 est,
509 1306 679 1341 utrumque
700 1298 827 1329 illarum
854 1298 1003 1341 particu—

243 1347 344 1377 lurum
370 1344 622 1376 collocationem
653 1343 723 1384 pari
756 1344 825 1374 fere
852 1342 1004 1374 testimo—

245 1390 371 1421 niorum
396 1400 529 1419 numero
550 1388 683 1429 firmari,
709 1395 743 1418 ut
762 1387 794 1418 in
813 1388 916 1418 alteru
934 1394 1005 1418 utra

244 1433 395 1475 eligenda
425 1433 495 1464 solu
527 1433 685 1463 librorum
711 1438 797 1463 esset
826 1432 1006 1474 spectanda

244 1478 441 1514 anctoritus3
477 1477 535 1508 sed
562 1488 630 1508 rem
653 1477 754 1519 magis
786 1476 1005 1515 conturbavit,

245 1535 339 1566 quam
363 1521 557 1559 illustravit,
594 1533 691 1563 quum
717 1528 749 1552 et
779 1533 892 1552 omnes
916 1522 1007 1552 verbi

244 1578 306 1600 esse
332 1568 453 1598 formas
476 1566 635 1608 respexit,
673 1578 732 1597 nec
753 1565 883 1598 diversa
912 1566 1005 1597 huius

245 1611 473 1644 collocutionis
497 1623 616 1653 genera
641 1610 800 1642 distinxit.

312 1660 344 1688 in
366 1656 500 1698 naturis]
537 1656 578 1686 H.
602 1667 629 1688 e.
654 1655 703 1686 his
736 1655 769 1686 in
803 1655 1004 1697 corporibus,

246 1700 427 1733 elementis.
477 1701 517 1733 N.
543 1701 582 1731 D.
609 1701 660 1737 ΙΙ,
685 1700 745 1733 57:
782 1700 871 1742 quod
899 1700 930 1730 in
956 1700 1005 1730 his

244 1748 365 1778 naturis
388 1745 508 1776 relatus
538 1744 755 1786 amplificatur
787 1756 896 1776 sonus.
947 1746 1004 1785 ΙΙΙ,

251 1788 306 1822 14:
350 1796 503 1821 concreta
537 1796 588 1819 est
621 1801 659 1819 ex
693 1789 840 1831 pluribus
872 1792 1004 1822 naturis.

246 1836 293 1873 lt,
318 1834 380 1867 33:
417 1836 539 1866 naturis
570 1833 640 1873 his,
675 1845 715 1864 ex
746 1833 861 1876 quibus
896 1834 1005 1866 omnia

245 1885 410 1910 constant.

311 1933 389 1964 quae
409 1926 476 1955 sola
498 1925 607 1954 divina
629 1922 713 1965 sunt]
738 1923 780 1954 H.
796 1934 823 1954 e.
847 1934 929 1964 quae
949 1934 1006 1954 so—

247 1969 310 1999 lnm
333 1968 477 1998 divinam
498 1967 658 2008 originem
679 1967 812 1998 habent.
849 1968 1006 1998 Vocabu—

246 2013 312 2043 lum
334 2012 433 2053 igitur
453 2013 520 2042 sola
544 2023 610 2041 non
635 2022 708 2042 cum
729 2022 828 2051 quae,
854 2012 913 2042 sed
934 2024 1006 2043 curn

245 2058 355 2087 divina
379 2055 641 2095 coniungendum
663 2062 721 2086 est.
769 2056 811 2086 N.
833 2057 873 2086 D.
899 2057 922 2093 Ι,
944 2055 1007 2088 34:

247 2111 330 2141 quae
360 2102 427 2131 sola
459 2099 569 2130 divina
603 2106 718 2130 natura
750 2106 836 2131 sunt.
886 2100 1009 2131 Contra

248 2145 298 2178 ΙΙ,
325 2145 387 2176 ι’)ὅῑ
427 2155 509 2186 quae
543 2143 712 2175 hominum
745 2146 844 2175 solum
879 2145 1008 2176 auribus

247 2188 442 2220 iudicantur.
486 2189 524 2218 V.
550 2190 692 2220 Ochsner.
715 2188 784 2219 Ecl.
812 2188 878 2221 Cic.
906 2201 938 2231 p.
954 2188 1007 2221 41.

249 2233 300 2264 Cf.
326 2245 386 2264 nos
410 2232 453 2263 ad
477 2234 533 2263 lv.
558 2232 590 2269 7,
617 2233 665 2264 15.

312 2279 436 2308 usitatis
457 2280 595 2316 notisque
618 2280 752 2318 naturis}
792 2278 855 2310 Pro
887 2280 1010 2309 usitatis

247 2324 399 2354 Bentleius
422 2328 455 2352 et
479 2324 626 2353 Davisius
654 2321 829 2363 legendnm
854 2322 1009 2354 coniece-

250 2373 323 2397 runt
346 2369 487 2398 visitatis.
525 2366 693 2397 immerito
714 2378 811 2403 sune5
836 2378 910 2398 nam
932 2367 1006 2405 loci,

248 2412 281 2442 in
311 2410 425 2452 quibus
448 2411 614 2442 vocabulis
636 2414 768 2443 usitatus
790 2417 823 2442 et
844 2414 1011 2444 inusitatus

250 2467 299 2486 res
311 2454 543 2495 significantur,
562 2467 644 2498 quae
658 2456 848 2498 frequenter
861 2464 916 2488 aut
935 2468 1008 2488 raro

250 2498 420 2537 videntur,
445 2506 519 2530 sunt
542 2500 804 2532 innumerabiles.
853 2502 892 2532 V.
920 2504 1010 2541 Wop-

249 2545 389 2574 hensium
425 2544 544 2584 (Lectt.
566 2545 653 2575 Tull.
681 2547 745 2581 ΙΙΙ,
769 2548 800 2578 ὅ.
827 2557 859 2588 p.
877 2546 941 2579 375
958 2557 1007 2589 sq.

250 2586 301 2618 ed.
318 2587 386 2624 HA,
412 2587 465 2629 qui
486 2587 573 2618 idem
594 2596 684 2619 recte
707 2590 904 2628 observavit,
930 2602 1009 2623 ver-

250 2633 290 2663 ba
321 2634 483 2670 visitatus,
515 2635 690 2664 invisitatus
723 2641 755 2664 et
787 2638 914 2667 visitare
947 2648 1007 2678 pro

252 2676 380 2718 saepius
413 2675 525 2707 videre
559 2677 645 2718 apud
674 2678 817 2710 Tullium
852 2692 1009 2723 nusquam

251 2720 409 2757 inveniri,
446 2732 561 2763 resque
586 2721 764 2759 eiusmodi,
801 2735 882 2766 quae
907 2726 1007 2757 oculis

250 2764 338 2796 haud
362 2776 435 2796 raro
459 2773 702 2807 usurparentur,
727 2768 796 2798 aliis
820 2769 898 2800 locis
920 2770 1008 2811 apud

251 2816 398 2841 nostrum
417 2809 563 2851 aliosque
585 2811 728 2852 optimae
742 2812 927 2844 Latinitatis
946 2826 1007 2846 au—

251 2863 356 2884 ctores
387 2854 452 2885 dici
483 2865 573 2893 saepe
595 2858 779 2887 usuvenire
813 2857 864 2887 vel
896 2861 926 2889 in
950 2870 1008 2890 usu

247 2901 426 2937 quotidiano
449 2903 578 2940 versari,
601 2902 776 2939 collocatas,
799 2904 916 2940 positas
940 2908 1008 2935 ome

247 2946 348 2976 oculos
370 2954 441 2976 esse.

1106 1300 1187 1338 quod
1210 1300 1304 1339 viget]
1332 1298 1442 1329 Verbo
1467 1301 1592 1338 vigendi
1618 1298 1807 1330 continetur

1041 1344 1133 1374 notio
1148 1350 1268 1379 motus,
1286 1342 1491 1379 mutationis,
1509 1343 1690 1374 crescendi.
1722 1344 1807 1374 Hinc

1040 1388 1174 1430 proprie
1197 1387 1317 1418 dicitur
1340 1387 1381 1417 de
1403 1387 1546 1424 floribus,
1573 1387 1704 1430 plantiS.
1753 1388 1806 1419 Cf.

1040 1432 1128 1463 infra
1151 1433 1189 1463 V.
1217 1432 1267 1469 15,
1294 1431 1348 1465 57.
1395 1433 1438 1463 Ν.
1466 1433 1503 1463 D.
1530 1433 1569 1471 ΙΙ,
1598 1433 1656 1464 15:
1693 1432 1807 1464 aether

1041 1489 1170 1518 semper
1205 1476 1348 1519 agitatur
1384 1483 1417 1507 et
1451 1479 1542 1515 viyet.
1593 1478 1691 1508 Corn.
1719 1478 1803 1520 Nep.

1043 1521 1147 1553 Alcib.
1169 1523 1208 1559 V,
1227 1523 1265 1553 ὃς
1291 1521 1345 1563 qui
1366 1521 1476 1563 paullo
1499 1528 1575 1552 unte
1597 1520 1741 1553 victores
1759 1525 1805 1553 vi-

1039 1570 1190 1606 querant:
1226 1565 1279 1597 ubi
1312 1566 1356 1597 cf.
1380 1568 1547 1597 Bremium.
1594 1567 1634 1598 V.
1662 1568 1805 1599 Ochsner.

1041 1610 1109 1641 Ecl.
1138 1610 1204 1641 Cic.
1242 1622 1275 1653 p.
1295 1609 1348 1642 4⁴3.
1406 1612 1546 1642 Menhius
1580 1610 1612 1642 in
1647 1611 1804 1642 Observv.

1041 1655 1128 1686 ined.
1148 1666 1255 1697 comp.
1276 1655 1385 1687 Divin.
1406 1657 1431 1686 Ι.
1452 1657 1505 1692 50,
1528 1655 1590 1688 63:
1616 1655 1701 1687 iacet
1719 1655 1804 1687 enim

1042 1711 1159 1742 corpus
1180 1699 1391 1737 dormientis,
1419 1706 1453 1730 ut
1474 1701 1615 1739 mortui;
1640 1703 1721 1741 vigel
1744 1712 1803 1732 au-

1041 1751 1108 1776 tem
1133 1751 1165 1775 et
1187 1748 1263 1776 vivit
1287 1747 1420 1775 animus.

1108 1793 1144 1821 ob
1159 1800 1286 1829 eamque
1302 1789 1380 1831 rem]
1402 1790 1448 1819 De
1467 1789 1671 1831 pronominis
1688 1793 1716 1821 is
1732 1790 1805 1822 col—

1040 1834 1207 1866 locatione
1228 1846 1258 1865 v.
1281 1834 1449 1865 Adnotatu
1472 1834 1506 1864 in
1528 1835 1566 1866 V.
1594 1834 1630 1872 Ι,
1659 1834 1686 1865 1.

1107 1882 1167 1911 Nec
1189 1889 1261 1911 vero
1284 1881 1360 1910 deus
1383 1878 1460 1920 ipse]
1492 1879 1597 1909 Locus
1620 1878 1805 1920 pulcherri-

1042 1935 1112 1954 mus
1137 1935 1176 1954 ac
1200 1923 1296 1965 plane
1320 1922 1517 1954 Platonicus.
1567 1924 1673 1962 Quam
1704 1934 1804 1966 prae·-

1044 1968 1130 2000 clare
1153 1980 1191 1999 ac
1213 1967 1383 2010 magnifiee
1407 1968 1522 1999 Cicero
1546 1967 1588 1999 de
1611 1967 1722 1998 divina
1743 1979 1804 2000 na—

1042 2020 1115 2044 tura
1137 2013 1285 2052 senserit,
1313 2013 1521 2053 exposuimus
1540 2012 1574 2043 in
1595 2012 1616 2044 l.
1637 2012 1669 2044 d.
1688 2014 1725 2044 de
1743 2014 1804 2045 Cic.

1042 2060 1075 2088 in
1097 2059 1172 2097 phil.
1196 2067 1268 2088 mer.
1295 2069 1327 2099 p.
1352 2057 1412 2090 177
1429 2069 1500 2100 sqq.
1527 2064 1559 2088 et
1586 2058 1649 2090 leb*
1665 2068 1736 2099 sqq.
1768 2054 1770 2056 ¹

1113 2102 1141 2142 §-
1157 2101 1210 2134 67.
1241 2104 1299 2132 Ubi
1322 2104 1415 2141 i9ilur
1436 2103 1513 2142 ete]
1541 2104 1617 2134 Ern.
1640 2101 1804 2133 immerito

1044 2145 1120 2176 huic
1157 2145 1410 2187 interrogationi
1451 2146 1601 2187 praefixit
1637 2152 1685 2186 A,·
1729 2158 1804 2178 uam

1043 2201 1141 2231 saepe
1171 2189 1217 2220 ita
1241 2189 1366 2221 Tullius
1393 2189 1464 2231 ipse
1495 2189 1556 2220 sibi
1585 2190 1726 2232 aliquam
1750 2192 1804 2222 in·-

1042 2234 1302 2275 terrogationem
1322 2234 1473 2275 opponit,
1496 2241 1530 2265 ut
1547 2233 1592 2271 id,
1619 2235 1708 2276 quod
1726 2248 1804 2266 sen—

1043 2278 1166 2310 tentiae
1191 2290 1267 2309 suae
1293 2278 1390 2309 obiici
1417 2279 1538 2320 possit,
1570 2279 1687 2310 elevet.

1110 2333 1188 2363 quae
1208 2325 1317 2355 habere
1335 2325 1456 2364 vellem]
1484 2326 1641 2355 Eruestz'us
1662 2335 1722 2366 pro
1743 2327 1805 2356 vel-

1043 2370 1101 2399 lem
1134 2367 1307 2410 legendum
1341 2367 1525 2409 suspicatur
1559 2370 1674 2407 velim,
1716 2369 1805 2410 quod

1044 2413 1163 2455 probat
1195 2414 1338 2444 Rathius.
1395 2412 1546 2449 Frustra3
1580 2412 1681 2444 immo
1713 2416 1806 2445 velim

1044 2457 1201 2489 abhorret
1225 2457 1265 2487 ab
1290 2457 1384 2488 huius
1415 2457 1480 2488 loci
1504 2457 1686 2496 sententia,
1722 2469 1805 2500 quae

1044 2509 1133 2533 recte
1154 2501 1201 2533 sic
1222 2498 1430 2539 ὁποῗδετικῶς
1451 2513 1602 2543 expressa
1623 2509 1683 2541 est,
1709 2509 1753 2539 ut,
1779 2502 1805 2533 si

1044 2546 1227 2578 enuntiatio
1242 2546 1340 2588 plena
1355 2553 1450 2585 esset,
1474 2553 1674 2588 sequeretur,
1695 2549 1721 2579 si
1739 2549 1806 2587 fieri

1041 2595 1142 2631 posset
1177 2593 1234 2634 (At
1261 2591 1330 2622 fieri
1355 2602 1421 2621 non
1454 2597 1577 2632 potest.
1628 2592 1712 2632 Ergo
1745 2603 1806 2623 nec

1044 2636 1129 2668 velle
1154 2636 1312 2678 possum).
1372 2635 1497 2666 Graece
1528 2633 1722 2677 ἠβουλόμην
1747 2633 1805 2673 ἅνς

1045 2688 1160 2713 contra
1171 2683 1263 2712 velim
1279 2679 1455 2723 βουλοίμην
1471 2674 1520 2711 ἄν.
1549 2680 1686 2711 Constat
1706 2679 1804 2717 enim,

1043 2725 1073 2757 in
1100 2724 1378 2757 enuntiationibus
1403 2723 1681 2755 conditionalibus
1703 2736 1803 2766 prae—

1042 2782 1115 2801 sens
1140 2770 1191 2801 vel
1214 2769 1399 2812 perfectum
1426 2767 1625 2800 coniunctivi
1656 2769 1735 2810 poni
1763 2769 1804 2800 de

1043 2826 1094 2851 re,
1120 2826 1203 2857 quae
1224 2813 1292 2844 fieri
1314 2820 1426 2855 potest
1449 2813 1499 2843 vel
1524 2813 1650 2853 potuit;
1676 2813 1802 2855 imper-

1043 2859 1166 2890 fectum
1189 2858 1240 2889 vel
1272 2857 1629 2900 plusquamperfectum
1664 2858 1802 2889 coniun—

1044 2904 1120 2934 ctivi
1154 2903 1194 2934 de
1224 2915 1277 2940 re,
1313 2914 1396 2944 quae
1420 2902 1487 2933 lieri
1521 2914 1585 2932 non
1616 2909 1726 2944 potest
1751 2903 1800 2933 vel

1044 2948 1161 2990 potnit.
1208 2950 1311 2990 Supra
1337 2958 1361 2978 c.
1384 2947 1434 2987 11,
1457 2947 1518 2980 23:
1548 2949 1696 2987 Cuperem
1717 2950 1802 2987 equi-
