1863 3221
203 107 286 151 232
782 114 948 146 LIBER
973 114 1012 145 11.
1038 112 1101 154 22,
1126 113 1180 147 53.

207 195 350 251 Opinio
378 202 440 236 est
468 193 570 235 enim
599 192 785 247 quaedam
813 192 1036 232 effeminata
1065 206 1109 232 ac
1134 191 1256 243 levis,
1290 206 1362 234 neo
1388 194 1427 234 in
1456 194 1590 235 dolore
1617 195 1759 247 magis,

208 283 319 323 quam
336 268 501 308 eadem⁹
527 266 567 306 in
582 265 796 319 voluptate,
822 278 895 319 qua
913 279 1027 319 quum
1052 265 1303 319 liquescimus
1330 266 1559 321 fluimusque
1581 267 1759 319 mollitia,

207 341 288 396 apis
311 340 485 381 aculeum
507 339 592 380 sine
615 338 784 379 clamore
807 339 910 378 ferre
933 353 1008 378 non
1033 352 1252 390 possumus.
1315 345 1383 380 53.
1413 340 1467 380 At
1489 353 1583 380 vero
1604 337 1654 381 C.
1672 338 1762 381 Ma-

207 415 315 465 rius,
348 413 568 454 rusticanus
592 411 673 461 vir,
708 412 775 451 sed
804 411 914 466 plane
941 411 1024 462 vir,
1060 426 1175 465 quum
1200 420 1424 463 secaretur,
1462 420 1500 453 ut
1524 426 1641 467 supra
1663 413 1760 464 dixi,

208 486 395 542 principio
416 485 539 527 vetuit
559 498 601 525 se
622 484 796 538 alligari,
831 498 902 524 nec
926 485 1126 538 quisquam
1150 491 1240 524 ante
1261 483 1431 525 Marium
1454 486 1604 525 solutus
1623 485 1764 526 dicitur

207 574 296 601 esse
322 566 468 600 sectus.
533 556 615 599 Cur
637 572 731 611 ergo
755 564 891 612 postea
913 558 1005 598 alii?
1047 557 1182 598 valuit
1205 559 1433 598 auctoritas.
1496 557 1671 599 Videsne
1692 559 1764 613 igi-

206 639 291 684 tur,
325 632 516 687 opinionis
553 644 664 681 esse,
699 645 776 670 non
808 637 972 671 naturae
1007 631 1175 670 malum?
1235 629 1288 670 Et
1318 637 1446 671 tamen
1482 631 1603 672 fuisse
1633 645 1763 673 acrem

207 719 377 746 morsum
404 705 564 754 doloris,
597 705 697 744 idem
720 702 874 744 Marius
900 703 1093 754 ostendi13
1127 718 1215 744 crus
1239 704 1339 744 enim
1363 704 1524 744 alterum
1550 719 1627 744 non
1651 718 1764 760 prae-

207 778 303 819 buit.
364 777 424 818 Ita
449 785 487 818 et
510 778 596 818 tulit
622 778 810 828 dolorem,
844 784 884 817 ut
907 777 983 827 vir,
1017 784 1070 826 et,
1105 783 1147 816 ut
1170 777 1300 827 homo,
1334 778 1519 817 maiorem
1550 779 1653 818 ferre
1677 778 1763 819 sine

208 865 347 892 caussa
379 850 602 891 necessaria
632 850 768 890 noluit.
834 850 978 890 Totum
1008 850 1125 904 igitur
1155 849 1195 889 in
1221 863 1267 890 eo
1301 857 1383 900 est,
1418 858 1456 890 ut
1481 850 1548 890 tibi
1577 851 1759 906 imperes.

209 922 375 965 Ostendi
400 931 552 974 autem,
586 924 684 976 quod
716 930 822 963 essct
854 923 1064 977 imperandi
1098 936 1243 976 genus,
1289 930 1402 977 atque
1436 924 1529 964 haec
1558 924 1759 978 cogitatio,

207 997 296 1051 quid
322 996 527 1052 patientia,
560 995 649 1049 quid
678 995 924 1044 fortitudine,
960 995 1046 1048 quid
1069 995 1330 1048 magnitudine
1353 996 1469 1035 animi
1495 996 1762 1049 dignissimum

207 1070 279 1120 sit,
312 1083 389 1109 non
420 1069 544 1108 solum
571 1068 738 1108 animum
770 1067 1046 1120 comprimit⁹‚
1080 1068 1147 1107 sed
1172 1067 1296 1122 ipsum
1322 1068 1436 1108 etiam
1464 1069 1660 1121 dolorem,
1694 1083 1762 1110 ne-

207 1142 288 1183 seio
318 1156 392 1196 quo
423 1148 558 1195 pacto,
592 1140 786 1180 mitiorem
817 1140 923 1180 facit.

318 1212 482 1255 XXIII.
544 1220 614 1254 54.
676 1212 729 1254 Ut
747 1213 849 1254 enim
877 1214 916 1252 fit
943 1212 982 1252 in
1008 1212 1180 1266 proelio,
1215 1220 1256 1253 ut
1275 1213 1439 1267 ignavus
1459 1215 1569 1255 miles
1593 1229 1638 1256 ac
1662 1215 1762 1256 timi-

293 1314 315 1349 9
340 1329 368 1349 v.
392 1316 479 1349 Adn.

208 1395 281 1416 cum
305 1383 439 1415 Davisio
463 1383 495 1415 in
520 1383 571 1414 ed.
592 1384 619 1414 1.
652 1389 685 1413 et
709 1382 835 1414 Wolfio
857 1382 891 1413 iu
916 1382 968 1415 ed.
1002 1381 1156 1425 sipientia
1169 1388 1278 1416 autem
1303 1382 1391 1425 quasi
1410 1382 1567 1414 insanitas
1582 1383 1760 1426 quaedam:

207 1431 249 1460 ΙΙ.
273 1440 300 1459 c.
327 1428 430 1459 Palat.
451 1428 482 1459 2.
507 1430 589 1469 Aug.
614 1434 647 1458 et
673 1426 783 1458 Guelf.
812 1426 916 1458 edidit
939 1429 966 1458 si
1002 1437 1085 1469 quae
1101 1434 1149 1458 est
1167 1427 1292 1458 insania
1309 1429 1475 1467 eademque
1491 1427 1665 1461 dementia.
1703 1429 1761 1462 IV.

206 1476 323 1505 tactum
350 1474 453 1504 dolore
480 1482 528 1512 c.,·
563 1471 622 1503 sed
648 1483 761 1503 omnes
786 1471 861 1502 edd.
885 1477 966 1502 vett.
1004 1472 1064 1511 13,
1089 1472 1149 1504 31:
1175 1472 1342 1503 Velocitas
1364 1478 1475 1503 autem
1499 1473 1646 1515 corporis
1672 1472 1763 1505 cele-

206 1524 283 1549 ante
305 1518 344 1550 D.
369 1524 402 1548 et
425 1528 537 1548 omnes
560 1516 629 1548 fere
653 1516 769 1554 codd.,
796 1516 893 1547 etiam
915 1517 965 1553 R„
999 1517 1078 1548 ritas
1103 1516 1306 1559 appellatur:
1332 1528 1415 1560 quae
1437 1519 1544 1549 eadem
1566 1517 1688 1560 ingenii
1707 1524 1760 1550 et-

207 1561 379 1594 exhibent:
417 1563 471 1593 sed
500 1563 552 1602 fac
580 1565 676 1593 totum
702 1564 802 1593 dolere
835 1571 964 1601 corpus:
999 1562 1062 1593 iam
1087 1561 1156 1592 laus
1181 1562 1331 1594 habetur.

207 1607 295 1639 cuius
317 1606 497 1649 scripturae
519 1613 643 1637 temere
673 1606 823 1637 desertae
846 1613 962 1648 patro-

207 1651 327 1683 cinium
358 1658 392 1683 et
420 1657 509 1682 recte
533 1651 676 1693 suscepit
701 1658 734 1682 et
762 1650 886 1693 optime
908 1658 964 1681 tu—

204 1703 291 1728 tatus
314 1703 364 1728 est
383 1695 471 1727 idem
494 1697 626 1728 Orellius
645 1695 677 1727 in
698 1696 748 1728 ed.
770 1695 964 1734 recentiore,

205 1741 254 1773 his
291 1741 362 1773 fere
399 1740 505 1772 allatis
543 1740 745 1772 rationibus:
793 1740 964 1771 Sententia

204 1786 298 1817 huius
319 1785 385 1818 loci
414 1792 463 1817 est
490 1785 591 1816 haec:
628 1785 660 1816 Si
689 1796 748 1827 pes
782 1784 962 1823 condoluit,

203 1830 230 1862 si
254 1830 355 1869 dens,
391 1830 478 1861 ferre
502 1841 568 1862 non
594 1841 784 1872 possumus,
814 1828 873 1860 sed
897 1829 961 1868 fac,

203 1882 311 1907 totum
341 1874 455 1906 dolere
484 1885 622 1917 corpus,
659 1874 737 1916 quid
760 1881 830 1905 tum
858 1874 963 1905 facie-

203 1919 300 1952 mus?
333 1919 444 1951 Verba
465 1921 520 1952 sed
541 1921 592 1959 fac
614 1923 711 1951 totum
734 1920 835 1950 dolere
855 1929 966 1959 corpus

204 1976 276 1997 cum
298 1964 329 1996 vi
353 1963 494 2007 quadam
514 1964 658 2006 reliquae
680 1963 821 1995 orationi
844 1975 964 2005 παρεν-

203 2009 347 2046 ἓετικῶς
379 2008 502 2040 intulit.
559 2009 652 2039 Loco
688 2007 735 2039 sie
769 2007 961 2045 constituto,

199 2056 272 2093 pedi
306 2059 339 2084 et
371 2054 454 2084 denti
485 2052 616 2094 egregie
652 2052 832 2094 opponitur
866 2056 961 2084 totum

201 2107 331 2137 corpus:
378 2108 475 2139 quam
515 2096 760 2140 oppositionem
797 2097 961 2128 sententia

200 2140 384 2173 necessario
407 2140 537 2172 videtur
561 2141 758 2191 efflagitare.
804 2142 878 2172 Huc
902 2153 960 2172 ac-

201 2186 308 2224 cedit,
345 2185 435 2237 quod
464 2185 554 2217 nulla
583 2186 715 2217 omnino
745 2185 793 2216 vis
818 2185 902 2216 inest
927 2185 959 2216 in

199 2230 254 2262 illa
278 2229 436 2262 orationis
459 2231 639 2262 varietate.
676 2231 830 2262 condoluit
855 2236 888 2260 et
911 2233 959 2260 ia-

197 2279 279 2307 ctum
309 2277 421 2307 dolore.
467 2275 529 2306 Vix
553 2275 693 2306 dubitari
717 2281 845 2316 potest,
881 2274 956 2316 quin

199 2319 326 2359 Cicero,
351 2319 378 2351 si
395 2320 480 2351 hanc
498 2319 681 2362 significare
704 2319 861 2350 voluisset
878 2330 958 2350 sen-

198 2364 353 2402 tentiam,
391 2364 438 2396 sic
470 2365 650 2407 scripturus
686 2364 805 2395 fueiit:
846 2366 873 2395 si
903 2373 957 2403 pes

196 2411 363 2448 condoluit,
386 2411 413 2440 si
427 2411 513 2449 dens,
537 2412 563 2441 si
582 2413 677 2441 lotum
693 2411 821 2448 denique
835 2418 956 2448 corpus.

196 2453 313 2495 Neque
331 2464 410 2484 vero
431 2465 461 2485 v.
483 2459 582 2486 tactus
603 2453 645 2484 de
664 2453 729 2485 levi
751 2453 867 2485 dolore
888 2464 954 2495 po-

197 2495 294 2529 nitur.
343 2498 392 2528 De
421 2498 581 2530 vocabulo
614 2500 666 2538 fac
696 2498 833 2529 Orellius
859 2509 955 2529 com-

196 2547 291 2583 parat
313 2543 443 2572 Orator.
467 2544 494 2584 ξ.
510 2542 571 2574 31:
597 2545 648 2583 fac
668 2542 766 2574 alium
789 2542 853 2574 alio
879 2542 955 2585 (de-

196 2584 337 2623 lectari).
387 2585 620 2628 Corruptiones
649 2587 742 2619 huius
767 2587 833 2619 loci
865 2587 954 2618 ducit

196 2641 235 2661 ex
259 2628 392 2672 antiqua
415 2629 575 2671 scriptura
598 2636 640 2663 set
663 2643 723 2673 pro
747 2634 810 2664 sed.

264 2676 375 2714 Opinio
399 2678 441 2706 est
462 2676 557 2715 enim]
584 2677 622 2707 V.
647 2676 689 2706 ad
715 2678 736 2707 Ι.
762 2676 816 2715 27,
841 2675 894 2709 66.

261 2721 369 2750 eadem
404 2721 436 2750 in
469 2721 637 2760 voluptate]
678 2722 813 2758 Eadem,
851 2720 884 2751 in
914 2721 952 2754 L.

195 2763 248 2795 Fr.
272 2763 368 2794 Fabr.
394 2762 534 2805 Guelph.
559 2766 640 2805 Aug.
665 2764 763 2795 vind.
788 2767 814 2796 1.
851 2765 951 2797 omis-

195 2819 285 2846 sum,
319 2807 402 2839 bene
424 2814 549 2839 tutatus
574 2815 622 2838 est
643 2810 800 2839 Nissenius
824 2809 873 2840 his
898 2810 952 2841 lo—

196 2852 259 2884 cis:
285 2853 342 2884 ΙΙΙ.
367 2853 407 2891 5,
435 2853 493 2884 10:
524 2851 622 2883 animi
642 2851 871 2889 affectionem,
897 2854 951 2885 lu·-

194 2897 281 2928 mine
316 2897 433 2929 mentis
468 2903 653 2935 carentem,
701 2896 949 2929 nominaverunt

194 2942 369 2974 amentiam
382 2943 570 2982 eandemque
583 2940 791 2973 dementiam.
820 2941 865 2972 lb.
893 2944 948 2974 ln—

1066 1609 1250 1647 fluimusque
1269 1608 1413 1647 mollitia]
1442 1609 1574 1639 Orellius
1593 1613 1763 1650 comparat

999 1651 1116 1682 Vellei.
1140 1653 1164 1682 Ι.
1188 1652 1229 1690 6,
1255 1651 1294 1682 ¹2:
1329 1651 1475 1682 mollitiis
1503 1652 1669 1685 fluentem.
1717 1654 1758 1686 II.

999 1695 1062 1734 823,
1087 1695 1129 1727 2:
1174 1695 1319 1727 mollitiis
1355 1696 1468 1727 fluens.
1523 1699 1679 1729 Drakenb.
1717 1697 1760 1729 ad

1000 1739 1071 1771 Liv.
1086 1741 1157 1771 VII.
1176 1740 1230 1780 29,
1247 1742 1286 1773 5:
1314 1741 1497 1783 (Campani)
1519 1741 1656 1773 fluentes
1671 1742 1759 1774 luxu.

999 1784 1214 1827 Frequentius
1236 1791 1286 1816 est
1309 1788 1472 1826 diffluere,
1506 1793 1541 1817 ut
1565 1789 1624 1818 otio
1646 1787 1694 1827 (C.
1716 1786 1760 1818 de

1000 1830 1052 1860 Or.
1070 1831 1126 1861 III.
1141 1829 1194 1868 32,
1213 1830 1313 1870 131.),
1340 1832 1456 1862 deliciis
1479 1830 1583 1873 (Lael.
1609 1829 1659 1870 14,
1676 1831 1757 1873 52),

998 1876 1126 1906 luxuria
1147 1875 1225 1917 (off.
1251 1877 1272 1906 Ι.
1296 1874 1351 1912 30,
1375 1874 1476 1917 106.).
1510 1878 1679 1915 Ernestius,
1703 1876 1757 1918 qui

996 1921 1127 1951 mollitia
1149 1919 1262 1951 abesse
1293 1919 1453 1958 malebat,
1489 1931 1555 1951 non
1578 1921 1756 1963 reputavit,

997 1963 1063 1995 duo
1098 1964 1257 1996 vocabula
1292 1966 1386 2004 fluere
1422 1967 1552 1996 mollitia
1586 1965 1619 1996 in
1660 1976 1757 1996 unam

997 2008 1086 2050 quasi
1118 2009 1289 2041 notionem
1324 2009 1501 2047 coaluisse,
1539 2015 1573 2041 et
1607 2010 1650 2041 ob
1685 2021 1757 2041 eam

997 2063 1142 2084 caussam
1175 2061 1265 2085 recte
1300 2053 1365 2086 dici
1400 2054 1547 2096 potuisse
1584 2054 1757 2097 voluptate

995 2096 1176 2138 liquescere
1200 2099 1365 2140 fluereque
1384 2099 1535 2130 mollitia.
1578 2100 1628 2131 De
1652 2099 1755 2131 verbo

994 2143 1180 2180 liquescendi
1204 2155 1234 2173 v.
1261 2142 1302 2174 ad
1327 2142 1428 2179 V.6,
1458 2143 1508 2176 16.

1063 2186 1090 2227 §.
1112 2187 1164 2218 53.
1189 2190 1366 2219 rusticanus
1383 2189 1445 2228 vir]
1472 2189 1617 2237 Rusticus
1635 2188 1754 2231 appel-

993 2229 1080 2261 latur
1101 2231 1234 2262 omniuo
1257 2232 1303 2268 is
1338 2232 1392 2273 qui
1412 2231 1478 2262 ruri
1503 2231 1602 2271 vivit,
1629 2244 1695 2264 non
1719 2233 1753 2264 in

993 2274 1089 2312 urbe3
1126 2279 1301 2308 rusticanus
1324 2275 1371 2314 is,
1408 2275 1461 2318 qui
1495 2277 1560 2307 ruri
1596 2277 1640 2319 (h.
1665 2277 1687 2308 l.
1719 2276 1753 2308 in

992 2330 1071 2360 agro
1097 2320 1261 2361 Arpinati)
1289 2327 1382 2351 natus
1407 2321 1627 2364 educatusque
1652 2321 1754 2353 vitam

991 2363 1104 2395 duram
1130 2371 1163 2395 et
1191 2365 1231 2396 ab
1265 2365 1386 2396 urbana
1420 2365 1558 2398 mollitia
1591 2373 1753 2399 remotam

989 2408 1058 2450 agit
1081 2421 1252 2452 moresque
1275 2409 1439 2452 simplices
1461 2411 1616 2453 sequitur.

1052 2456 1146 2493 plane
1167 2454 1229 2497 vir]
1253 2456 1292 2486 V.
1315 2455 1358 2486 ad
1378 2456 1433 2486 IV.
1459 2454 1510 2495 19,
1530 2454 1584 2489 43.
1607 2459 1641 2487 ul
1661 2457 1751 2489 homo

989 2509 1019 2529 v.
1045 2498 1087 2530 ad
1112 2500 1152 2530 11.
1179 2498 1229 2537 17,
1255 2499 1309 2532 39.

1056 2547 1089 2575 ut
1112 2554 1211 2583 supra
1233 2544 1315 2586 dixi]
1343 2545 1369 2586 §.
1387 2542 1441 2576 35.

1054 2591 1194 2620 animum
1230 2587 1423 2630 comprimit]
1467 2588 1651 2619 Haeserunt
1686 2588 1747 2620 viri

990 2632 1079 2664 docti
1103 2632 1135 2663 in
1158 2633 1220 2664 hac
1240 2631 1417 2664 locutione.
1465 2635 1612 2664 Davisius
1631 2632 1746 2675 legen-

988 2677 1065 2708 dum
1088 2684 1200 2719 putat:
1225 2680 1365 2709 animum
1386 2679 1549 2716 componit,
1573 2679 1748 2710 Bentleius:

988 2725 1129 2754 animum
1165 2723 1338 2761 confirmat.
1398 2721 1579 2763 Utrumque
1615 2721 1746 2754 videtur

988 2766 1184 2808 praeterisse
1200 2766 1248 2797 vis
1265 2772 1297 2796 et
1314 2771 1461 2807 potestas
1479 2765 1618 2797 nominis
1635 2769 1744 2800 animi.

988 2811 1121 2842 Scilicet
1134 2814 1258 2842 animus
1275 2809 1438 2852 duplicem
1458 2809 1559 2841 habet
1578 2811 1745 2853 significa-

985 2856 1120 2887 tionem.
1167 2854 1319 2894 Primnm,
1344 2865 1442 2896 quum
1464 2855 1643 2897 opponitur
1667 2867 1744 2887 cor-

985 2900 1070 2942 pori,
1096 2899 1241 2931 declarat
1261 2898 1456 2930 nobiliorem
1477 2900 1581 2931 nostri
1603 2907 1740 2942 partem,

984 2955 1046 2986 qua
1071 2943 1216 2985 vigemus
1239 2949 1274 2975 et
1296 2942 1471 2982 sentimus,
1498 2951 1533 2975 ut
1557 2945 1613 2977 ΙΙΙ.
1640 2945 1678 2985 1,
1706 2944 1741 2977 1:

1827 119 1850 149 ἢ.

1843 213 1857 243 ‘f
