1832 3137
1533 76 1611 119 133

159 162 347 205 XXXII.
379 162 486 205 Num
511 177 588 204 uon
618 164 677 205 vis
697 168 709 191 ¹
740 164 858 218 igitur
887 165 1043 215 audire,
1088 177 1178 214 cur,
1224 165 1338 204 etiam
1367 164 1400 205 si
1423 164 1475 205 ita
1499 165 1605 216 sit2,

49 252 155 279 mors
183 245 311 278 tamen
339 251 415 277 non
440 238 491 277 sit
514 237 553 277 in
577 237 718 278 malis?

558 316 628 352 78.
662 309 726 351 Μ.
758 308 898 349 Laudo
924 310 958 349 id
998 311 1174 364 quidem,
1221 311 1292 351 etsi
1324 311 1416 351 nihil
1453 311 1567 352 nimis
1587 316 1603 340 ³

496 382 708 424 Movemur
730 382 833 422 enim
857 396 974 436 saepe
1008 383 1136 437 aliquo
1164 391 1277 424 acute
1301 384 1509 434 concluso,
1554 385 1607 424 la-

647 83 1028 126 L1BE151.32‚78.

777 237 829 276 A.
864 236 915 277 Ut
939 237 1116 288 videtur3
1150 238 1216 278 sed
1247 251 1307 278 me
1335 251 1448 278 nemo
1468 238 1514 278 de
1537 239 1608 278 im-

49 311 286 352 mortalitate
315 310 495 364 depellet.

48 391 202 439 oportet
226 384 436 424 confidere.

45 458 181 498 bamus
205 464 473 511 mutamusque
500 455 733 497 sententiam
757 454 987 495 clarioribus
1009 455 1126 495 etiam
1151 456 1188 495 in
1214 457 1354 509 rebus3
1399 457 1440 497 in
1467 457 1524 497 his
1548 464 1608 497 est

1423 530 1477 570 A.
1501 528 1606 571 Sane

959 600 1023 641 M.
1052 599 1251 654 Numquid
1278 603 1396 655 igitur
1416 611 1476 644 est
1496 617 1608 644 caus-

48 530 150 571 enim
171 530 300 584 aliqua
320 530 554 570 obscuritas.
600 527 642 569 Id
660 528 779 583 igitur
796 528 828 567 si
848 527 1049 577 acciderit,
1084 528 1204 569 simus
1227 530 1379 570 armati.

47 604 222 657 quide1n3
255 604 350 654 sed,
384 616 432 643 ne
460 602 633 653 accidat,
667 601 896 657 providebo.

46 690 142 727 sae,
186 676 276 730 quin
311 676 456 716 amicos
486 682 642 715 nostros
662 672 820 716 Stoicos
854 674 1119 714 dimittamus?
1162 688 1230 714 eos
1260 675 1369 725 dico,
1415 676 1478 729 qui
1502 677 1609 716 aiunt

46 762 204 790 manere
235 748 447 799 animos4,
494 762 516 788 e
547 761 711 802 corpore
744 762 859 801 quum
890 747 1164 798 excesserint,
1207 748 1275 787 sed
1311 762 1388 788 nou
1426 750 1608 802 semper?

138 850 290 881 XXXII.

46 898 139 927 etiam
163 897 189 926 si
212 897 271 934 sii,-

44 944 104 971 ista
130 950 192 971 esse
218 941 353 971 credam.
380 939 471 970 Lael.
492 937 533 969 2:
560 941 639 970 Sunt
660 941 731 971 ista.

43 985 179 1068 183030,
204 1027 266 1067 773
293 1031 347 1060 Or.
375 1041 403 1060 c.
427 1028 504 1071 vulg
540 1039 591 1061 an.
613 1039 655 1060 m.

341 849 356 880 1
379 861 408 880 v.
432 849 517 880 Adn.

45 1095 175 1138 generis
219 1095 369 1138 exempla
414 1095 576 1138 permulta
620 1095 812 1138 suppeditat

47 1143 209 1173 Forcellini
230 1140 330 1172 Thes.
355 1141 464 1172 Latin.
486 1140 518 1172 h.
547 1152 575 1171 v.
616 1140 710 1171 Adde
726 1142 811 1178 Sylc.

47 1185 89 1217 ad
113 1197 159 1218 or.
186 1197 246 1228 pro
271 1185 359 1216 Sulla
387 1186 446 1220 3⁴3,
473 1185 527 1217 90.
576 1185 679 1216 Stoici
703 1192 812 1216 autem

46 1230 103 1262 alii
123 1230 330 1267 statuebant,
367 1236 559 1261 cunctorum
584 1230 710 1261 animos
736 1237 812 1271 post

46 1282 189 1307 mortem
221 1275 276 1306 diu
310 1286 498 1313 mansuros,
545 1274 600 1305 alii
634 1275 811 1306 stultorum

46 1320 158 1360 brevi,
209 1319 407 1362 sapientium
449 1330 529 1350 vero
573 1326 700 1350 mentes
738 1330 810 1350 cum

46 1364 171 1396 mundo
194 1364 288 1395 simul
314 1363 459 1395 interire.
507 1364 546 1395 V.
569 1374 649 1406 quos
671 1363 713 1395 ad
737 1363 769 1394 h.
788 1364 809 1394 l.

46 1409 159 1441 laudat
188 1411 335 1441 Davisius
368 1414 400 1439 et
437 1410 634 1441 Tiedemann.
682 1411 813 1451 System

47 1455 78 1486 d.
100 1454 271 1486 Stoischeu
286 1453 406 1485 Philos.
440 1455 480 1485 T.
497 1454 537 1484 II.
560 1465 591 1496 p.
610 1453 811 1486 152—155.

49 1506 84 1531 et
97 1501 303 1539 Wytlenbach.
316 1498 356 1530 de
375 1498 558 1529 animorum
581 1498 813 1529 immortalita-

48 1552 83 1575 te
103 1545 135 1576 iu
158 1544 226 1575 eius
249 1555 359 1586 opusc.
385 1543 497 1576 select.
512 1543 562 1575 ed.
581 1543 812 1575 Friedemanu.

48 1602 80 1632 p.
105 1590 181 1623 275.

113 1639 264 1674 tanquam
302 1635 487 1675 cornicibus]
537 1634 690 1666 Cornices
725 1634 812 1666 enim

48 1691 168 1711 novem
193 1679 323 1711 saecula
346 1679 468 1717 vivere,
495 1679 608 1721 opinio
631 1686 700 1710 erat
722 1679 810 1710 anti-

47 1724 156 1766 quitus
179 1723 246 1755 late
265 1736 388 1766 sparsa.
433 1724 518 1756 Hinc
536 1736 589 1766 ap.
603 1725 685 1756 Hor.
707 1725 742 1756 C.
757 1726 811 1756 III.

48 1769 108 1807 17,
138 1769 197 1801 13:
235 1780 358 1800 annosa
392 1770 513 1801 cornix.
561 1772 670 1802 Davis.
701 1781 809 1812 comp.

47 1813 228 1846 Hesiodum
262 1826 313 1856 ap.
349 1814 514 1846 Plutarch.
548 1815 589 1845 de
623 1817 717 1846 Orac.
743 1814 811 1845 (les.

45 1871 77 1901 p.
95 1858 172 1891 415.
220 1859 314 1891 Ovid.
341 1862 451 1890 Amor.
478 1861 518 1890 ΙΙ.
542 1859 574 1897 ὕ,
591 1859 644 1891 δι’).
670 1866 704 1890 et
730 1859 810 1889 Plin.

47 1904 88 1935 H.
102 1904 143 1936 N.
167 1905 240 1941 VH.
256 1902 308 1935 425.
339 1904 389 1934 Cf.
401 1904 524 1935 Adnot.
548 1903 590 1935 ad
614 1905 672 1934 111.
687 1906 740 1941 20¹,
755 1903 809 1935 09.

115 1948 194 1980 cip.
225 1949 376 1979 XXXII.
435 1951 516 1980 Num
552 1959 613 1980 non
651 1951 711 1989 visd-
759 1948 812 1978 Sic

45 1993 162 2035 scripsi
187 2005 213 2026 c.
228 1994 285 2024 Tr.
311 2005 327 2024 e
346 1994 384 2024 R.
410 1993 494 2024 Gud.
512 1994 539 2025 l.
566 1993 703 2035 aliisque
724 1993 810 2023 mul-

46 2039 87 2069 tis
106 2049 167 2079 pro
180 2037 266 2080 vulg.
287 2048 360 2070 num
374 2040 440 2078 cis;
467 2040 520 2069 Or.
537 2050 554 2069 e
567 2038 664 2069 codd.
680 2038 810 2069 Schott.

47 2093 161 2115 numne
186 2085 244 2114 vis.
294 2085 337 2114 At
361 2094 466 2126 neque
491 2083 556 2114 hoc
587 2094 694 2126 neque
729 2082 811 2114 illud

48 2127 127 2159 ferri
151 2133 274 2170 potest.
324 2129 418 2159 Errat
452 2128 500 2159 vir
525 2127 662 2166 doctus,
697 2138 812 2159 ἠιιηιηε

46 2175 119 2204 vis?
154 2185 172 2203 a
196 2174 310 2204 visne?
345 2173 424 2204 nihil
450 2173 584 2204 differre
609 2173 810 2211 existimans,

47 2218 108 2248 nisi
132 2216 222 2260 quod
245 2216 326 2248 illud
361 2218 471 2260 paullo
504 2218 707 2249 dubitantius
744 2229 811 2249 rem

47 2262 184 2300 efferat,
211 2273 307 2304 quam
329 2262 403 2294 hoc.
456 2263 513 2294 Cui
538 2263 687 2305 opinioni
711 2263 810 2293 etiam

48 2309 186 2338 Klotzius
203 2307 348 2338 accessit.
388 2309 488 2339 [mmo
507 2315 540 2339 et
556 2318 631 2340 num
651 2315 683 2339 et
696 2318 809 2339 numne

49 2361 180 2392 semper
203 2351 250 2381 ita
274 2358 449 2392 ponuntur,
477 2359 511 2382 ut
531 2359 740 2394 exspectetur
753 2364 808 2384 re—

47 2395 181 2436 sponsio
207 2394 379 2435 negativa
406 2407 466 2426 nec
491 2396 554 2427 ulla
579 2397 641 2427 alia
665 2409 701 2428 re
725 2398 812 2428 inter

47 2451 81 2470 se
107 2439 284 2478 differunt,
312 2439 372 2470 nisi
393 2439 480 2482 quod
504 2451 616 2472 numne
641 2440 809 2483 &Aeol-qv.—

48 2483 205 2526 κωτέρως
239 2464 386 2525 inienrog
390 2485 533 2516 ationem
571 2484 678 2518 nesse-m
732 2489 813 2518 Num

47 2535 97 2560 est
123 2530 180 2560 Gr.
205 2540 298 2570 μω),
324 2530 344 2560 i.
370 2542 396 2560 e.
426 2542 473 2571 usq
500 2528 577 2570 031,
580 2531 680 2560 doch
704 2533 810 2562 nicht?

45 2584 158 2606 'numne
184 2575 255 2617 μῶν
281 2586 342 2615 μη,
368 2560 445 2606 doc'h
468 2577 548 2606 nich!
572 2578 674 2606 elwa.
666 2577 681 2596 ⁹
707 2575 748 2604 N.
773 2577 809 2606 l).

47 2620 71 2650 l.
97 2620 160 2656 151,
186 2622 248 2651 015:
292 2619 397 2661 quid'?
437 2619 533 2650 deum
569 2619 674 2661 ipsum
699 2630 812 2651 numne

47 2663 184 2695 vidisti?
222 2675 279 2695 cur
302 2664 400 2706 igitur
425 2664 529 2695 credis
555 2664 653 2695 esse?
704 2664 810 2695 Etiam

49 2708 138 2739 Lael.
168 2708 201 2739 ll
219 2733 226 2746 ‚
246 2708 300 2741 36.
326 2720 364 2739 cx
390 2709 524 2752 optimis
550 2709 647 2741 codd.
674 2712 812 2740 Klolzius

46 2752 221 2794 legendum
254 2760 381 2785 censet:
428 2765 540 2786 numne
565 2755 591 2785 si
617 2754 809 2785 Coriolanus

48 2797 161 2828 habuit
172 2799 305 2836 amicos,
332 2798 418 2830 serre
434 2807 548 2831 contra
565 2799 703 2841 patriam
721 2811 810 2830 arma

44 2841 92 2872 illi
129 2853 200 2873 curn
230 2824 406 2875 Coriolano
432 2843 601 2876 debuere?
646 2856 723 2875 uum
748 2844 810 2875 Vi-

46 2885 216 2918 scellinum
232 2888 326 2919 amici
340 2900 475 2930 regnum
489 2895 713 2932 appetentem,
733 2901 810 2920 uum

47 2933 103 2973 Sp.
128 2931 281 2964 Maelium
307 2933 517 2966 debueiuut'
509 2946 639 2967 unare
633 2934 648 2949 ‘
676 2934 727 2967 Cs.
750 2946 809 2966 nos

563 848 585 880 2
609 849 648 880 R.
673 848 758 880 Gud.
776 849 802 880 1.
827 848 892 880 duo
915 851 996 880 Oxx.
1018 848 1143 880 habent
1166 851 1258 880 etiam
1278 851 1305 880 si
1325 852 1386 880 ista
1408 852 1467 889 δῖε,
1495 849 1607 880 Duisb.

309 894 381 925 cod.
406 894 536 925 Schott.
561 896 654 925 etiam
677 896 704 925 si
726 896 787 925 ista
812 896 891 925 sini:
926 893 1016 936 quod
1039 893 1164 936 recepit
1190 894 1246 924 Kl.
1279 905 1385 936 comp.
1409 891 1451 932 6,
1479 892 1539 926 1ος
1576 898 1608 925 ui

760 982 763 985 ‚
783 942 822 969 At
846 938 879 969 hi
900 938 966 970 duo
988 938 1053 970 loci
1074 938 1194 969 diversi
1217 945 1292 969 sunt
1316 951 1335 970 a
1359 945 1485 970 nostro.
1531 939 1552 970 3
1578 951 1606 970 ν.

175 983 196 1016 4
222 984 276 1015 Sic
300 985 335 1015 R.
363 995 426 1026 gap.
442 985 533 1015 XVes.
555 985 624 1014 Em.
647 985 687 1015 II.
712 983 823 1025 p.·.'l.)
853 983 938 1014 Gud.
967 983 995 1015 I.
1016 982 1050 1016 2.
1078 984 1134 1015 Gr.
1180 983 1317 1015 Bentleii
1341 995 1455 1015 omnes
1476 983 1606 1026 aliique,

846 1096 877 1127 iu
904 1097 961 1128 Gr.
984 1097 1022 1127 L.
1049 1096 1166 1135 §.1552
1191 1095 1224 1128 3.
1244 1096 1277 1135 b)
1305 1103 1338 1127 et
1358 1097 1438 1127 Not.
1451 1095 1483 1129 9.
1530 1099 1610 1128 Num

845 1152 905 1173 non
930 1144 977 1173 vis
992 1143 1103 1173 audire
1115 1143 1130 1172 ?
1154 1147 1224 1172 est:
1251 1143 1293 1172 du
1309 1143 1517 1173 verschmc'zhst
1533 1143 1611 1173 doch

846 1188 955 1218 nicht?
994 1187 1041 1217 De
1058 1196 1132 1218 num
1147 1197 1209 1218 non
1235 1186 1277 1218 cs.
1301 1186 1388 1217 infra
1409 1187 1466 1217 ΙΙΙ.
1488 1185 1610 1225 9,19.;

847 1231 888 1262 de
921 1241 997 1263 num
1031 1241 1093 1262 non
1127 1233 1174 1263 vis
1211 1232 1242 1273 (a
1273 1231 1355 1273 nolo)
1394 1231 1436 1262 de
1472 1233 1526 1262 Or.
1554 1232 1608 1262 Ill.

846 1275 910 1314 ὃὸ,
939 1273 1010 1307 154.

914 1322 951 1351 de
971 1322 1204 1351 immortalitate
1220 1321 1362 1363 depellet]
1388 1332 1446 1363 per
1462 1321 1610 1352 brevilo-

848 1364 1015 1407 quentiam
1031 1364 1154 1395 dictum
1182 1376 1240 1407 pro
1256 1377 1261 1395 :
1293 1365 1334 1396 de
1352 1366 1611 1397 immortalitatis

849 1409 1007 1452 opinione
1043 1409 1188 1451 depellet
1225 1410 1284 1452 (uti
1310 1410 1352 1441 ad
1376 1410 1491 1441 Famil.
1516 1412 1548 1449 I,
1575 1411 1594 1444 7

848 1461 925 1497 post
950 1454 1035 1485 med.
1053 1466 1114 1496 pro
1137 1454 1246 1497 Ligar.
1262 1454 1294 1493 9,
1312 1454 1367 1488 ⁴26.
1397 1456 1494 1498 [quos
1518 1455 1611 1487 locos·

847 1499 960 1531 attulit
975 1500 1089 1540 Moser]
1108 1499 1191 1530 dixit
1211 1502 1358 1540 depellere
1382 1502 1419 1532 de
1437 1501 1610 1541 sententia).

847 1546 887 1577 V.
914 1556 1011 1587 supra
1036 1544 1078 1575 ad
1104 1546 1127 1575 I.
1154 1548 1194 1583 ὅ,
1224 1545 1272 1578 16.

916 1590 945 1632 ξ).
959 1590 1010 1623 Τὸ.
1035 1591 1111 1621 nihil
1125 1590 1231 1632 nimis]
1254 1589 1308 1621 Sic
1322 1592 1401 1622 Oxx.
1416 1590 1492 1634 aliq.
1507 1590 1611 1622 Rehd.

846 1636 991 1678 itemque
1015 1634 1138 1666 multae
1160 1635 1225 1666 edd
1255 1642 1334 1667 vett,
1361 1647 1421 1678 pro
1444 1639 1520 1668 nihil
1542 1639 1611 1668 ani-

847 1683 926 1713 mis:
951 1679 1040 1723 quod
1064 1679 1213 1722 ineptum
1236 1687 1297 1711 est.
1343 1683 1464 1712 Verte:
1494 1683 1610 1713 heines-

845 1736 928 1766 weys
947 1736 986 1757 zu
1008 1727 1085 1756 sehr.
1134 1726 1186 1756 Cf.
1211 1726 1299 1756 infra
1322 1727 1362 1758 V.
1382 1726 1436 1764 33,
1462 1726 1524 1759 93:
1551 1736 1612 1757 non

845 1773 938 1803 nimis
962 1771 1106 1801 fortasse
1126 1770 1291 1801 subtiliter
1317 1773 1413 1813 (nicht
1427 1774 1509 1810 eben,
1531 1772 1611 1802 nicht

845 1815 1044 1855 sonderlich).
1092 1816 1132 1846 N.
1156 1817 1193 1846 Ι).
1218 1817 1240 1846 Ι.
1265 1816 1318 1853 25,
1337 1816 1397 1848 70:
1423 1817 1499 1847 nihil
1520 1818 1612 1847 nimis

848 1860 983 1891 callide:
1013 1859 1068 1889 ubi
1093 1872 1121 1890 v.
1148 1862 1406 1892 Schoemamzum.

914 1907 946 1936 in
971 1906 1017 1935 his
1042 1908 1082 1935 esi
1098 1905 1192 1947 enim]
1222 1905 1433 1945 Cogitatione
1451 1905 1610 1947 suppleu—

847 1949 888 1980 da
916 1956 965 1980 est
985 1949 1152 1981 sententia
1175 1950 1300 1991 aliqua:
1345 1951 1509 1981 Mutamus
1533 1962 1611 1981 seu-

846 1994 984 2025 tentiam
999 1993 1191 2025 clarioribus
1211 1994 1308 2025 etiam
1322 1994 1353 2025 in
1369 1995 1464 2026 rebus
1478 2008 1485 2032 ς
1506 1995 1611 2027 multo

845 2039 946 2081 igitur
970 2039 1099 2070 facilius
1124 2038 1321 2071 mutabimus
1351 2040 1550 2072 sententiam
1579 2041 1611 2071 in

846 2084 895 2115 his
931 2083 1046 2121 rebus3
1087 2096 1162 2116 nam
1197 2096 1254 2116 eae
1285 2096 1350 2116 nou
1384 2085 1491 2117 elenae
1524 2092 1610 2124 suut,

846 2129 904 2160 sed
927 2129 1096 2161 obscurae.
1144 2131 1193 2161 De
1226 2142 1290 2172 quo
1323 2130 1500 2174 particulae
1531 2133 1612 2162 enim

846 2174 994 2215 elliptico
1030 2186 1087 2205 usu
1129 2174 1230 2206 modo
1267 2178 1293 2218 ξ
1321 2175 1373 2208 Τό.
1408 2175 1610 2207 mentionem

848 2219 996 2250 lecimus.
1034 2220 1082 2251 De
1105 2220 1183 2251 sede
1203 2219 1384 2262 paiticulae
1405 2223 1485 2252 enim
1504 2232 1534 2251 ν.
1552 2232 1609 2251 su-

847 2276 905 2307 pra
936 2264 1059 2295 Adnot.
1086 2264 1118 2295 in
1145 2277 1171 2295 c.
1190 2264 1229 2303 4,
1255 2268 1287 2297 ὃ.

914 2311 1072 2349 Numquid
1104 2312 1200 2349 iyitur
1226 2329 1286 2347 —‚
1323 2309 1412 2351 quin]
1452 2309 1506 2340 Sic
1542 2309 1608 2341 Cic.

850 2357 961 2395 Agrar.
978 2356 1031 2385 Ill.
1059 2354 1095 2385 l:
1122 2356 1280 2393 Numquid
1303 2360 1351 2384 est
1375 2365 1517 2392 caussae,
1536 2358 1610 2394 quin

847 2399 902 2430 illa
924 2398 1153 2429 criminatione
1178 2405 1319 2429 vestram
1341 2398 1547 2440 diligentiam
1571 2418 1609 2423 —

847 2443 1060 2485 despexeris.>
1087 2442 1351 2484 Interrogatione
1372 2443 1511 2481 sublata,
1531 2455 1610 2475 seu-

848 2488 952 2518 tentia
977 2494 1026 2518 est
1047 2487 1145 2517 haec:
1174 2499 1230 2518 cur
1252 2487 1374 2519 amicos
1391 2495 1523 2520 nostros
1543 2500 1609 2521 nou

847 2532 1056 2569 deseramus,
1090 2531 1171 2563 nihil
1197 2532 1327 2564 videtur
1361 2544 1493 2565 caussae
1526 2546 1608 2565 esse.

849 2580 929 2615 Quin
957 2576 1098 2618 positum
1120 2583 1190 2615 est,
1215 2577 1288 2619 quia
1313 2578 1345 2609 in
1370 2581 1523 2619 numquid
1549 2590 1609 2610 ne—

846 2621 936 2662 guin
960 2621 1058 2652 latet:
1088 2623 1127 2652 Es
1152 2622 1194 2654 ist
1215 2624 1293 2654 doch
1317 2626 1377 2655 wol
1401 2625 1471 2655 hein
1494 2623 1610 2655 Grund

847 2666 899 2703 da,
927 2665 1000 2696 dass
1023 2666 1080 2697 wir
1102 2678 1218 2698 unse1e
1240 2667 1391 2699 Fieunde
1416 2668 1508 2700 nicht
1531 2681 1608 2701 ve1—

846 2711 952 2741 lusson
974 2710 1122 2742 sollten7*

913 2758 1030 2787 anticos
1074 2761 1192 2789 nostros
1239 2758 1370 2799 Stoicos]
1421 2759 1609 2790 Stoicorum

846 2799 932 2831 enim
956 2800 1159 2843 disciplinam
1188 2803 1218 2833 iu
1243 2803 1352 2834 multis
1377 2803 1606 2846 philosophia(

846 2845 926 2877 locis·
949 2845 1082 2877 mirifice
1105 2847 1308 2898 amplexatus
1329 2854 1380 2879 est
1404 2848 1529 2880 Cicero.
1567 2848 1605 2878 V.

845 2902 927 2933 quae
959 2890 1099 2922 diximus
1134 2892 1165 2923 in
1203 2892 1222 2924 l
1249 2892 1281 2924 d.
1307 2894 1344 2925 de
1380 2895 1442 2925 Cic.
1468 2895 1498 2923 in
1530 2894 1606 2932 phil.

845 2945 918 2968 mer.
945 2947 976 2979 p.
992 2935 1095 2980 Tfisq.
1123 2956 1163 2960 -——-
