1832 3137
650 84 987 126 L13ER1.3‚5.

155 162 228 204 ΙΙΙ.

1548 76 1606 119 49

292 165 347 204 At
377 171 513 204 contra
548 171 742 203 oratorem
773 163 955 204 celeriter
988 164 1182 218 complexi
1209 178 1365 214 sumus,
1411 178 1481 205 nec
1515 179 1600 206 euin

40 238 163 292 primo
194 238 407 288 eruditum,
452 244 580 292 aptum
611 244 738 276 tamen
768 236 813 276 ad
848 236 1076 288 dicendum,
1116 244 1204 292 post
1232 247 1357 278 autern
1391 239 1598 279 eruditum.

42 310 143 352 Nam
175 310 364 362 Galbam,
397 311 652 360 Africanum,
689 307 868 349 Laelium
896 310 1030 351 doctos
1057 311 1177 352 fuisse
1200 311 1380 351 traditum
1402 319 1487 363 est,
1520 320 1601 353 stu-

42 385 194 426 diosum
224 393 352 426 autem
381 398 495 435 eum,
539 383 602 438 qni
629 382 704 422 iis¹
738 389 864 422 aetate
891 384 1085 434 anteibat,
1131 382 1346 436 Catonen13
1388 394 1475 439 post
1507 400 1602 426 vero

38 457 254 514 Lepidum,
298 457 542 509 Carbonem,
586 454 812 505 Gracchos,
856 455 943 496 inde
969 456 1019 496 ita
1044 471 1206 511 magnos
1231 465 1404 499 nostram
1427 459 1474 500 ad
1495 467 1601 500 aeta-

130 583 145 615 1
175 596 203 615 ν.
230 583 313 616 Adn.

36 650 219 694 Tarquinio
232 662 310 682 vero
326 652 401 691 quid
415 648 636 692 impudentius
647 646 664 680 ‘s'
701 648 799 680 Corn.

0 702 2 711 '
39 696 124 738 Nep.
150 695 255 727 Alcib.
277 697 301 735 Ι,
328 695 364 726 1:
392 700 521 726 constat
540 695 618 726 nihil
639 704 677 725 eo
700 693 801 724 fuisse

0 737 1 759 ³
38 740 250 772 excellentius
277 739 330 771 vel
362 739 395 770 in
426 739 511 770 vitiis
535 738 587 770 vel
609 739 642 769 in
666 738 798 769 virtuti-

0 786 4 819 }
38 785 106 816 bus.
132 786 170 816 V.
184 786 338 816 Kriczium
358 783 400 816 ad
422 783 497 815 Sall.
517 784 587 815 Cat.
606 784 745 821 XLVII,
771 783 800 815 l.

36 830 194 869 Heindorf.
219 829 261 860 ad
283 829 400 860 Horat.
427 830 495 861 Sat.
518 830 542 861 Ι.
566 826 599 867 3,
624 827 675 860 18.
710 829 800 868 Seyf-

32 875 100 914 fert.
123 874 164 905 ad
186 874 276 905 Lael.
303 873 354 913 15,
374 871 429 906 54.
452 885 485 922 p.
501 871 578 906 353.
613 875 800 905 Ramshorn.

35 919 93 950 Gr.
117 919 155 950 L.
190 920 218 963 ᾗ.
238 917 314 951 203.
347 930 379 961 p.
400 916 477 952 950.
511 917 562 949 ed.
580 917 612 950 2.
660 920 798 950 Kiihner.

34 963 91 995 Gr.
106 963 144 995 L.
170 964 198 1006 gi.
218 963 290 995 145.
314 964 396 995 Not.
409 961 460 996 19.
502 962 552 995 Ad
565 974 634 1006 sqq.
660 974 715 995 nos
736 973 800 994 me-

33 1010 128 1041 tiendi
151 1016 213 1040 etc.
252 1009 296 1040 cf.
321 1009 437 1040 Horat.
465 1011 503 1039 A.
529 1009 564 1040 P.
585 1008 651 1040 525
667 1019 715 1050 sq.

100 1055 177 1085 (Lm.
201 1055 258 1085 111.
305 1057 343 1086 At
365 1057 470 1085 contra
494 1057 645 1084 oratorem
665 1055 801 1084 celeriter

33 1100 186 1138 complexi
207 1100 328 1140 sumus]
355 1099 396 1129 V.
420 1109 480 1129 nos
503 1097 536 1128 in
558 1097 580 1128 l.
601 1096 634 1128 d.
659 1099 696 1128 de
717 1099 801 1129 Cice-

34 1146 118 1174 ronis
136 1145 167 1174 in
188 1144 358 1183 philosoph.
379 1145 476 1174 merit.
500 1140 577 1184 μδ.
598 1148 632 1172 et
653 1152 733 1184 quos
756 1141 801 1171 ibi

33 1187 248 1219 laudavimus.
284 1186 379 1218 Adde
402 1198 483 1229 quos
507 1188 647 1218 Menkius
670 1186 704 1217 in
726 1185 797 1217 Ob-

0 1253 3 1273 t
36 1244 142 1264 sei-vv.
179 1232 266 1265 ined.
301 1231 413 1264 attulit
449 1231 614 1263 Plutarch.
648 1230 795 1262 Marcell.

35 1289 62 1308 e.
86 1275 137 1309 14.
170 1284 204 1308 et
234 1279 285 1309 Fr.
311 1279 448 1308 Cramer.
477 1275 595 1307 Gesch.
625 1274 658 1305 d.
682 1275 796 1306 Erzie-

32 1322 129 1364 hung.
157 1323 196 1354 Τ.
217 1323 239 1354 Ι.
265 1333 296 1364 p.
313 1320 390 1353 401.
439 1321 488 1351 De
511 1319 716 1359 oratoribus,
742 1319 797 1362 qui

34 1367 65 1398 h.
91 1367 112 1398 l.
147 1365 341 1402 laudantur,
380 1377 409 1396 v.
440 1367 587 1397 Ellendu'z·
609 1365 734 1406 Proleg.
762 1364 795 1395 in

35 1411 101 1443 (tic.
122 1412 209 1442 Brut.
234 1423 266 1454 p.
284 1411 362 1442 Xlll
379 1421 451 1453 sqq.
481 1412 620 1450 *Orator
639 1414 731 1449 aptus
754 1411 795 1440 (ιά

33 1457 197 1488 dicendum
231 1463 280 1487 est
309 1455 359 1494 is,
396 1455 451 1498 qui
484 1454 625 1486 naturali
657 1454 797 1497 quadarn

33 1501 163 1533 dicendi
187 1500 346 1533 facultate
368 1499 537 1542 praeditus
560 1506 628 1533 esu
659 1501 798 1531 cruditus

33 1553 68 1578 et
88 1548 195 1578 doctus
215 1546 246 1577 h.
259 1546 280 1577 l.
302 1545 390 1576 idem
412 1544 524 1576 valent
547 1544 797 1587 significantque

34 1601 126 1627 eum,
163 1591 217 1633 qui
249 1597 320 1622 arte
346 1596 380 1621 et
409 1589 525 1621 litteris
553 1589 723 1621 institutus
748 1596 797 1620 est

37 1642 81 1676 (v.
106 1637 244 1675 Seyffert.
267 1635 310 1667 ad
324 1634 414 1666 Lael.
437 1635 467 1673 5,
494 1632 545 1666 17.
569 1647 600 1678 p.
617 1632 708 1676 93.);
733 1639 797 1666 stu-

0 1706 1 1713 .
33 1682 141 1712 diosus
172 1679 313 1722 denique
345 1679 466 1711 dicitur
497 1679 544 1718 is,
581 1679 635 1722 qui
663 1690 797 1722 operam

0 1722 2 1753 ἶ
35 1724 166 1767 quidem
183 1723 240 1756 dat
259 1724 375 1756 litteris
394 1723 613 1762 addiscendis,
638 1725 697 1756 sed
718 1736 795 1756 ern-

0 1796 1 1805 .
34 1769 95 1801 diti
114 1780 232 1801 nomen
252 1769 400 1801 nondum
420 1769 503 1801 tueri
522 1776 644 1812 potest.
693 1769 794 1801 Simi—

33 1814 107 1846 liter
137 1814 178 1846 de
207 1821 277 1857 opt.
302 1826 376 1857 gen.
403 1814 466 1846 dic.
487 1814 527 1846 5:
566 1815 680 1857 putavi
715 1814 795 1845 mihi

31 1858 275 1902 suscipiendum
297 1859 464 1898 laborem,
503 1859 617 1891 utilem
639 1861 798 1897 studiosis,

31 1904 111 1936 mihi
143 1904 275 1947 quidem
297 1915 363 1936 non
393 1904 630 1943 necessarium,
667 1905 797 1936 studiosi

31 1949 185 1982 dicuntur
217 1949 342 1981 tirones
377 1948 476 1987 artis,
513 1948 568 1991 qui
600 1948 708 1980 adhuc
742 1948 796 1979 di-

31 2001 137 2026 scunt.
171 1995 210 2027 V.
234 1996 367 2025 Ernesiii
389 1993 478 2024 Clav.
499 1993 602 2025 Cicer.
625 1993 656 2024 h.
677 2005 707 2025 v.
745 1993 796 2024 Cf.

30 2041 234 2072 Matthiaeum
264 2038 306 2069 ad
339 2050 386 2069 or.
414 2049 474 2081 pro
495 2038 605 2080 Ligar.
627 2039 714 2077 XlI,
740 2037 795 2071 35.

31 2085 115 2116 Cato
138 2090 227 2116 recte
249 2082 434 2126 appellatur
455 2083 639 2123 studiosus,
674 2083 796 2126 quippe

30 2129 85 2173 qui
106 2129 139 2160 in
165 2135 335 2160 senectute
357 2128 488 2159 demum
512 2127 664 2160 didicerit
688 2129 794 2160 Grae-

29 2186 83 2207 cas
105 2174 241 2206 litteras.
289 2174 328 2205 V.
354 2174 388 2205 C.
415 2172 516 2205 Acad.
545 2175 584 2207 ll.
611 2172 651 2212 2,
675 2173 705 2206 5.
755 2173 796 2205 de

29 2221 106 2252 Seu.
131 2220 164 2259 I,
190 2217 223 2251 3.

107 2263 295 2306 studiosum]
332 2263 396 2295 Hic
419 2263 622 2295 accusativus
649 2263 794 2306 pendere

31 2315 142 2352 potest
162 2315 219 2340 aut
243 2320 261 2339 a
283 2308 385 2340 verbo
418 2311 570 2348 complexi
607 2319 715 2340 sumus
739 2316 794 2340 aut

32 2365 51 2385 a
81 2352 182 2385 verbo
216 2354 367 2384 traditum
395 2357 448 2384 est.
507 2352 540 2383 si
574 2353 718 2385 refertur
751 2353 794 2385 ad

30 2399 184 2438 complexi
203 2406 328 2435 sumus,
352 2396 468 2427 verba:
493 2406 568 2428 nam
585 2416 628 2422 —
645 2400 793 2431 traditum

32 2446 76 2475 est
94 2441 343 2484 mpevzsmffiq
366 2440 489 2471 inserta
511 2440 684 2474 iudicanda
708 2450 794 2475 sunt.

33 2489 77 2519 At
95 2487 181 2518 hanc
202 2485 364 2517 rationem
391 2484 513 2528 duplici
538 2485 578 2516 de
602 2497 714 2518 caussa
738 2499 793 2519 re-

30 2531 206 2564 iiciendam
228 2530 387 2562 arbitror:
414 2529 564 2572 primum,
591 2531 665 2572 quia
685 2531 793 2564 duris-

31 2576 111 2609 sima
142 2582 213 2613 est,
249 2582 320 2607 tum
351 2586 450 2612 vcro,
487 2574 560 2617 quia
594 2575 695 2607 totius
728 2576 793 2609 loci

31 2628 147 2654 natura
169 2620 383 2652 vehementer
410 2620 439 2651 ei
463 2619 593 2651 videtur
623 2621 791 2663 refragari.

31 2666 219 2704 Enimvero,
243 2677 341 2708 quum
363 2665 445 2696 Cato
469 2671 503 2696 et
525 2665 673 2703 Galbam,
700 2667 793 2697 Afri-

35 2721 166 2749 canum,
202 2710 350 2742 Laelium
375 2717 483 2742 aetate
512 2710 638 2741 anteire
660 2717 694 2741 ct
716 2717 792 2741 tnn-

35 2761 104 2786 tum
133 2755 296 2787 studiosus
330 2766 400 2786 esse
430 2754 576 2793 dicatur,
614 2767 712 2798 quum
745 2755 791 2787 illi

35 2799 126 2831 docti
143 2807 239 2843 atque
262 2800 380 2832 eruditi
403 2800 538 2839 fuerint,
562 2801 715 2843 profecto
738 2800 791 2832 in-

34 2843 138 2886 telligi
160 2855 226 2876 non
247 2851 378 2887 potest,
405 2856 460 2877 cur
483 2845 530 2877 illi
554 2852 702 2877 oratores
725 2857 792 2879 πα-

36 2889 233 2931 ρενὲῐετικῶς
251 2890 499 2922 commemorati
519 2890 594 2931 sint,
621 2891 703 2922 Cato
724 2902 791 2923 non

34 2933 124 2966 item.
182 2935 295 2976 ltaque
333 2935 466 2967 dubium
499 2947 567 2969 non
607 2942 678 2976 est,
714 2937 790 2979 quin

104 2987 149 3015 cd.
170 2992 285 3023 quarta.

837 647 955 679 verba:
995 658 1071 680 nom
1095 666 1138 672 —
1162 651 1318 681 cederetur
1350 650 1472 682 nullam
1505 651 1601 683 aliam

836 692 901 724 vim
921 692 1076 731 habeant,
1098 692 1161 724 nisi
1180 700 1214 724 ut
1236 694 1399 726 sententia
1418 696 1601 737 proposita,

835 737 968 769 dicendi
991 745 1097 769 artem
1126 738 1191 769 iam
1215 746 1342 770 mature
1365 740 1453 782 apud
1476 741 1602 772 Roma—

834 794 895 814 nos
919 782 1079 826 viguisse,
1117 784 1274 826 exemplis
1298 784 1485 816 illustretur
1503 791 1601 828 atque

834 827 1009 860 muniatur.
1056 828 1178 870 Negari
1213 828 1345 872 quidem
1376 841 1442 861 non
1476 836 1600 872 potest,

834 873 970 905 verbum
992 875 1142 905 traditum
1166 878 1210 906 est
1231 885 1296 905 non
1321 874 1400 906 satis
1425 875 1602 907 convenire

834 918 1009 961 postremis
1043 918 1170 950 verbis:
1207 921 1278 951 inde
1308 922 1353 951 ita
1385 929 1515 960 niagnos
1546 931 1600 953 no-

834 967 931 996 stram
955 966 997 995 ad
1023 968 1175 1004 aetatem,
1210 975 1307 1006 quurn
1340 964 1451 1007 potius
1481 977 1601 1008 exspe—

835 1015 943 1040 ctetur
976 1009 1084 1040 oratio
1117 1008 1163 1039 sic
1196 1009 1405 1041 continuata:
1442 1009 1519 1041 inde
1553 1010 1600 1041 ita

835 1053 944 1095 magni
976 1059 1123 1084 nostram
1155 1053 1197 1084 ad
1229 1060 1373 1085 aetatem
1405 1054 1602 1085 exstiterunt

837 1104 995 1133 oratores,
1023 1104 1057 1128 ut
1077 1103 1161 1132 ete.;
1187 1098 1245 1128 sed
1263 1109 1361 1140 saepe
1381 1098 1428 1137 fit,
1455 1105 1490 1129 ut
1512 1105 1601 1130 stru—

837 1148 927 1173 ctura
954 1141 1079 1184 aliqua,
1116 1142 1217 1172 semel
1241 1142 1416 1181 inchoata,
1454 1143 1495 1174 ad
1521 1143 1601 1175 reli—

834 1198 930 1230 quam
961 1186 1059 1217 etiam
1096 1186 1279 1218 orationem
1309 1187 1473 1230 pertineat
1507 1200 1600 1220 com—

832 1231 1083 1274 prehendatque
1102 1243 1138 1262 ea
1157 1243 1298 1274 quoque,
1324 1244 1406 1275 quae
1429 1232 1476 1263 illi
1495 1233 1600 1264 minus

833 1275 1006 1307 commode
1042 1275 1156 1306 subiici
1193 1277 1330 1319 possint.
1380 1277 1528 1320 Longior
1553 1278 1600 1309 fui

830 1321 863 1352 in
898 1320 1102 1352 enucleando
1138 1319 1203 1352 hoc
1237 1321 1334 1359 loco,
1373 1332 1471 1364 quum
1502 1322 1599 1355 vide-

830 1365 890 1397 rim
905 1391 912 1405 ,
948 1376 1021 1397 eum
1045 1365 1086 1397 ab
1111 1364 1183 1396 aliis
1210 1365 1299 1397 haud
1323 1372 1414 1397 recte
1437 1378 1508 1398 esse
1538 1379 1597 1400 ac—

832 1418 974 1453 ceptum.

900 1466 970 1487 eum
994 1474 1035 1478 ——
1061 1457 1222 1497 Catonem]
1261 1455 1314 1487 Sic
1338 1467 1438 1498 saepe
1471 1468 1600 1500 prono-

832 1512 906 1532 men
932 1500 1230 1532 demonstrativum
1257 1501 1465 1533 substantivo
1500 1513 1601 1545 prae—

832 1545 984 1584 mittitur,
1011 1551 1047 1576 ut
1066 1545 1131 1577 hoc
1153 1546 1383 1588 explicationis
1405 1558 1516 1579 caussa
1537 1547 1601 1579 ad-

834 1591 940 1622 ditum
970 1590 1132 1622 videatur.
1182 1592 1274 1623 Infra
1308 1603 1335 1623 c.
1360 1590 1421 1631 13,
1446 1589 1507 1623 29:
1545 1592 1600 1635 qui

833 1635 979 1667 nondum
1002 1646 1050 1675 ea,
1076 1647 1158 1678 quae
1180 1636 1291 1668 multis
1313 1644 1391 1678 post
1410 1636 1503 1668 annis
1527 1644 1598 1669 tra-

834 1680 914 1712 ctari
946 1687 1063 1724 coepta
1096 1687 1192 1719 sunt,
1229 1684 1363 1722 physica
1394 1681 1598 1714 didicissent.

833 1738 860 1759 c..
877 1726 931 1764 24,
954 1724 1015 1757 59:
1039 1732 1161 1768 quanta
1183 1729 1221 1766 is,
1246 1726 1300 1768 qui
1321 1738 1339 1758 a
1355 1727 1483 1770 Pyrrho
1506 1727 1598 1769 lega—

830 1778 881 1802 tus
907 1770 949 1802 ad
970 1777 1120 1802 senatum
1145 1777 1194 1802 est
1220 1771 1345 1810 missus,
1374 1774 1495 1803 Cineas.
1542 1773 1597 1803 si-

830 1815 952 1847 militer
975 1827 1001 1847 c.
1018 1814 1072 1853 20,
1089 1813 1149 1846 45:
1175 1827 1234 1857 per
1255 1827 1333 1858 quas
1352 1817 1542 1858 penetravit
1561 1826 1598 1849 ea

831 1872 914 1903 quae
938 1867 988 1891 est
1013 1859 1179 1891 nominata
1199 1863 1281 1901 Aryo
1303 1860 1368 1903 (die
1392 1868 1597 1902 sogenannte

831 1904 947 1947 Argo).
982 1906 1021 1936 V.
1044 1916 1102 1935 nos
1123 1904 1155 1934 in
1178 1904 1234 1935 Gr.
1258 1906 1297 1936 L.
1321 1905 1349 1947 ᾖ.
1367 1903 1441 1937 123.
1466 1906 1548 1938 Not.
1562 1903 1594 1938 6.

899 1952 951 1990 qui
971 1952 1009 1981 iis
1037 1953 1136 1981 aetate
1166 1951 1316 1991 anteibat]
1354 1950 1408 1981 Sic
1431 1949 1473 1981 de
1497 1951 1593 1983 Offic.

833 1996 871 2026 ll.
902 1994 964 2035 10,
988 1992 1049 2026 37:
1087 1993 1141 2036 qui
1171 1995 1297 2025 anteire
1332 1995 1450 2026 ceteris
1473 1995 1597 2027 virtute

831 2046 1008 2083 putantur:
1035 2038 1089 2070 ubi
1104 2038 1147 2070 cf.
1164 2041 1338 2072 Gernhard.
1352 2050 1384 2082 p.
1397 2038 1476 2072 217.
1514 2041 1596 2072 Fre—

832 2084 983 2127 quentius
1009 2084 1197 2116 accusativo
1231 2084 1395 2127 iungitur,
1438 2091 1473 2116 ut
1508 2086 1593 2128 Nep.

833 2130 951 2162 Cliabr.
979 2131 1036 2169 ΙΙΙ,
1062 2128 1100 2160 1;
1130 2129 1286 2160 Chabrias
1311 2141 1424 2161 omnes
1445 2131 1594 2162 auetori-

829 2182 899 2206 tate
914 2174 1072 2206 anteibat.
1100 2175 1139 2206 V.
1163 2186 1222 2206 nos
1243 2174 1275 2205 in
1291 2174 1400 2206 Gr.L.
1426 2176 1454 2216 ᾗ.
1472 2173 1548 2214 114,
1563 2173 1593 2207 7.

831 2221 893 2251 Pro
916 2220 1050 2262 vulgato
1072 2221 1140 2259 his,
1176 2219 1266 2261 quod
1296 2218 1396 2251 etiam
1422 2221 1499 2258 Or.,
1531 2222 1594 2258 11⁷1„

830 2267 906 2297 Mos.
919 2289 928 2305 ‚
960 2276 1099 2307 quorum
1118 2264 1171 2295 hic
1194 2266 1242 2295 his
1262 2263 1499 2305 interpretatur
1519 2274 1595 2303 quos

827 2311 919 2341 modo
941 2312 1028 2349 dixi,
1056 2309 1281 2345 retinuerunt,
1317 2319 1389 2338 cum
1412 2308 1595 2350 compluri-

828 2354 888 2386 bus
911 2354 987 2386 edd.
1012 2360 1093 2385 vett.
1121 2360 1153 2384 et
1178 2355 1227 2383 Tr.
1249 2351 1458 2383 scribendum
1481 2352 1594 2394 putavi

826 2401 866 2430 iis
886 2399 937 2430 vel
959 2402 1012 2431 eis.
1048 2396 1247 2429 Pronomina
1272 2396 1359 2428 enim
1379 2398 1427 2428 hic
1447 2402 1480 2428 et
1501 2400 1528 2429 is
1548 2397 1594 2430 ita

828 2443 1005 2480 differunt,
1041 2448 1077 2472 ut
1110 2440 1192 2471 illud
1222 2440 1265 2471 sit
1297 2441 1592 2474 demonstrativum

827 2498 1020 2530 semperque
1053 2482 1349 2528 ὅρξῖοτονούμενον,
1385 2486 1450 2519 hoc
1481 2493 1592 2519 autern

827 2532 1001 2564 relativum
1037 2537 1070 2561 et
1103 2530 1204 2562 modo
1240 2529 1446 2573 ἐγκλιτικόν,
1488 2532 1590 2564 modo

828 2588 894 2608 non
924 2573 1120 2618 ἐγκλιτικόν.
1168 2576 1353 2608 Pronomen
1384 2579 1432 2609 hic
1461 2588 1591 2619 prono—

828 2621 922 2652 minis
950 2624 974 2652 is
994 2620 1080 2652 vices
1104 2619 1265 2652 sustinere
1289 2632 1355 2653 non
1379 2628 1502 2664 potest,
1527 2622 1590 2654 nisi

828 2666 970 2709 scriptor
993 2665 1104 2696 dedita
1128 2677 1229 2708 opera
1258 2677 1327 2697 rem
1350 2666 1397 2698 ita
1418 2666 1590 2710 designare

828 2711 920 2750 vult,
948 2717 982 2742 ut
1002 2722 1074 2742 eam
1096 2717 1252 2754 tanquam
1273 2718 1482 2754 praesentem
1506 2723 1588 2743 ocu—

826 2755 930 2800 lisque
950 2755 1071 2788 uostris
1092 2756 1274 2788 subiectam
1293 2756 1488 2788 intueamur.
1519 2759 1589 2788 Au-

826 2801 952 2833 diamus
982 2800 1182 2833 Prisciannm
1207 2802 1316 2833 XVII.
1340 2799 1380 2840 9,
1405 2799 1467 2833 58.
1506 2801 1589 2839 „mc

826 2857 893 2879 non
916 2846 1022 2878 solum
1052 2845 1094 2878 de
1125 2852 1318 2889 praesente,
1355 2857 1468 2878 verum
1490 2845 1589 2876 etiam

826 2891 868 2924 de
889 2891 1024 2924 absente
1054 2903 1225 2934 possumus
1258 2891 1387 2929 dicere,
1423 2889 1466 2921 ad
1487 2888 1589 2921 intel—

824 2936 946 2970 lectum
966 2936 1148 2969 referentes
1171 2935 1523 2968 (lemonst1·uti0nem.“
1547 2935 1587 2967 V.

1300 2986 1321 3021 4
