1832 3137
1555 51 1637 93 393

84 133 154 172 bus
179 131 254 172 tuis
268 162 278 181 ,
312 131 496 171 virtute-m
518 132 566 172 ad
585 132 698 174 beate
718 135 926 175 vivendum
947 149 990 176 se
1016 136 1097 190 ipsa
1117 149 1207 178 esse
1225 144 1460 180 contentam.
1524 139 1637 193 Quod

81 204 153 244 etsi
178 204 328 245 difficile
355 211 414 244 est
439 205 600 258 probatu
629 213 788 261 propter
810 214 885 247 tam
905 209 1015 249 varia
1040 216 1079 249 et
1101 216 1179 250 tam
1203 211 1322 251 multa
1346 218 1538 253 tormenta
1560 215 1637 253 for—

81 284 217 329 tunae3
260 277 335 318 tale
357 280 519 317 tamen2
547 285 628 328 est,
667 287 709 319 ut
733 279 1008 320 elaborandum
1036 282 1111 332 sit,
1155 297 1230 337 quo
1254 284 1403 324 facilius
1429 285 1634 340 probetur3

651 54 817 88 LIBER
845 57 882 89 V.
913 56 950 96 1,
976 56 1006 89 2.
1034 57 1065 91 3.

79 350 170 389 nihil
194 356 255 391 est
277 350 379 390 enim
405 351 597 401 omnium,
632 365 730 405 quae
753 352 791 391 in
818 351 1057 407 philosophia
1082 361 1323 408 tractantur,
1357 358 1455 411 quod
1479 359 1636 412 grayius
1679 350 1691 391 ἰ

78 423 464 477 magnificentiusque
489 424 650 464 dicatur.
715 432 754 466 2.
787 424 891 465 Nam
915 430 1104 478 quumzea
1136 432 1306 469 caussa³
1330 430 1525 485 impulerit
1551 445 1634 481 eOS,
1664 476 1678 483 ,Α

77 496 139 549 qui
163 495 275 550 primi
297 510 339 537 se
362 497 407 537 ad
429 496 693 552 philosophiae
713 497 880 538 studium
900 499 1174 552 contulerunt,
1219 508 1284 552 ut,
1319 503 1497 544 omnibus
1521 504 1636 544 rebus
1671 505 1677 514 ⁶
1705 504 1724 507 ”
1757 500 1763 503 “
1784 485 1787 488 ⁴
1806 486 1812 501 ζ

79 569 327 623 posthabitis,
371 576 472 610 totos
495 583 538 609 se
577 569 616 610 in
647 570 792 625 optimo
821 570 926 611 vitae
951 578 1055 612 statu
1087 573 1330 627 exquirendo
1375 577 1634 618 collocarent:

76 643 250 696 prolecto
278 655 346 697 spe
371 642 484 682 beate
506 642 664 683 vivendi
693 649 839 683 tantam
862 643 902 683 in
928 657 974 684 eo
1006 645 1134 685 studio
1157 636 1288 686 curam
1314 662 1548 703 operamque
1572 664 1638 704 po-

315 713 428 766 Quod
456 715 488 755 si
512 715 558 754 ab
583 715 631 756 iis
655 715 815 756 inventa
839 723 878 755 et
901 717 1072 769 perfecta
1096 718 1220 759 virtus
1247 727 1328 770 est,
1363 728 1403 760 et
1425 722 1456 761 si
1488 722 1637 775 praesi—

75 787 124 827 dii
146 788 192 827 ad
212 787 325 827 beate
346 787 555 827 vivendum
576 788 612 827 iu
632 788 776 828 virtute
795 789 890 829 satis
913 796 997 841 est3
1032 789 1116 843 quis
1138 799 1221 842 est,
1255 792 1317 845 qui
1339 807 1415 833 non
1437 794 1636 847 praeclare

75 868 114 900 et
141 861 187 900 ab
213 860 288 900 illis
311 859 500 914 positam,
541 868 579 900 et
602 874 622 900 a
647 861 758 901 nobis
784 869 1003 916 susceptam
1032 877 1188 917 operam
1220 864 1512 920 philosophandi
1535 866 1637 907 arbi-

73 934 224 973 tretur?
284 931 356 973 Sin
388 940 516 973 autem
543 934 667 974 virtus
696 933 873 975 subiecta
896 935 966 975 sub
994 936 1124 977 varios
1154 937 1404 992 incertosque
1436 953 1550 979 casus
1583 941 1636 980 sa-
1664 926 1667 929 .

75 722 252 755 suerunt.

74 1007 174 1047 mula
196 1006 374 1046 fortunae
393 1012 476 1055 est,
512 1020 584 1046 nec
607 1013 802 1047 tantarum
823 1007 965 1047 virium
998 1015 1083 1059 est,
1118 1016 1159 1049 ut
1181 1023 1224 1050 se
1250 1010 1333 1064 ipsa
1356 1017 1535 1062 tueatur,
1568 1026 1635 1052 ve-

73 1093 184 1129 reor,
219 1092 266 1119 ne
291 1093 366 1118 non
392 1086 466 1118 tam
492 1079 648 1120 virtutis
670 1080 807 1120 fiducia
830 1081 1028 1121 nitendum
1055 1081 1202 1121 nobis4
1233 1083 1279 1122 ad
1303 1097 1410 1137 spem
1435 1084 1547 1124 beate
1578 1085 1636 1124 vi-

74 1151 210 1202 vendi,
250 1166 360 1205 quam
387 1159 478 1192 vota
504 1152 680 1193 facienda
708 1152 928 1193 videantur.
991 1160 1032 1194 5.
1064 1153 1253 1208 Equidem
1282 1170 1350 1196 eos
1369 1158 1386 1181 5
1418 1171 1555 1208 casus,
1596 1158 1633 1197 in

72 1225 209 1279 quibus
232 1238 291 1265 me
315 1226 468 1264 fortuna
488 1225 743 1266 vehementer
763 1226 957 1276 exercuit,
992 1240 1140 1267 mecum
1164 1228 1245 1282 ipse
1270 1229 1523 1270 considerans
1549 1230 1635 1270 huic

72 1298 214 1353 incipio
249 1297 467 1338 sententiae
501 1298 670 1338 diffidere
693 1299 886 1338 interdum
914 1302 983 1338 et⁶
1022 1299 1176 1340 humani
1205 1302 1362 1355 generis
1392 1302 1635 1342 imbecillita-

1217 1399 1238 1432 4
1263 1403 1356 1433 Unus
1382 1404 1441 1433 Ox.
1463 1406 1502 1434 sit
1526 1402 1635 1433 incul—

73 1444 159 1477 cavit
181 1450 258 1487 post
277 1454 358 1483 non;
382 1450 416 1474 at
437 1455 466 1474 v.
481 1443 566 1475 Adn.
613 1444 634 1475 ὁ
664 1445 751 1475 Non.
778 1443 899 1486 p.295.
926 1455 1008 1477 meos
1031 1455 1142 1477 casus:
1166 1445 1255 1488 quod
1278 1452 1401 1478 temere
1424 1447 1549 1488 recepit
1568 1447 1633 1485 131„

73 1489 120 1520 uti
141 1501 228 1521 nnnc
249 1488 319 1531 ipse
339 1488 371 1519 in
386 1488 469 1519 Add.
495 1488 590 1519 vidit.
637 1486 658 1519 6
683 1489 737 1520 Sic
760 1491 814 1520 Or.
835 1501 862 1521 c.
882 1489 1030 1532 plurimis
1053 1490 1162 1531 codd.,
1187 1491 1286 1522 etiam
1308 1492 1346 1522 R.
1372 1493 1405 1523 P.
1421 1492 1477 1523 Gr.
1504 1491 1633 1523 Gud.1.

70 1535 166 1573 Vat.,
192 1545 252 1576 pro
277 1533 362 1574 vulg.
387 1535 547 1573 diffidere,
569 1535 726 1565 interdum
748 1536 887 1565 eliam.

160 1398 182 1431 2
206 1398 311 1430 Rehd.
332 1404 365 1429 et
388 1397 515 1441 aliquot
538 1398 613 1430 edd.
636 1405 718 1430 vett.
741 1403 844 1431 {umen
867 1402 937 1432 tale.
983 1399 1005 1432 3
1029 1412 1060 1431 v.
1084 1401 1168 1432 Adn.

70 1607 162 1633 totos
183 1611 217 1631 se
236 1600 269 1631 iu
290 1599 417 1642 optimo
440 1600 527 1631 vitae
546 1606 635 1631 statu
659 1600 835 1643 exquiren—

71 1646 114 1677 do
137 1645 349 1681 collocarent,
373 1643 447 1686 quia
466 1644 654 1686 sperabant,
675 1645 738 1676 hac
760 1657 835 1677 cura

71 1697 104 1721 et
128 1702 228 1733 opera
246 1701 280 1721 se
300 1689 334 1720 id
353 1700 424 1720 esse
442 1696 659 1729 assecuturos,
684 1696 719 1721 ut
738 1690 834 1722 beate

71 1735 228 1767 viverent.

135 1782 261 1812 inventa
282 1782 309 1811 et
329 1780 466 1819 perfecta
489 1781 601 1821 virtus]
629 1779 740 1810 Virtus
762 1779 833 1821 ipsa

68 1825 203 1867 proprie
223 1824 358 1855 inventa
379 1823 443 1854 dici
468 1834 531 1855 uon
559 1831 687 1866 potest;
715 1824 834 1855 dicitur

68 1869 167 1912 igitur
198 1869 264 1901 hoc
287 1868 381 1900 loeo:
416 1868 566 1910 perfecta
595 1868 727 1900 virtutis
753 1880 832 1911 spe-

70 1915 135 1946 cies
156 1925 195 1946 ac
219 1915 324 1945 forma
348 1913 493 1952 inventa,
517 1913 569 1944 vel
592 1925 654 1952 ars,
681 1913 833 1945 doctrina

68 1959 197 1990 virtutis
221 1959 366 1989 inventa.

135 2005 212 2035 satis
236 2004 292 2043 est]
328 2001 511 2033 offensioni
536 2013 606 2033 esse
640 2013 705 2034 non
732 2002 833 2035 debet

68 2047 201 2079 iteratio
226 2047 363 2079 voculae
396 2050 438 2078 est
471 2053 548 2088 post
581 2047 730 2089 exiguam
756 2059 832 2079 ver—

68 2093 184 2124 borum
208 2091 509 2134 intercapedinem,
545 2091 646 2122 immo
680 2092 832 2124 consulto

69 2144 102 2169 et
120 2137 232 2169 dedita
253 2147 351 2179 opera
371 2148 390 2167 a
406 2136 566 2167 Cicerone
585 2137 732 2179 quaesita
752 2148 832 2168 cen—

67 2181 168 2214 senda
194 2188 244 2213 est
266 2187 404 2224 propter
425 2181 661 2213 sententiarum
683 2182 832 2224 gravita—

68 2233 134 2259 tem
160 2238 199 2258 ac
229 2233 443 2257 momentum.
495 2226 546 2257 Cf.
573 2226 615 2257 ad
640 2228 663 2259 Ι.
688 2226 750 2265 23,
776 2224 831 2258 54.

135 2274 175 2303 ab
200 2274 260 2303 illis
281 2271 430 2311 positam]
466 2270 604 2302 Neidius
629 2271 833 2313 interpreta-

67 2322 138 2347 tur:
175 2317 346 2355 depositam
372 2317 516 2354 nobisque
543 2319 625 2347 slatn
655 2317 834 2355 perfectiore

67 2363 227 2392 relictam:
275 2370 358 2401 quae
393 2359 568 2400 explicatio
608 2366 642 2390 et
678 2359 833 2390 latinitati

68 2416 202 2447 prorsus
230 2409 388 2446 repugnat
416 2409 449 2434 et
471 2403 537 2435 loci
556 2403 755 2435 sententium
778 2404 834 2435 in-

68 2456 145 2493 epte
170 2448 339 2491 pervertit.

135 2496 269 2526 subiecta
292 2494 347 2524 sub
368 2495 472 2525 varios
486 2510 528 2516 —
544 2492 650 2534 casus]
677 2491 756 2524 Aliis
778 2492 832 2524 lo-

70 2538 115 2571 cis
148 2541 302 2571 subiectus
337 2536 425 2579 apud
463 2537 654 2568 Ciceronem
687 2537 833 2580 aliosque

69 2583 246 2625 scriptores
265 2582 503 2615 construisolet
518 2593 588 2612 cum
603 2581 726 2618 dativo,
746 2587 780 2612 ut
792 2582 834 2612 sit

69 2630 220 2660 subiectus
241 2629 336 2659 alicui
355 2630 419 2666 rei,·
445 2638 528 2670 quae
547 2633 655 2657 autem
675 2625 738 2657 hoc
757 2626 833 2657 loco

71 2683 145 2704 usus
175 2679 225 2704 est
258 2671 504 2704 constructione
538 2669 786 2713 exquisitissima
805 2677 838 2701 et

71 2716 366 2758 significantissima
387 2723 456 2756 est,
490 2716 611 2760 quippe
633 2727 715 2758 quae
739 2727 834 2757 egre-

71 2760 124 2802 gie
147 2760 262 2803 pingat
293 2762 458 2793 incertum
483 2769 517 2793 et
541 2767 720 2803 perpetuae
745 2759 835 2802 quasi

70 2805 242 2837 iactationi
261 2806 439 2838 obnoxium
459 2805 590 2837 virtutis
607 2811 738 2836 statum.
770 2803 835 2835 Ce—

70 2856 178 2881 terum
201 2850 244 2882 cf.
269 2852 324 2883 IV.
345 2851 377 2889 7,
401 2850 459 2884 16:
485 2853 540 2883 sub
563 2854 677 2881 metum
700 2851 835 2881 subiecta

69 2898 139 2926 sunt
169 2894 321 2937 pigritia,
356 2895 482 2938 pudor:
514 2895 573 2929 ‚ubi
598 2906 628 2925 v.
654 2893 833 2925 Adnotata.

870 1601 952 1634 Ibid.
975 1601 1014 1641 8,
1042 1602 1099 1635 18:
1126 1614 1208 1646 quae
1231 1606 1367 1635 subiecta
1393 1610 1469 1635 sunt
1492 1606 1547 1636 sub
1572 1613 1634 1636 me-

869 1650 944 1678 tum.
1003 1649 1104 1679 Moser
1134 1649 1165 1679 in
1200 1660 1334 1680 censura
1368 1649 1468 1680 modo
1502 1648 1634 1680 laudata

869 1702 902 1733 p.
925 1690 1001 1723 611.
1037 1692 1148 1723 attulit
1178 1692 1278 1724 Acad.
1304 1695 1344 1725 Il.
1367 1694 1431 1731 23,
1455 1691 1516 1726 74:
1553 1704 1635 1736 quae

868 1737 923 1767 sub
947 1745 997 1768 eos
1022 1737 1154 1777 (sensus)
1178 1740 1313 1769 subiecta
1334 1744 1419 1769 suut.
1455 1737 1551 1768 Plura
1574 1749 1634 1768 ex-

869 1780 976 1822 empla
999 1781 1140 1812 contulit
1162 1783 1342 1822 Madviyius
1365 1781 1407 1813 ad
1429 1781 1499 1812 Fin.
1523 1783 1565 1814 ll.
1583 1782 1632 1821 15,

868 1822 922 1857 40:
950 1836 981 1866 p.
1001 1826 1078 1857 228.

935 1873 1096 1901 tantarum
1129 1873 1246 1902 virium
1277 1871 1344 1914 est]
1386 1871 1635 1910 „Observarunt

867 1914 938 1945 VV.
964 1915 1033 1945 DD.
1055 1914 1218 1956 genitivos
1239 1915 1374 1958 pluralis
1396 1915 1521 1947 numeri
1544 1927 1634 1947 raros

868 1969 939 1989 csse
969 1958 1001 1989 in
1036 1959 1098 1990 hac
1129 1960 1276 1991 struendi
1302 1960 1431 1992 ratione
1457 1971 1634 2003 eorumque

867 2002 942 2034 Ioco
966 2003 1043 2045 poni
1068 2004 1175 2034 solere
1197 2004 1378 2043 ablativos,
1416 2011 1450 2035 ut
1475 2011 1525 2035 est
1549 2016 1580 2036 v.
1606 2015 1633 2035 c.

867 2047 951 2078 Plin.
979 2048 1020 2078 H.
1046 2049 1087 2080 N.
1111 2050 1192 2087 VH,
1218 2049 1256 2080 2:
1295 2061 1374 2091 gens
1399 2051 1541 2081 stridoris
1565 2051 1635 2080 hor-

867 2094 967 2132 rendi,
991 2094 1079 2125 hirtis
1100 2096 1289 2132 corporibus.
1324 2095 1447 2125 Nostro
1467 2094 1543 2125 loco
1565 2093 1635 2124 sin-

867 2137 970 2178 gulari
995 2137 1102 2170 forma
1123 2138 1259 2180 genitivi
1283 2138 1329 2170 uti
1353 2150 1418 2171 nou
1445 2138 1555 2181 potuit
1576 2137 1634 2169 Ci—

869 2186 982 2214 cero.“
1030 2185 1141 2215 Moser.

934 2231 1008 2258 vota
1041 2229 1187 2267 facienda
1220 2227 1400 2270 videantur]
1438 2227 1482 2258 ita
1507 2233 1542 2257 ut
1567 2226 1634 2257 vita

867 2271 965 2302 beata
998 2283 1063 2303 nou
1099 2278 1212 2303 nostra
1245 2271 1338 2302 nobis
1373 2272 1496 2302 virtute
1530 2270 1635 2313 possit

868 2315 997 2358 parari,
1033 2315 1092 2347 sed
1116 2315 1201 2346 votis
1227 2315 1387 2346 faciendis
1419 2328 1437 2347 a
1462 2315 1523 2346 diis
1555 2321 1633 2346 tan—

868 2371 964 2402 quam
986 2372 1101 2391 munus
1122 2360 1256 2402 aliquod
1278 2360 1431 2391 fortunae
1450 2359 1633 2402 impetran-

868 2405 910 2436 da
930 2404 982 2436 sit.
1030 2405 1165 2436 Pluralis
1188 2407 1355 2436 videantur
1377 2416 1436 2446 por
1456 2404 1634 2436 attractio—

870 2460 943 2480 nem
967 2449 1129 2491 quandam
1150 2448 1191 2479 ad
1215 2453 1307 2488 vola,
1340 2460 1406 2481 non
1428 2449 1472 2480 ad
1496 2455 1634 2481 antece-

869 2493 1003 2524 dentem
1025 2493 1307 2531 enuntiationem,
1340 2494 1462 2526 relatus
1484 2500 1545 2526 est.
1592 2494 1633 2524 V.

870 2549 929 2569 nos
954 2538 987 2569 in
1011 2539 1068 2570 Gr.
1088 2539 1127 2570 L.
1151 2540 1179 2581 §.
1199 2538 1272 2570 103.
1298 2538 1376 2570 Not.
1390 2539 1420 2570 5.
1453 2537 1532 2570 Non
1550 2549 1632 2581 opus

871 2588 920 2613 est
945 2594 971 2614 c.
995 2583 1033 2614 L.
1057 2583 1166 2624 legere
1190 2584 1349 2614 nitendum
1373 2585 1460 2615 nobis
1480 2585 1532 2618 sic.

942 2628 970 2670 (j.
993 2627 1024 2660 3.
1072 2629 1103 2658 in
1125 2630 1234 2668 quibus
1258 2637 1304 2659 me
1334 2629 1460 2668 fortuna
1483 2627 1632 2669 exercuit]

870 2673 1018 2703 Exercere
1053 2672 1213 2714 exquisite
1258 2671 1379 2704 dicitur
1414 2683 1475 2714 pro
1509 2681 1634 2710 vexare,

871 2718 1002 2755 agitare.
1048 2716 1102 2748 Sic
1118 2727 1187 2759 pro
1212 2717 1329 2748 Archia
1355 2721 1454 2759 potita
1476 2717 1546 2752 XI,
1569 2713 1630 2745 28:

871 2760 948 2802 quid
973 2767 1039 2799 est,
1073 2761 1162 2804 quod
1184 2780 1224 2785 —
1248 2761 1347 2792 tantis
1369 2772 1427 2792 nos
1451 2760 1484 2790 in
1506 2758 1632 2790 labori-

870 2804 929 2836 bus
951 2815 1156 2838 exerceamus.
1192 2817 1253 2848 pro
1278 2806 1404 2837 Milone
1428 2806 1466 2841 Π,
1489 2804 1526 2835 5:
1554 2802 1632 2843 quid

869 2849 972 2892 magis
993 2850 1181 2888 sollicitum,
1208 2850 1310 2892 magis
1328 2851 1494 2881 exercitum
1513 2847 1632 2878 dici—-

869 2901 990 2936 potest.
1039 2907 1101 2938 pro
1133 2894 1242 2926 Plane.
1278 2894 1343 2934 32,
1369 2893 1429 2926 735:
1477 2902 1542 2923 non
1577 2891 1630 2922 di—
