1832 3137
661 95 1054 140 LtssEn111.e‚16.

70 173 260 228 quendum
286 187 424 214 munus
452 186 580 214 suum.

1550 91 1633 135 263

643 173 790 216 Munus
811 183 936 217 autem
961 177 1077 218 animi
1101 185 1161 218 est
1184 178 1336 220 ratione
1357 179 1456 220 bene
1475 180 1553 231 uti,
1587 189 1627 222 et

67 243 252 301 sapientis
280 247 430 286 animus
453 245 506 286 ita
540 261 696 302 semper
728 250 891 289 affectus
919 258 1003 301 est,
1048 258 1090 291 ut
1120 251 1271 293 ratione
1301 252 1445 307 optime
1476 260 1620 294 utatur.

66 317 277 374 Nunquam
296 320 415 374 igitur
433 323 520 360 est⁶
546 322 809 375 perturbatus.

65 391 233 447 Semper
260 393 380 446 igitur
409 406 454 433 ea
487 394 642 449 sapiens
673 395 843 435 vacabit.

860 323 914 362 At
932 324 1136 378 aegritudo
1155 325 1394 380 perturbatio
1412 334 1473 367 est
1489 327 1621 368 animi.

180 464 294 506 Vlll.
351 473 417 507 16.
446 465 540 507 Veri
560 468 673 508 etiam
692 467 817 508 simile
833 468 923 508 illud
946 476 1019 519 est,
1047 470 1110 523 qui
1128 470 1178 511 sit
1196 477 1417 526 temperans
1435 496 1492 504 ·—
1508 487 1621 528 quem

65 538 208 580 Graeci
230 537 417 593 σώφρονα
436 541 630 595 appellant
649 555 809 595 eamque
829 542 1011 582 virtutem
1032 541 1298 596 σωφροσύνην
1315 553 1474 596 vocant,
1507 561 1621 601 quam

60 613 170 654 soleo
187 613 362 667 equidem
385 621 464 654 tum
480 617 493 640 ¹
521 615 831 669 temperantiam,

860 620 937 671 tum
961 615 1269 657 moderationem
1290 620 1500 673 appellare,
1523 634 1620 660 non-

34 689 255 741 'utinquam
284 688 399 727 etiam
423 687 675 738 modestiam3
708 688 776 728 sed
804 688 900 728 haud
923 687 1028 739 scio,
1063 702 1110 729 an
1139 697 1244 729 recte
1266 703 1311 730 ea
1336 691 1458 732 virtus
1487 694 1618 747 fruga-

59 760 148 800 litas
175 760 357 814 appellari
383 760 529 814 possit,
572 761 671 814 quod
697 761 900 815 angustius
923 762 1021 816 apud
1051 760 1229 803 Graecos
1255 763 1380 814 valet,
1427 765 1490 818 qui
1516 766 1616 819 frugi

61 833 235 873 homines
259 833 472 886 χρησίμους
498 833 718 888 appellant,
760 835 796 874 id
829 842 887 875 est
916 835 1181 875 tantummodo
1203 836 1340 887 utiles3
1385 843 1424 877 at
1445 838 1535 877 illud
1560 846 1620 878 est

58 906 195 957 latius,
229 907 355 947 omnis
378 906 478 946 enini
500 906 752 958 abstinentia,
787 908 913 948 omnis
931 908 1155 949 innocentia
1177 933 1231 938 --
1251 923 1350 963 quae
1375 911 1472 964 apud
1496 909 1620 951 Grae-

147 1027 170 1062 6
193 1043 224 1062 ν.
250 1030 333 1062 Adn.
381 1032 471 1062 VllI.

57 1075 189 1107 dicente
212 1075 343 1107 dicendi
365 1076 613 1108 consuetudine.

60 1166 136 1198 pem
168 1153 451 1197 philosophorum.
500 1162 533 1186 et
569 1166 601 1197 p.
634 1154 744 1197 Ligar.
776 1152 817 1186 9:

59 1202 152 1239 Quae
175 1199 239 1230 fuit
262 1211 403 1242 unquam
426 1200 459 1231 in
485 1199 552 1231 ullo
575 1199 706 1231 homine
727 1206 820 1231 tanta

58 1244 266 1276 constantia?
292 1245 510 1276 constantiam
525 1244 624 1276 dico'?
649 1247 760 1283 nescio,
777 1254 820 1276 an

57 1292 167 1321 melius
191 1289 381 1332 patientiam
403 1289 527 1332 possim
550 1289 670 1320 dicere.
719 1288 820 1319 Simi—

56 1335 132 1366 liter
154 1336 210 1366 IV.
232 1335 295 1371 25,
317 1334 380 1366 52:
405 1337 518 1374 nescio,
543 1336 651 1374 ecquid
674 1333 735 1376 ipsi
760 1344 819 1364 nos

56 1378 190 1410 fortiter
212 1397 256 1404 --
281 1379 476 1414 fecerimus;
517 1379 542 1410 si
563 1378 641 1421 quid
671 1378 818 1417 fecimus,

55 1430 146 1456 certe
164 1424 238 1455 irati
259 1434 324 1455 non
350 1424 507 1455 fecimus:
533 1424 587 1455 ubi
601 1424 643 1455 de
662 1424 724 1455 hac
747 1424 818 1455 for-

54 1469 140 1501 mula
175 1470 312 1512 (nescio,
346 1470 466 1510 ecquid)
503 1469 690 1500 affirmante
722 1471 822 1501 Moser

54 1513 166 1546 attulit
187 1516 284 1546 Beier.
307 1513 340 1544 in
362 1515 438 1545 Exc.
460 1514 501 1546 ad
524 1513 558 1546 C.
572 1513 663 1545 Lael.
688 1525 720 1556 p.
734 1513 818 1546 216:

57 1559 112 1591 ubi
132 1565 363 1602 comparantur
385 1560 478 1592 Verr.
503 1560 559 1591 ΙΙΙ.
587 1560 637 1598 12,
659 1560 714 1592 29.
747 1558 816 1589 Fin.

57 1606 112 1636 lV.
137 1602 192 1641 24,
215 1603 291 1641 674
326 1607 428 1644 ecquis
451 1604 536 1636 enim
560 1615 648 1642 non,
680 1610 717 1635 ut
739 1606 819 1643 quis,

56 1648 249 1692 simpliciter
270 1649 472 1691 interrogat,
508 1649 566 1680 sed
586 1660 658 1680 cum
683 1648 818 1680 dubita-

55 1695 146 1726 tione
179 1693 338 1737 quadam3
385 1694 428 1726 cs.
456 1696 560 1727 Hand.
592 1695 686 1726 Turs.
716 1694 756 1724 ΙΙ.
785 1705 816 1735 p.

53 1739 116 1772 351
130 1750 202 1782 sqq.
240 1738 434 1770 Doctissime
456 1739 631 1771 formulam
650 1740 736 1771 haud
755 1741 817 1770 scio

55 1794 97 1816 an
116 1791 305 1827 persecutus
328 1791 377 1815 est
397 1791 430 1815 et
451 1783 628 1816 illustravit
642 1785 816 1815 Gernhard.

54 1828 86 1860 in
112 1831 191 1861 Exc.
217 1830 257 1860 ll.
282 1828 324 1860 ad
351 1829 429 1861 Lael
462 1831 517 1867 Vl,
541 1831 594 1860 ¹30.
639 1828 688 1859 Cf.
705 1830 818 1860 Rams-

53 1876 141 1907 horn.
167 1875 205 1905 L.
230 1874 286 1904 Gr.
311 1874 339 1915 §.
363 1872 433 1907 174.
479 1875 616 1906 Ruhner.
641 1874 670 1916 55.
690 1872 760 1910 159,
787 1874 818 1904 Ξ).

55 1921 160 1951 Hand.
183 1918 324 1951 Tursell.
352 1920 374 1950 l.
396 1931 429 1961 p.
451 1919 518 1951 310
535 1930 605 1961 sqq.
656 1917 728 1949 Pari
763 1929 818 1948 ru·-

55 1963 147 1995 tione
169 1963 289 1995 dicitur
311 1965 416 1995 dubito
440 1974 501 1994 an:
526 1963 568 1994 de
591 1974 654 2006 qua
677 1962 820 1993 formula

55 2020 85 2040 v·
99 2008 186 2040 infra
209 2008 251 2039 ad
273 2009 327 2039 1V.
350 2010 404 2045 ¹22,
425 2010 485 2040 50:
512 2007 566 2039 ubi
585 2007 767 2039 accuratius
786 2006 818 2037 in

55 2053 170 2084 harum
204 2053 409 2084 locutionum
451 2052 615 2084 rationem
646 2051 819 2095 inquisivi-

55 2109 136 2129 mus.

121 2144 290 2184 fruyalitas
300 2162 354 2182 —‚
367 2144 449 2183 quod
462 2145 624 2182 anqustius
637 2144 715 2183 ete]
737 2141 778 2172 H.
790 2153 818 2172 e.

55 2187 100 2225 id,
126 2187 215 2231 quod
236 2187 461 2230 frugalitatem
479 2187 627 2226 dicimus,
653 2186 820 2229 angustius

55 2232 144 2276 apud
168 2233 313 2264 Graecos
339 2232 435 2264 valet.

122 2279 206 2318 frugi
226 2279 362 2309 homines
381 2276 582 2321 χρησίμους]
604 2278 644 2309 V.
660 2276 747 2307 infra
764 2277 819 2307 IV.

58 2321 111 2360 16,
129 2322 184 2355 36.
219 2322 269 2353 Cf.
294 2322 450 2360 Quinctil.
474 2324 499 2353 Ι.
520 2322 551 2360 6,
573 2320 636 2354 29:
663 2327 698 2352 ut
720 2332 819 2364 quum

58 2367 105 2398 M.
127 2366 255 2398 Caelius
279 2378 314 2397 se
346 2378 416 2398 esse
447 2369 601 2398 hominem
633 2367 717 2407 frugi
750 2365 820 2397 vult

56 2411 218 2453 probare,
252 2422 318 2442 non
345 2410 418 2453 quia
442 2411 609 2441 abstinens
634 2410 694 2449 sit,
733 2413 820 2451 (nam

57 2455 91 2487 id
115 2466 158 2487 ne
178 2455 309 2487 mentiri
329 2455 460 2498 quidem
482 2455 645 2497 poterat)
672 2455 731 2486 sed
747 2456 821 2498 quia

57 2503 141 2533 utilis
164 2500 285 2537 multis,
311 2499 345 2531 id
370 2507 420 2531 est
445 2500 644 2536 fructuosus,
670 2499 756 2530 uude
779 2500 821 2531 sit

57 2545 146 2577 dicta
169 2547 348 2586 fruyalitas.
395 2544 566 2576 Praeclare
592 2546 724 2576 Orellius
756 2546 822 2584 fru-

58 2592 196 2631 9alitatis
231 2597 265 2621 et
302 2589 524 2632 σωφροσύνης
560 2589 624 2620 vim
659 2589 822 2630 exposuit.

60 2635 168 2666 Verba
188 2637 284 2676 fruyi,
306 2637 475 2675 frugalitas
498 2634 598 2666 ducta
617 2640 692 2664 sunt
715 2644 732 2664 e
753 2633 824 2675 pri—

59 2691 115 2711 sca
130 2680 352 2712 Romanorum
373 2679 459 2717 vita,
485 2678 619 2722 proprie
642 2677 728 2710 enim
751 2688 824 2717 ayer

61 2726 145 2765 frugi
173 2736 218 2757 sc.
246 2723 403 2756 ferendae
428 2731 522 2766 aptus
562 2723 627 2765 (vel
661 2722 823 2764 antiquius

62 2778 121 2810 pro
138 2778 212 2809 ager
233 2769 344 2810 fruyis)
370 2769 511 2807 dicitur,
537 2775 606 2800 tum
626 2767 826 2798 transfertur

63 2812 106 2843 ad
128 2813 293 2846 hominem
327 2814 487 2856 probum,
520 2820 707 2850 strenuum,
744 2823 825 2855 pru-

63 2856 218 2898 dentem,
251 2859 476 2898 moderatum,
513 2858 567 2902 qui
591 2858 624 2889 in
649 2857 707 2895 iis,
743 2868 826 2900 quae

65 2901 158 2944 facit,
179 2913 308 2946 semper
321 2903 439 2936 iustam
460 2909 552 2936 tenet
572 2913 766 2940 mensuram,
791 2907 826 2932 ut

63 2946 229 2990 proverbii
251 2948 361 2981 locum
385 2948 544 2985 obtineat,
570 2949 722 2980 hominem
743 2948 827 2987 {rugi

522 1031 534 1062 1
564 1031 646 1063 Mos.
664 1031 775 1108 {idid‘ilt
792 1042 869 1108 xcrum
891 1036 924 1073 t.,
949 1032 1036 1063 nulla
1061 1032 1175 1064 addita
1195 1033 1404 1073 auctoritate,
1430 1046 1536 1078 neque
1557 1035 1617 1066 ad-

695 1100 702 1107 .
726 1088 743 1107 a
823 1101 830 1108 .

852 1076 915 1117 25,
942 1075 996 1109 72.

855 1157 959 1187 omnia
992 1159 1069 1187 recte
1100 1156 1202 1195 facere
1237 1157 1305 1199 (IV.
1333 1156 1395 1194 16,
1419 1155 1508 1197 36.);
1543 1156 1620 1189 hinc

855 1212 921 1231 non
947 1200 1052 1231 solum
1076 1199 1117 1231 de
1142 1199 1234 1239 viris,
1261 1201 1363 1243 qualis
1385 1201 1449 1232 fuit
1471 1203 1509 1233 L.
1531 1203 1618 1241 Piso,

856 1245 905 1277 cui
919 1247 1016 1285 Fru9i
1041 1256 1223 1287 cognomen
1239 1253 1318 1285 erat,
1343 1246 1543 1289 integritatis
1564 1248 1619 1278 in-

855 1290 1095 1332 nocentiaeque
1126 1290 1315 1332 specimen,
1354 1290 1413 1322 sed
1444 1291 1543 1323 etiam
1577 1291 1619 1323 de

854 1334 956 1366 servis
978 1334 1083 1373 bonis,
1108 1335 1260 1372 strenuis,
1285 1335 1466 1368 moderatis
1486 1336 1618 1368 dicitur.

855 1377 1090 1421 Σωφροσύνης
1114 1379 1206 1412 notio
1239 1380 1396 1412 latissime
1420 1388 1532 1423 patet3
1568 1388 1618 1413 est

857 1424 943 1455 enim
974 1436 1010 1455 ea
1045 1425 1163 1461 virtus,
1198 1435 1280 1466 quae
1313 1436 1373 1456 nos
1404 1425 1437 1456 in
1468 1425 1618 1457 omnibus

855 1480 1065 1512 quascunque
1096 1474 1273 1500 tractamus
1296 1469 1393 1501 rebus
1415 1469 1534 1510 σώζειν
1557 1469 1618 1512 τὴν

854 1514 978 1557 φρένα,
1002 1514 1022 1545 i.
1047 1526 1074 1546 e.
1100 1521 1190 1546 recta
1215 1514 1262 1546 uti
1284 1514 1433 1552 ratione,
1456 1515 1548 1547 iubet
1572 1516 1618 1547 si—

854 1559 952 1603 bique
965 1559 1128 1591 subiectas
1142 1559 1243 1591 habet
1258 1560 1521 1602 temperantiam,
1546 1572 1617 1592 mo-

854 1604 1082 1643 derationem,
1125 1604 1343 1645 modestiam,
1386 1605 1617 1645 constantiam,

854 1649 1102 1681 continentiam.

919 1697 1019 1726 omnis
1036 1697 1117 1726 enim
1137 1696 1336 1736 abstinentia]
1364 1695 1453 1727 Haec
1469 1701 1519 1726 est
1533 1695 1618 1727 scri-

853 1747 948 1783 ptura
972 1739 1141 1777 codicum,
1168 1751 1263 1782 quam
1284 1742 1442 1771 Ernestius
1462 1740 1617 1778 deseruit,

852 1785 998 1816 scribens
1016 1794 1136 1816 omnem
1149 1787 1231 1815 enim
1247 1786 1475 1824 abstinentiam,
1499 1795 1619 1816 omnem

852 1832 1081 1868 innocentiam,
1129 1836 1164 1859 ut
1198 1828 1353 1859 videlicet
1387 1829 1429 1859 ad
1466 1829 1618 1860 usitatam

855 1873 1133 1906 constructionem
1169 1880 1380 1904 revocaretur
1408 1873 1525 1905 oratio.
1574 1876 1618 1904 At

853 1919 1036 1961 scripturae
1066 1917 1155 1948 libris
1187 1917 1416 1960 manuscriptis
1446 1929 1510 1949 uno
1536 1929 1619 1950 con-

854 1975 950 1995 sensu
986 1962 1150 1994 exhibitae
1182 1969 1273 1993 recte
1307 1962 1524 2005 patrocinium
1559 1974 1618 1994 su-

854 2008 959 2051 scepit
974 2009 1130 2039 Davisius.
1165 2007 1278 2039 Oratio
1302 2013 1350 2037 est
1374 2003 1616 2046 οἷνακόλουῇοςε

856 2054 944 2085 cuius
962 2052 1090 2095 generis
1112 2051 1261 2094 exempla
1279 2051 1310 2083 in
1332 2051 1381 2082 his
1404 2051 1495 2083 libris
1515 2064 1617 2095 repe-

856 2098 982 2130 riuntur
1005 2097 1177 2140 permulta.
1218 2097 1257 2128 V.
1281 2096 1323 2127 ad
1347 2097 1387 2127 ll.
1419 2097 1443 2133 1,
1469 2096 1500 2129 3.
1549 2098 1618 2128 Im-

855 2143 968 2186 primis
994 2143 1150 2185 frequens
1185 2148 1234 2173 est
1266 2140 1347 2172 illud
1371 2152 1473 2183 genus
1498 2139 1618 2175 οἷνακο-

855 2187 1011 2230 λουῗδίας,
1036 2198 1101 2230 quo
1122 2186 1262 2229 primum
1282 2186 1503 2217 nominativus
1524 2186 1618 2229 posi—

852 2241 905 2266 tus
931 2239 999 2270 est,
1025 2232 1147 2263 deinde
1171 2232 1328 2269 verbum,
1357 2231 1447 2273 quod
1472 2231 1619 2262 dativum

853 2279 906 2311 vel
925 2277 1146 2310 accusativum
1167 2276 1315 2319 requirit,
1337 2275 1492 2316 sequitur.
1519 2287 1617 2318 quum

853 2323 996 2365 scriptor
1019 2322 1114 2354 aliam
1140 2321 1171 2352 in
1205 2327 1316 2352 mente
1349 2319 1501 2350 habuerit
1535 2331 1619 2350 con>-

854 2367 1094 2402 structionem,
1133 2373 1168 2396 ut
1202 2366 1233 2396 h.
1257 2365 1277 2397 l.
1303 2366 1402 2396 omnis
1422 2366 1501 2396 enim
1524 2366 1619 2396 absti-

854 2415 970 2451 nentia,
994 2414 1093 2443 omnis
1110 2412 1282 2442 innocentia
1298 2428 1339 2432 -
1354 2410 1534 2449 frugalitate
1548 2419 1619 2441 con-

854 2461 976 2489 tinetur.
1025 2457 1064 2487 V.
1088 2456 1248 2487 Ruhnken.
1276 2453 1394 2484 Dictat.
1426 2453 1458 2484 in
1483 2455 1618 2485 Terent.

856 2503 978 2543 Hecyr.
996 2502 1051 2531 lll.
1075 2501 1098 2535 l,
1117 2499 1156 2529 ti:
1183 2501 1262 2530 Nam
1284 2509 1343 2529 nos
1364 2507 1488 2536 omnm,
1510 2500 1621 2538 quibus

857 2550 898 2578 est
921 2547 1064 2576 alicunde
1095 2546 1208 2583 aliquis
1231 2545 1363 2575 obiectus
1385 2545 1488 2583 labos,
1525 2545 1622 2575 Omne

857 2592 939 2631 quod
973 2594 1015 2621 est
1049 2592 1164 2620 interea
1196 2592 1337 2627 tempus,
1370 2590 1554 2628 priusquam
1588 2588 1621 2618 id

857 2637 1003 2666 rescitum
1033 2637 1093 2672 est,
1130 2633 1220 2664 lucro
1253 2638 1303 2663 est
1340 2632 1444 2674 (quasi
1477 2632 1621 2664 scribere

860 2678 1035 2709 voluisset:
1073 2681 1232 2709 lucramur
1266 2689 1295 2709 v.
1332 2679 1417 2709 lucro
1449 2676 1620 2715 habemus).

860 2726 1044 2757 Ramshorn.
1066 2724 1103 2754 L.
1127 2722 1184 2753 Gr.
1209 2724 1237 2765 ᾗ.
1253 2721 1330 2755 207.
1366 2722 1416 2753 Cf.
1443 2722 1564 2754 Adnot.
1588 2721 1620 2751 in

859 2769 899 2799 V.
923 2768 986 2805 ⁶29,
1012 2779 1062 2810 pr.
1088 2773 1121 2798 et
1151 2769 1310 2799 Bremium
1334 2766 1375 2797 ad
1401 2766 1471 2798 Fin.
1493 2768 1540 2802 11,
1565 2764 1620 2798 33·

861 2824 894 2854 p.
910 2810 977 2845 ‘Li-‘t
993 2824 1063 2856 sqq.
1113 2812 1235 2843 Rursus
1265 2810 1450 2848 admoneo,
1484 2810 1563 2842 talia
1587 2809 1620 2840 in

861 2857 910 2889 his
933 2857 1068 2901 aliisque
1093 2856 1260 2889 Ciceronis
1282 2855 1324 2887 de
1347 2854 1555 2898 philosophia
1578 2853 1620 2884 li-

863 2902 948 2941 bris,
984 2902 1039 2946 qui
1060 2901 1183 2945 dialogi
1207 2902 1315 2933 forma
1339 2899 1512 2943 compositi
1535 2903 1622 2935 sunt,

863 2946 904 2979 de
924 2947 1084 2980 industria
1099 2947 1241 2990 quodam
1263 2945 1363 2978 modo
1386 2943 1534 2988 quaesita
1554 2953 1626 2974 esse
