1832 3137
688 72 852 104 Lissa
879 71 1080 113 v.25,70.
1579 62 1654 124 441

100 150 222 206 spatia
248 150 454 191 definiant:
480 173 536 180 -—
561 150 697 191 horum
722 151 901 191 nimirum
928 152 1132 206 adspectus
1155 151 1304 206 impulit
1329 151 1415 192 illos
1440 158 1596 191 veteres
1623 160 1661 192 et

99 224 323 274 admonuit,
359 230 399 264 ut
422 224 530 278 plura
557 231 804 278 quaererent.
865 222 957 264 lude
980 232 1040 264 est
1066 225 1262 279 indagatio
1290 233 1377 265 nata
1402 224 1599 265 initiorum
1623 232 1661 265 et

99 303 281 350 tanquam
317 297 532 347 seminum,
577 297 677 337 unde
716 304 850 337 essent
889 298 1019 337 omnia
1058 306 1163 348 orta,
1205 306 1413 352 generata,
1459 305 1658 348 concreta,

98 383 274 424 quaeque
301 369 489 424 cuiusque
513 370 671 423 generis
700 370 762 410 vel
794 369 953 409 inanimi
981 371 1040 410 vel
1068 372 1274 411 animantis
1300 372 1360 412 vel
1387 372 1480 411 muti
1518 371 1578 411 vel
1606 372 1660 410 lo-

99 443 252 497 quentis
277 443 411 497 origo,
445 457 542 497 quae
563 443 667 493 vita,
702 443 763 496 qui
785 442 963 482 interitus
987 457 1160 497 quaeque
1185 459 1237 484 ex
1261 445 1336 484 alio
1357 445 1393 484 in
1420 444 1520 484 aliud
1546 444 1661 484 vic-is-

97 516 226 556 situdo
251 523 365 570 atque
389 516 576 567 mutatio3
611 516 712 556 unde
735 523 840 556 terra
861 522 900 554 et
923 515 1059 568 quibus
1089 517 1227 557 librata
1244 520 1263 544 ⁷
1293 517 1543 572 ponderibus,
1577 517 1661 571 qui-

96 589 167 630 bus
194 589 376 630 cavernis
410 589 531 630 maria
563 589 890 639 sustineantur⁸3
934 603 1008 642 qua
1037 590 1167 630 omnia
1200 591 1325 630 delata
1357 591 1549 644 gravitate
1581 604 1661 630 me*

96 668 197 708 dium
224 668 354 708 muudi
378 668 503 708 locum
528 681 683 721 semper
706 673 914 720 expetant,
949 667 1011 720 qui
1034 675 1093 707 est
1114 666 1214 707 iden]
1239 668 1391 708 iniimus
1414 669 1451 708 iu
1475 669 1656 708 rotundo.

208 739 350 781 XXV.
396 747 464 781 70.
500 739 610 779 Haec
628 739 808 779 tractanti
832 739 959 779 animo
988 746 1026 779 et
1051 747 1187 779 noctes
1217 747 1255 779 et
1278 741 1359 780 (lies
1381 741 1565 794 cogitanti
1591 755 1660 781 ex-

94 813 198 853 sistit
213 813 279 853 illa
301 827 322 852 a
339 815 352 838 ¹
380 814 452 853 deo
469 811 630 867 Delphis
653 820 859 867 praecepta
877 813 1064 866 cognitio,
1088 821 1127 853 ut
1143 813 1226 868 ipsa
1245 828 1287 853 se
1308 817 1449 853 niens²
1474 821 1663 867 agnoscat

95 887 417 940 coniunctamque
440 900 526 926 cum
549 886 677 926 divina
701 893 830 926 mente
851 900 893 926 se
916 887 1083 936 sentiat,
1120 901 1172 927 ex
1194 902 1268 941 quo
1292 886 1501 927 insatiabili
1521 888 1660 941 gaudio

93 960 334 1014 compleatur
352 963 388 999 ³.
434 957 522 1012 lpsa
544 959 644 999 enim
670 959 855 1012 cogitatio
878 960 923 999 (le
947 959 986 999 vi
1010 966 1048 999 et
1069 967 1204 999 natura
1228 961 1386 1000 deorum
1410 960 1576 1000 studium
1603 961 1660 1000 in-

95 1033 230 1074 cendit
248 1033 351 1073 illius
377 1032 622 1072 aeternitatis
646 1031 850 1072 imitandi4
876 1046 1001 1086 neque
1024 1046 1067 1073 se
1090 1034 1129 1073 in
1152 1033 1342 1074 brevitate
1369 1033 1469 1073 vitae
1494 1033 1659 1073 colloca-

182 1143 202 1177 7
230 1146 268 1177 D.
300 1156 339 1176 ex
366 1145 416 1176 El.
440 1144 470 1176 2.
505 1144 710 1187 interpolato
743 1147 825 1177 unde
850 1149 932 1176 terra
957 1148 1065 1185 aequis
1089 1147 1157 1177 libr.
1179 1155 1212 1184 p.
1260 1146 1300 1177 V.
1328 1145 1412 1177 Adn.
1470 1143 1492 1177 8
1517 1157 1544 1177 v.
1572 1145 1655 1176 Adn.

91 1191 206 1222 XXV.
256 1189 271 1222 1
300 1190 337 1221 R.
363 1191 396 1221 P.
422 1189 509 1221 Gud.
531 1189 558 1221 1.
586 1190 692 1221 Marb.
717 1202 780 1223 om.
806 1200 846 1229 (15
872 1202 900 1222 V.
925 1190 967 1221 ad
990 1191 1013 1220 l.
1034 1190 1088 1227 24,
1110 1188 1164 1222 54.
1216 1189 1238 1221 2
1261 1191 1353 1221 Unus
1376 1190 1470 1221 Leid.
1495 1202 1574 1221 unus
1600 1192 1658 1221 Ox.

91 1235 191 1267 Vind.
217 1234 245 1266 1.
280 1241 313 1266 et
337 1234 413 1266 edd.
438 1242 518 1266 vett.
545 1234 722 1277 pleraeque
747 1238 815 1274 ipsa
841 1245 871 1266 se
895 1245 980 1267 mens
1002 1238 1086 1267 vitiis
1114 1240 1262 1275 exutam,
1300 1247 1338 1266 ex
1363 1242 1478 1278 aperto
1504 1235 1656 1277 glossem.

92 1279 114 1313 3
141 1282 194 1312 Or.
217 1292 234 1311 e
255 1279 466 1356 coni.dBentl.
491 1281 679 1320 complelur;
712 1291 902 1322 perperam3
937 1290 976 1312 ex
999 1291 1058 1320 quo
1083 1280 1164 1312 bene
1187 1280 1426 1323 interpretatur
1448 1281 1531 1311 Mos.
1556 1283 1601 1311 ita
1626 1284 1657 1311 ut

91 1327 175 1358 inde.
219 1323 241 1357 4
265 1337 295 1357 v.
322 1329 345 1356 A
375 1336 410 1355 n.-

91 1403 201 1443 idem,
235 1403 326 1447 quod
348 1409 513 1435 nostrates
536 1403 622 1435 male
643 1415 703 1446 per
728 1406 861 1444 exempli
897 1404 1008 1435 Duisb.
1028 1403 1128 1436 duob.
1144 1404 1222 1436 Pall.
1237 1404 1306 1437 Col.
1328 1404 1401 1436 cod.
1422 1411 1487 1435 vet.
1504 1405 1605 1435 Goth.
1624 1411 1658 1435 et

90 1451 196 1489 9ratia
229 1449 412 1492 exprimere
443 1448 561 1480 solent.
613 1449 660 1480 De
695 1460 730 1480 re
763 1449 806 1480 cf.
833 1450 858 1480 Ι.
896 1449 1118 1491 compluribus
1150 1449 1225 1480 edd.
1252 1455 1332 1481 vett.
1361 1449 1465 1480 edidit
1497 1451 1658 1489 sustineat,

91 1494 146 1534 28,
166 1492 242 1532 68.;
268 1493 309 1525 de
328 1494 429 1525 verbo
449 1495 638 1533 conyruendi
662 1506 692 1525 v.
714 1493 757 1525 ad
780 1495 808 1532 l,
828 1493 859 1526 3.
894 1494 1093 1525 sententiam
1108 1494 1156 1525 sic
1171 1494 1354 1536 explicans:
1380 1493 1572 1536 „quomodo
1590 1494 1656 1531 fiat,

160 1543 272 1579 septem
306 1538 387 1581 alia]
426 1538 575 1569 Ple-netas
612 1550 684 1569 cum
719 1539 790 1570 sole
826 1546 859 1570 et

91 1583 169 1615 luna
192 1583 358 1626 intelligit.
411 1584 461 1614 Cf.
486 1594 584 1625 supra
609 1585 634 1614 Ι.
659 1586 721 1622 ἳὸ,
743 1583 797 1615 60⁵.

156 1632 228 1660 rata
249 1647 294 1652 -——
310 1631 359 1660 sui
379 1638 487 1660 cursus
507 1628 625 1671 spatia]
651 1627 858 1660 Vocabulum

91 1677 180 1705 ratus
211 1673 381 1716 proprium
415 1679 464 1704 est
499 1672 540 1703 de
573 1672 716 1704 siderum
752 1684 855 1706 cursu.

91 1718 134 1750 N.
158 1719 198 1750 D.
220 1720 259 1750 11.
282 1718 344 1757 36,
368 1718 429 1751 97:
455 1724 522 1748 tam
545 1724 652 1749 certos
678 1717 758 1749 caeli
781 1729 857 1750 mo—

91 1770 164 1804 tus,
189 1770 258 1794 tam
277 1767 362 1795 ratos
383 1770 545 1794 astrorum
571 1762 721 1794 ordines:
749 1762 802 1793 ubi
823 1775 854 1794 v.

90 1810 306 1849 Heindorfium
326 1820 357 1851 p.
372 1809 449 1841 210.
487 1807 568 1839 [bid.
589 1820 616 1838 c.
630 1807 691 1840 37:
717 1807 750 1839 in
769 1807 858 1839 omni

91 1853 289 1885 aeternitate
312 1858 398 1885 ratos
428 1852 713 1894 immutabilesque
737 1864 857 1884 cursuS.

93 1909 121 1930 c.
144 1898 205 1929 20:
243 1905 351 1930 motus
376 1904 566 1929 constantes
591 1904 624 1928 et
653 1904 754 1929 ratos.
805 1897 855 1929 Cf.

94 1944 254 1983 lVophens.
279 1944 388 1974 Lectt.
411 1942 498 1974 Tull.
526 1944 573 1980 ll,
598 1942 628 1975 7.
656 1954 688 1984 p.
706 1944 772 1975 ‘3550
785 1955 833 1985 sq.

157 1988 320 2030 nimirum]
345 1988 387 2018 H.
401 1999 429 2018 e.
450 1987 566 2018 horum
583 1987 775 2029 adspectum
792 1999 856 2019 non

90 2038 141 2064 est
165 2032 282 2064 mirum
306 2032 474 2074 impulisse
498 2032 572 2064 illos
608 2039 670 2064 etc.
718 2033 758 2063 V.
785 2032 857 2064 Ad-

90 2083 206 2109 notatu
230 2077 263 2108 in
291 2078 314 2109 l.
336 2079 397 2116 22,
423 2079 477 2109 52.

157 2124 239 2154 uuile
258 2126 340 2154 terra
354 2126 380 2154 et
393 2124 502 2162 quibus
518 2122 596 2165 etc.]
623 2122 855 2153 Billerbeckius

90 2167 190 2198 verba
212 2167 261 2198 sic
283 2167 462 2199 construit:
496 2169 575 2199 unde
598 2171 625 2199 et
647 2170 757 2207 quibus
777 2178 855 2207 pon-

90 2213 213 2244 deribus
233 2214 347 2244 librata
373 2215 410 2244 sit
432 2217 537 2252 terra,
572 2219 606 2243 ut
628 2212 753 2243 scilicet
779 2219 855 2243 tau-

91 2257 217 2299 tologia
242 2257 373 2289 vitetur.
424 2258 492 2298 Ego
519 2269 597 2289 vero
633 2269 704 2289 cum
732 2257 854 2289 Orellio

91 2309 169 2345 post
186 2302 304 2333 veiha:
330 2303 411 2333 unde
432 2306 514 2333 terra
534 2302 754 2344 supplendum
774 2310 853 2344 puto

89 2349 149 2387 sit3
174 2346 313 2388 primum
326 2346 412 2377 euim
427 2346 524 2377 verba
544 2349 626 2378 unde
645 2351 726 2378 [erra
742 2349 855 2378 librata

91 2394 131 2423 sit
155 2391 343 2422 obscuriora
367 2397 461 2424 sunt.
490 2398 558 2421 tum
584 2395 665 2422 terra
691 2391 720 2422 h.
742 2391 761 2422 l.
790 2403 854 2433 op-

91 2435 227 2478 ponitur
249 2435 357 2467 verbis
379 2435 669 2466 antecedentibus:
706 2438 787 2467 unde
810 2447 854 2468 es-

90 2485 155 2514 sent
188 2483 327 2512 omnia
362 2478 412 2523 (τὸ
447 2480 522 2519 πᾶν)
557 2485 634 2511 orta.
681 2481 854 2512 Sententia

91 2533 161 2558 est:
200 2525 357 2568 indagare
380 2524 568 2563 studemus,
605 2524 690 2556 unde
716 2532 786 2556 orta
812 2525 855 2556 sit

37 2590 41 2591 ν
89 2577 198 2610 terra,
235 2577 268 2602 et
291 2570 345 2613 qui
369 2570 445 2607 fiat,
481 2577 515 2600 ut
536 2570 601 2600 suis
625 2569 742 2601 librata
766 2582 853 2614 pon-

93 2615 225 2648 deribus
249 2615 359 2647 medio
384 2615 416 2646 in
442 2618 516 2646 affre
540 2614 694 2657 pendeat.

158 2660 380 2704 sustineantur]
419 2660 473 2692 Sic
507 2659 591 2691 Gud.
618 2661 713 2691 11.¹.’.
747 2659 853 2691 Marb.

91 2705 184 2737 Mon.
208 2705 235 2737 1.
262 2707 347 2737 Petr.
373 2705 522 2748 plerique
546 2712 581 2735 ut
604 2705 688 2736 vdtr.
712 2708 794 2735 Oxx.
821 2712 854 2736 et

91 2749 267 2792 pleraeque
291 2750 366 2782 edd.
391 2757 494 2785 vett.;
523 2748 640 2781 eodem
665 2749 756 2779 ‹lucit
776 2761 853 2787 scr.‚

93 2805 176 2836 quae
197 2801 247 2825 est
267 2795 298 2826 in
321 2796 358 2826 R.
382 2796 416 2826 P.
438 2796 512 2826 Vat.
539 2794 639 2825 duob.
662 2794 759 2831 l’all.‚
785 2805 852 2826 sus—

90 2841 228 2878 tineant,
251 2840 340 2882 quod
359 2840 458 2871 facile
479 2852 518 2871 ex
541 2850 648 2881 comp.
672 2842 854 2871 sustineant'

93 2883 128 2926 (i.
141 2895 168 2915 e.
189 2884 422 2926 sustineantur)
448 2885 525 2917 oriri
546 2883 666 2927 potuit.
712 2883 850 2916 Orellius

89 2939 117 2960 c.
141 2927 242 2962 duob.
264 2931 344 2962 Oxx.
366 2930 466 2965 Vind.
485 2930 560 2964 1.2.
583 2928 689 2962 Rehd.
709 2929 801 2962 Mon.
816 2931 847 2962 ζ).

870 2523 1006 2567 ‘gaudia
1018 2551 1026 2563 ‚

895 1545 929 1570 ut
953 1546 1021 1570 tam
1055 1539 1230 1582 profundis
1265 1539 1411 1570 cavernis
1440 1546 1526 1570 terra
1556 1539 1658 1570 maria

893 1584 939 1615 ita
957 1584 1116 1615 sustineat
1128 1610 1135 1621 ,
1160 1591 1193 1615 ut
1214 1596 1380 1627 nunquam
1398 1583 1585 1615 redundent
1602 1595 1658 1615 se-

892 1640 993 1671 seque
1017 1629 1226 1660 elt't111dant.“
1276 1629 1382 1660 Etiam
1404 1631 1601 1660 Klotzius
1625 1635 1657 1659 et

894 1676 917 1705 T
927 1684 943 1705 r
954 1684 968 1705 e
978 1685 997 1714 9
1007 1676 1027 1705 d
1038 1684 1052 1705 e
1062 1685 1078 1705 r
1089 1677 1297 1706 sustineantur
1308 1680 1556 1705 revocaverunt.
1578 1675 1657 1705 Por-

893 1730 931 1750 ro
953 1730 1013 1760 pro
1031 1721 1135 1758 inqua
1149 1722 1265 1757 omnia,
1290 1719 1334 1749 uti
1348 1718 1381 1749 in
1399 1719 1549 1749 omnibus
1566 1718 1656 1749 libris

892 1763 1030 1804 legitur⁷
1067 1775 1093 1794 c.
1121 1764 1158 1793 D.
1182 1770 1215 1794 et
1237 1765 1294 1794 Tr.
1325 1762 1413 1794 edidi
1447 1773 1509 1802 qua
1538 1766 1655 1802 omnia,

893 1809 1022 1839 abiecta
1044 1808 1159 1838 vocula
1184 1811 1236 1847 in,
1271 1819 1352 1850 quae
1377 1808 1474 1838 facile
1497 1819 1536 1838 ex
1558 1814 1655 1838 unte—

895 1853 1024 1884 eedenti
1046 1855 1254 1884 sustineantur
1275 1853 1350 1883 oriri
1376 1852 1506 1894 potuit,
1534 1858 1569 1882 ut
1593 1862 1655 1891 qua

894 1898 1074 1929 referretur
1096 1897 1137 1928 ad
1160 1909 1188 1929 v.
1210 1900 1374 1937 gyravitale.
1425 1897 1458 1927 Si
1483 1896 1601 1938 legitur
1624 1899 1655 1929 in

893 1954 976 1983 qua,
1003 1954 1183 1983 pronomen
1206 1942 1378 1973 relativum
1400 1942 1442 1973 ad
1465 1947 1577 1973 terram
1599 1953 1655 1972 re—

894 1987 1067 2019 ferendum
1091 1994 1158 2018 est:
1198 1987 1282 2018 unde
1307 1987 1477 2018 durissima
1511 1986 1655 2018 nascitur

892 2040 1065 2064 structura.
1115 2032 1188 2063 Huc
1211 2032 1360 2070 accedit,
1395 2039 1449 2069 ut,
1483 2031 1510 2062 si
1534 2031 1655 2062 statui-

891 2089 961 2109 mus
977 2078 1056 2109 duas
1073 2076 1204 2108 ultimas
1225 2077 1352 2108 litteras
1373 2076 1463 2108 verbi
1482 2079 1655 2108 sustinean-

890 2127 940 2154 tur
960 2135 977 2154 a
1003 2122 1142 2154 librariis
1166 2122 1199 2152 in
1224 2122 1504 2164 praepositionem
1525 2124 1557 2152 in
1580 2132 1654 2152 mu—

891 2174 977 2199 tatas
1000 2180 1089 2205 esse,
1116 2166 1214 2198 facite
1234 2167 1455 2210 intelligutur,
1483 2165 1568 2197 unde
1589 2178 1652 2197 scr.

891 2216 1060 2245 sustineant
1091 2219 1162 2244 orta
1192 2212 1243 2242 sit.
1293 2213 1340 2242 De
1362 2224 1396 2243 re
1417 2211 1488 2252 ipsa
1511 2211 1553 2243 cf.
1577 2222 1654 2241 eru-

890 2257 993 2289 ditum
1028 2256 1293 2289 observationem
1330 2258 1476 2288 Ochsneri
1510 2255 1551 2285 ud
1582 2254 1651 2285 Ecl.

893 2302 957 2333 Cic.
986 2315 1017 2345 p.
1037 2304 1165 2343 '35034
1217 2302 1369 2331 Ceterum
1395 2312 1455 2343 pro
1480 2302 1654 2331 sustinean-

889 2351 940 2378 tur
975 2353 1144 2388 exspectes
1179 2348 1421 2384 sustinerentur,·
1463 2345 1506 2376 cf.
1542 2343 1652 2386 paullo

890 2398 967 2422 ante
991 2393 1072 2423 unde
1096 2395 1235 2423 essent.
1258 2393 1363 2422 omnia
1387 2394 1464 2421 orta.
1512 2388 1654 2420 Dessexit

889 2436 989 2478 igitur
1014 2438 1047 2467 C.
1071 2447 1089 2466 a
1114 2442 1233 2476 coepta
1258 2442 1432 2466 structura.

960 2481 1036 2511 CAP.
1054 2481 1163 2512 XXV.
1188 2482 1214 2521 gi.
1232 2480 1283 2512 70.
1331 2480 1430 2522 Haec]
1467 2482 1653 2522 Sequuntur

1075 2537 1157 2568 quae
1190 2525 1288 2556 affert
1319 2524 1462 2556 studium
1495 2524 1651 2567 philoso-

888 2570 986 2613 phiae
1011 2570 1152 2601 moralis.

956 2619 982 2647 et
1002 2620 1103 2647 noctes
1125 2619 1150 2646 et
1174 2615 1253 2655 dies]
1279 2615 1318 2644 V.
1345 2613 1387 2646 ad
1411 2615 1465 2646 IV.
1488 2613 1549 2653 31,
1574 2613 1628 2646 65.

953 2662 1077 2700 Delphis
1098 2660 1276 2702 praecepta]
1300 2660 1341 2691 H.
1364 2671 1392 2691 e.
1415 2659 1470 2690 illa
1494 2658 1650 2701 cognitio,

889 2716 971 2747 quae
994 2705 1129 2747 Delphis
1152 2711 1328 2747 praecepta
1351 2711 1411 2736 est.
1447 2705 1520 2735 1100
1541 2702 1650 2733 monui

890 2750 932 2781 ob
945 2750 1115 2791 W'olliuin,
1139 2749 1192 2792 qui
1214 2749 1467 2792 interpretatur:
1494 2749 1649 2786 Delphico,

887 2797 940 2835 qui
963 2797 1088 2834 Delphis
1112 2797 1230 2827 colitur.

955 2842 1093 2872 studium
1112 2841 1246 2872 incendit
1266 2841 1348 2870 illius
1370 2838 1559 2869 aeternitatis
1579 2837 1650 2866 imi-

885 2887 988 2927 tandi]
1010 2885 1064 2917 Sic
1080 2885 1118 2917 R.
1134 2886 1168 2916 P.
1186 2883 1272 2915 Gud.
1289 2884 1314 2915 l.
1332 2884 1406 2914 Vnt.
1425 2879 1527 2911 Relid.
1543 2879 1647 2911 Murb.

885 2930 976 2964 Mon.
994 2932 1022 2964 l.
1035 2930 1067 2963 2.
1089 2929 1185 2962 Fabr.
1208 2928 1350 2972 quinque
1368 2925 1449 2958 Pall.
1466 2924 1556 2956 Med.
1571 2923 1650 2956 Bak.
