1832 3137
8 311 64 334 a„
139 284 263 329 XXI.

1533 24 1585 64 97

28 145 102 186 erit
134 146 287 197 praeter
309 136 504 180 animum,
551 130 651 170 nulla
677 140 741 168 res
773 125 925 165 obiecta
957 121 1162 176 impediet,
1204 132 1279 173 quo
1308 117 1432 156 minus
1464 113 1587 168 perci—

624 46 1005 86 L113ER1.21,45.

15 219 166 285 ‘teum
200 211 312 267 quale
343 207 510 263 quidque
542 205 606 245 sit.
1169 247 1177 250 ο

334 279 524 335 Quamvis
563 275 721 330 copiose
763 273 858 312 baec
898 271 1138 317 diceremus,
1179 265 1212 306 si
1253 277 1316 304 res
1357 259 1585 316 postularet,

28 377 143 420 quam
174 359 317 408 multa,
362 368 474 409 quarn
509 350 643 399 varia,
686 352 828 400 quanta
859 342 1080 397 spectacula
1117 340 1268 380 animus
1302 336 1342 376 in
1373 334 1469 375 locis
1501 345 1590 373 oae-

30 435 193 480 lestibus
233 437 340 493 esset
380 427 595 469 habiturus.
667 426 736 462 48.
785 415 899 470 Quae
938 413 1090 468 quidem
1129 411 1303 465 cogitans
1333 409 1442 449 soleo
1472 419 1590 460 saepe
1624 413 1626 417 ’

29 509 164 553 mirari
196 503 468 547 nonnullorum
506 493 750 538 insolentiam
781 488 1120 545 philosophorum,
1162 484 1224 539 qni
1267 490 1428 523 naturae
1458 479 1591 532 cogni-

32 584 178 624 tionem
212 577 454 620 admirantur
489 572 651 623 eiusque
682 563 878 606 inventori
905 568 944 602 et
976 558 1138 615 principi
1168 556 1314 611 gratias
1346 554 1593 595 exsultantes

33 663 152 711 agunt
184 664 348 705 cumque
376 650 617 688 venerantur
643 647 682 681 ut
710 640 838 679 deum.
900 633 1110 675 Liberatos
1137 631 1237 670 cuim
1271 642 1313 668 se
1337 641 1404 682 per
1425 640 1513 666 eum
1539 626 1595 664 di-

34 736 128 770 eunt
164 722 407 782 gravissimis
445 716 637 764 dominis,
688 721 842 752 terrore
867 712 880 735 ¹
922 706 1160 760 sempiterno
1205 709 1244 742 et
1275 701 1412 740 diui-uo
1445 714 1489 737 ae
1526 711 1594 736 uo-

36 811 175 844 eturno
205 804 324 839 metu.
389 792 478 847 Quo
506 788 686 830 terrore?
729 799 804 839 quo
837 782 967 823 metu?
1007 792 1106 833 quae
1133 783 1191 818 est
1218 788 1315 814 anus
1348 780 1423 813 tam
1457 771 1593 817 delira,

37 889 136 930 quae
158 874 290 913 timeat
313 870 403 917 ista,
438 878 535 920 quae
559 875 631 904 vos
657 859 860 907 videlicet,
895 855 926 896 si
960 852 1119 909 physica
1152 863 1228 890 non
1261 844 1517 894 didicissetis,
1550 843 1596 882 ti-

39 948 197 990 meretis
206 949 226 988 ‘z’

130 1098 152 1131 6
179 1097 261 1130 cod.
287 1093 440 1127 cantabr.
465 1090 652 1131 perspiciat,
684 1093 719 1117 ut
741 1083 826 1115 coni.
854 1080 980 1112 Beria:

41 1146 142 1178 XXI.
192 1143 206 1174 1
234 1154 264 1173 v.
288 1139 373 1172 Adn.

43 1234 195 1268 <zabulum
224 1229 493 1271 philosophorum,
525 1224 557 1254 iu
582 1233 646 1265 quo
669 1225 806 1252 seuten-

43 1281 110 1312 tiae
142 1276 270 1320 pondus
300 1273 442 1316 positum
470 1275 539 1306 est,
576 1267 733 1298 reiectum
758 1269 809 1294 est

43 1326 79 1357 in
102 1321 277 1355 clausulam
301 1313 554 1351 enuntiationis,
590 1319 625 1342 ut
654 1320 751 1351 supra
775 1306 807 1345 6,

48 1370 121 1407 11.,
159 1366 211 1398 ubi
235 1377 265 1396 v.
292 1363 376 1395 Adn.
427 1360 578 1390 Ceterum
612 1355 709 1387 facile
737 1351 808 1396 quis

45 1418 201 1457 quaerat,
237 1419 380 1452 quonam
399 1412 556 1447 tanquam
576 1399 707 1433 vinculo
729 1408 809 1430 sen-

46 1457 171 1490 tentiae
194 1453 428 1487 antecedentes
450 1460 522 1480 cum
546 1447 591 1478 eis
606 1472 614 1486 ,
639 1456 721 1488 quae
743 1443 810 1474 iam

47 1508 247 1546 sequuntur,
284 1496 480 1530 constrictae
510 1497 696 1524 teneantur.
743 1487 808 1519 Ni-

48 1548 166 1580 mirum
204 1543 372 1588 superiore
413 1537 640 1582 dispntatioue
678 1533 755 1565 inde
791 1543 809 1562 a

48 1606 77 1626 c.
97 1592 146 1630 18,
168 1588 221 1623 4⁴2.
254 1588 382 1621 Tullius
401 1584 482 1617 illud
502 1583 729 1614 demonstrare
750 1588 811 1609 co-

50 1644 146 1670 natus
169 1642 238 1673 est,
275 1645 314 1665 ex
340 1637 491 1664 accurata
519 1634 552 1659 et
575 1624 724 1668 diligenti
750 1634 812 1653 na-

49 1690 142 1715 turae
165 1678 353 1722 cognitione
375 1676 555 1708 animorum
579 1668 812 1703 immortalita-

50 1735 120 1760 tem
143 1724 252 1767 colligi
276 1734 383 1767 posse.
416 1719 547 1752 Etenim
570 1717 715 1748 futurum
734 1723 816 1750 csse,

52 1778 90 1804 ut
112 1770 231 1809 animi,
263 1779 362 1812 quum
383 1778 400 1798 e
427 1775 568 1807 corpore
591 1759 816 1794 excessissent,

54 1816 192 1849 sublime
222 1814 388 1846 ferrentur
417 1817 450 1842 et
482 1810 514 1840 in
541 1804 736 1839 caelestibus
761 1812 817 1832 re-

55 1860 208 1905 gionibus
225 1866 371 1891 naturam
386 1855 435 1887 sui
451 1853 591 1885 similem
607 1847 720 1891 adepti
737 1845 817 1877 sub-

56 1907 223 1939 sisterent.
273 1902 323 1933 Ad
348 1901 435 1932 hanc
465 1897 653 1940 opinionem
685 1899 819 1923 naturae.

57 1948 340 1992 contemplatione
359 1955 458 1988 quum
478 1948 593 1984 aperte
609 1937 819 1973 adducamur,

58 1995 214 2040 profecto
234 1993 344 2023 facere
363 2000 430 2021 non
451 1996 634 2030 possumus,
660 1982 737 2025 quin
756 1980 821 2011 mi—

60 2051 169 2072 remur
184 2037 418 2080 Epicureorum
432 2030 654 2066 insolentiam,
679 2027 744 2069 qui,
768 2033 821 2056 ta—

62 2083 158 2116 metsi
184 2089 318 2114 naturae
340 2078 532 2122 cognitione
560 2074 742 2117 gloriantur
765 2082 823 2101 ea-

63 2140 126 2172 que
149 2128 189 2160 ab
211 2126 299 2159 omni
318 2123 553 2167 superstitione
574 2116 825 2163 praeceptisque

64 2173 107 2206 de
129 2179 215 2204 statu
240 2172 351 2203 futuro
375 2165 584 2211 opinionibus
611 2163 768 2195 liberatos
790 2171 825 2191 se

67 2218 191 2255 dicunt,
213 2223 323 2247 tamen
345 2212 425 2245 nihil
448 2210 536 2243 aliud
558 2222 575 2241 e
599 2214 734 2240 naturae
754 2211 827 2236 stu-

69 2262 125 2293 dio
157 2261 362 2295 didicerunt,
398 2256 460 2288 nisi
485 2267 541 2294 sc,
577 2264 675 2296 quum
699 2259 828 2292 tempus

72 2306 185 2337 mortis
219 2304 381 2340 venisset,
418 2307 510 2332 totos
546 2310 615 2329 esse
651 2296 828 2339 perituros.

72 2351 193 2382 Totam
223 2348 309 2379 haim
338 2346 379 2376 de
401 2343 570 2386 Epicureis
596 2341 830 2383 digressionem

75 2394 116 2426 ab
137 2394 202 2425 hoc
224 2392 299 2423 loco
321 2389 457 2421 alienam
481 2386 622 2429 quodam
643 2385 741 2416 modo
761 2394 831 2414 esse

75 2438 126 2471 vel
148 2444 236 2469 ceite
258 2434 386 2477 longius
409 2431 607 2468 arcessitam,
634 2429 744 2471 negari
766 2438 831 2458 non

75 2489 204 2527 potestz
238 2480 315 2519 sed,
341 2477 427 2521 quod
452 2475 562 2519 paullo
583 2480 678 2505 antea
701 2471 832 2503 monui-

75 2539 158 2565 mus,
184 2527 309 2562 (Yicero,
336 2523 518 2564 ubicunque
538 2517 668 2549 occasio
686 2516 834 2553 offertur,

77 2584 158 2605 vana
186 2579 283 2614 atque
306 2567 415 2600 inania
439 2565 533 2598 huius
559 2561 750 2604 disciplinae
774 2559 835 2590 de—

78 2623 167 2649 creta
191 2625 323 2658 carpere
348 2619 381 2644 et
404 2610 577 2643 traducere
599 2606 721 2638 studet.

155 2674 278 2710 eiusque
311 2670 462 2701 inventori
484 2684 526 2690 —
550 2668 580 2695 ut
613 2663 719 2694 deum?
762 2658 839 2690 tllu-

82 2718 216 2748 strando
251 2714 325 2746 huic
355 2714 431 2745 loco
456 2709 585 2753 egregie
611 2705 747 2738 inservit.
772 2704 840 2734 Lu-

84 2759 202 2792 cretius
235 2761 274 2790 V.
298 2761 320 2791 ὅ
340 2769 409 2800 sq.,
447 2756 500 2787 ubi
535 2753 691 2796 Epicurus
726 2747 844 2780 divinis

86 2803 220 2836 ott'enur
242 2803 410 2835 laudibus:

132 2876 175 2882 —-
199 2860 277 2890 Deus
299 2858 355 2890 ille
380 2857 462 2896 fuit,
488 2858 587 2887 Deus.
618 2871 654 2875 —
682 2869 722 2874 —

154 2911 202 2940 ed.
219 2916 339 2947 quana.

1015 1085 1050 1109 at
1074 1077 1207 1117 vulgata
1234 1073 1360 1115 optime
1388 1082 1457 1101 sese
1489 1069 1599 1101 habet.

887 1214 950 1255 Qui
984 1213 1138 1256 princeps
1165 1209 1253 1241 vitae
1285 1207 1447 1239 rationem
1478 1202 1606 1234 invenit

1317 1263 1409 1291 eam,
1435 1260 1518 1292 quae

886 1305 985 1337 Nunc
999 1300 1186 1345 appellatur
1202 1296 1384 1341 sapienti-<13
1410 1293 1532 1337 quippe
1548 1304 1607 1335 per

1319 1348 1424 1373 artem

888 1392 1056 1426 Fluctibus
1079 1402 1096 1421 e
1118 1389 1220 1421 tantis
1240 1388 1343 1420 vitam
1365 1383 1531 1425 tantisque
1555 1388 1607 1413 te·-

1321 1430 1430 1462 nebris

889 1487 926 1517 In
950 1490 1018 1515 tam
1043 1479 1221 1524 tranquilla
1254 1484 1288 1509 et
1319 1483 1388 1553 {am
1419 1474 1510 1525 clara
1538 1472 1610 1503 lnce

1334 1526 1454 1553 ocavtt.

848 1575 917 1608 Cfr.
944 1574 1059 1605 Cicero
1085 1571 1127 1602 N.
1151 1571 1190 1602 D.
1215 1570 1240 1600 1.
1269 1566 1326 1605 16,
1353 1564 1407 1598 43.

911 1628 1064 1671 principi]
1083 1628 1126 1659 H.
1141 1638 1168 1658 e.
1188 1624 1280 1668 quasi
1298 1622 1347 1665 τῷ
1367 1618 1552 1662 κορυφαίῳ,
1579 1623 1614 1648 ut

850 1676 953 1710 Acad.
980 1676 1020 1706 ll.
1047 1673 1108 1709 43,
1137 1670 1216 1704 13¹2:
1254 1667 1373 1711 (Zeno)
1399 1666 1555 1696 inventor
1580 1668 1614 1694 et

849 1722 1003 1766 princeps
1028 1717 1218 1749 Stoicorum
1243 1713 1317 1745 suit.

919 1781 1032 1808 terrore
1050 1791 1095 1797 -—
1119 1770 1215 1813 metu]
1241 1771 1281 1800 V.
1305 1767 1392 1798 infra
1417 1766 1469 1796 IV.
1494 1764 1534 1799 ὃ,
1563 1762 1614 1794 19.

852 1823 915 1853 Pro
940 1825 1050 1851 terrore
1084 1817 1139 1847 hic
1171 1822 1205 1845 et
1229 1813 1340 1856 paullo
1364 1816 1439 1853 post
1463 1809 1618 1840 Bentleius

853 1864 1029 1907 legendum
1043 1859 1310 1896 conieciterrore‚
1332 1867 1398 1887 non
1410 1854 1516 1885 solum
1529 1850 1617 1883 nulla

855 1915 995 1952 cogente
1029 1905 1245 1942 necessitate,
1281 1901 1340 1933 sed
1373 1900 1471 1931 etiam
1496 1896 1618 1928 adver-

854 1962 948 1987 sante
980 1948 1226 1995 quodammodo
1258 1947 1323 1979 loci
1352 1942 1535 1979 sententia,
1572 1939 1619 1971 uti

856 2012 895 2032 ex
920 1998 1028 2030 verbis
1051 1993 1324 2037 subsequentibus
1355 1990 1443 2021 clare
1470 1991 1619 2029 apparet.

859 2043 1027 2077 Laudatur
1058 2039 1189 2083 quidem
1212 2038 1285 2069 Fin.
1309 2038 1332 2067 Ι.
1354 2036 1395 2072 ὃ,
1423 2030 1470 2065 l-l.
1496 2031 1621 2073 Epicu-

858 2101 911 2122 rus
924 2114 932 2128 ,
956 2086 1046 2130 quod
1066 2083 1214 2117 maximis
1235 2083 1388 2114 erroribus
1408 2077 1534 2109 animos
1555 2075 1620 2106 ho-

859 2134 982 2166 minum
1003 2129 1212 2163 libe1·ave1·it;
1237 2126 1296 2158 sed
1317 2124 1411 2156 huius
1432 2121 1495 2153 loci
1516 2119 1622 2151 ratio-

860 2191 935 2212 nem
959 2178 1058 2220 longe
1081 2175 1177 2208 aliam
1202 2183 1272 2204 esse
1295 2182 1334 2202 ac
1357 2167 1481 2203 nostri,
1518 2164 1622 2196 veris-

861 2225 943 2256 sime
977 2219 1166 2254 observavit
1189 2218 1338 2249 Klotzius.
1397 2213 1511 2251 Neque
1544 2218 1623 2250 vero

863 2269 963 2300 verba
995 2265 1189 2306 gravissimis
1222 2260 1356 2292 dominis
1387 2255 1429 2287 ad
1464 2265 1493 2285 v.
1525 2260 1625 2283 errore

865 2312 1039 2345 convenire
1064 2309 1226 2340 vidrntnr.
1607 2334 1610 2335 ⁷

933 2355 1086 2394 videlicet]
1122 2353 1162 2382 H.
1186 2361 1214 2380 e.
1238 2346 1351 2378 videre
1374 2344 1469 2381 licet,
1505 2341 1627 2373 ohscu-

867 2414 936 2435 rum
958 2411 1023 2431 uon
1045 2404 1104 2433 est,
1127 2395 1248 2436 ntique.
1284 2390 1340 2421 Uti
1361 2389 1393 2420 h.
1406 2389 1438 2427 l.‚
1463 2386 1510 2417 sic
1529 2395 1628 2425 saepe

868 2448 902 2478 in
922 2441 1084 2477 sententia
1107 2450 1178 2471 cum
1198 2436 1350 2468 irrisione
1379 2432 1518 2476 quadam
1539 2429 1627 2460 dicta

868 2489 1013 2534 ponitur.
1063 2484 1151 2516 infra
1180 2484 1218 2512 V.
1242 2480 1305 2517 36,
1332 2479 1411 2511 105:
1450 2476 1509 2507 scd
1541 2472 1628 2515 apud

870 2535 951 2566 alios
969 2530 1058 2573 loqui
1073 2530 1212 2561 videlicet
1230 2524 1391 2557 didicerat
1412 2519 1628 2564 (Demosthe-

871 2578 961 2618 nes),
997 2586 1063 2606 non
1088 2573 1225 2604 multum
1246 2570 1316 2612 ipse
1343 2578 1464 2599 secum.
1512 2565 1564 2596 Cs.
1590 2563 1630 2594 ll.

874 2623 905 2661 34,
934 2622 982 2654 11.
1016 2621 1072 2650 Ill.
1099 2618 1149 2657 1¹2,
1174 2616 1228 2649 26.
1275 2614 1367 2646 Idem
1387 2611 1476 2643 cadit
1496 2610 1529 2640 in
1550 2619 1632 2650 par-

874 2666 991 2698 ticulas
1014 2666 1145 2701 scilicet,
1168 2663 1316 2694 nimirum
1329 2683 1338 2698 ,
1359 2666 1487 2696 nempe,
1508 2655 1631 2693 qnippe.

877 2713 916 2742 V.
951 2709 1094 2742 indicem
1126 2707 1177 2738 his
1210 2717 1260 2737 vv.
1317 2704 1358 2734 V.
1397 2700 1556 2737 Heindorf.
1591 2694 1632 2725 ad

877 2757 995 2788 Horat.
1016 2756 1083 2785 Sat.
1108 2753 1132 2784 1.
1157 2752 1203 2787 10,
1227 2751 1254 2782 1.
1281 2751 1321 2781 Π.
1341 2746 1374 2781 3,
1398 2744 1466 2777 106.
1491 2749 1524 2773 et
1545 2739 1633 2771 alibi.

878 2802 1061 2834 Bam-show.
1083 2798 1121 2829 L.
1138 2797 1196 2828 Gn
1217 2797 1245 2838 ξ.
1264 2792 1333 2826 172.
1369 2791 1503 2823 Kizhner.
1523 2787 1561 2817 L.
1576 2783 1633 2813 Gr³

882 2848 910 2889 ᾗ,
930 2844 1010 2883 133,
1033 2845 1065 2875 ¹2.
1090 2842 1130 2884 A)
1155 2841 1200 2881 c).

1347 2886 1367 2920 7
