1863 3221
218 77 303 120 322

219 179 313 208 sane
333 170 558 213 occurrunt,
592 175 661 202 cur
681 174 726 200 ea
747 173 898 214 quoque
916 159 1104 200 arcessita
1119 163 1136 186 ³
1156 160 1327 211 aliunde,
1361 175 1487 215 neque
1508 162 1632 202 solum
1656 175 1776 216 expe-

221 240 311 289 tita,
345 238 412 278 sed
438 237 551 276 etiam
581 240 813 274 conservata
838 240 875 272 et
896 233 998 273 culta
1023 233 1242 272 videantur.

820 81 988 113 LIBER
1015 82 1069 114 lv.
1098 81 1136 121 1,
1161 82 1192 114 2.

1305 232 1400 273 Erat
1427 234 1529 274 enim
1552 234 1627 275 illis
1652 249 1776 289 paene

219 313 258 353 in
286 315 495 364 conspectu
516 302 730 362 praestanti
753 306 940 361 sapientia
963 313 1001 345 et
1028 305 1228 345 nobilitate
1251 304 1517 360 Pythagoras,
1552 307 1616 361 qui
1643 308 1714 347 fuit
1738 307 1777 347 in

221 384 332 424 ltalia
359 381 595 435 temporibus
618 380 778 431 iisdem,
820 379 957 433 quibus
984 377 1035 418 L.
1059 377 1205 418 Brutus
1230 378 1390 432 patriam
1424 379 1629 430 liberavit,
1672 393 1783 433 prae-

221 458 347 497 clarus
367 462 504 496 auctor
524 452 734 493 nobilitatis
752 459 854 492 tuac.
919 450 1165 506 Pythagorae
1185 458 1312 491 autem
1335 451 1508 492 doctrina
1531 467 1645 506 quum
1666 453 1782 506 longe

222 531 376 582 lateque
397 528 556 577 flueret,
590 525 880 580 permanavisse
910 524 1000 564 mihi
1030 524 1185 564 videtur
1208 524 1245 564 in
1273 524 1369 564 banc
1397 525 1619 575 civitatem,
1664 525 1780 579 idque

222 603 370 656 quun14
400 599 625 640 coniectura
649 598 844 653 probabile
868 604 950 646 est,
985 604 1063 637 tuin
1090 597 1317 651 quibusdam
1346 597 1463 637 eliani
1484 598 1660 651 vestigiis
1683 597 1782 638 indi-

223 682 346 715 catur.
409 672 508 727 Quis
530 672 630 712 enim
655 674 747 712 est-'²
766 703 776 723 ,
811 671 873 726 qui
896 678 1026 726 putet,
1061 685 1175 724 quum
1200 670 1358 710 floreret
1380 670 1417 710 in
1440 669 1553 711 Italia
1569 674 1586 698 6
1612 670 1782 712 Graecia

225 746 504 802 potentissimis
537 752 575 786 et
607 745 786 785 maximis
813 744 996 793 urbibus,
1042 757 1087 783 ea
1116 757 1214 796 (Iliae
1245 758 1383 797 magna
1410 743 1509 783 dicta
1540 751 1622 795 est,
1662 745 1700 784 in
1723 744 1789 784 iis-

225 822 330 874 que⁷
358 819 519 874 primum
542 818 662 873 ipsius
675 817 941 872 Pythagorae,
965 817 1102 856 deinde
1126 823 1261 871 postea
1279 815 1617 871 Pythagoreorum
1641 823 1788 857 tantum

227 907 368 934 nomen
395 899 524 943 esset,
556 898 778 931 nostrorum
804 890 999 930 hominum
1025 890 1070 929 ad
1097 903 1230 929 eorum
1258 889 1503 929 doctissimas
1529 904 1647 930 voces
1672 903 1788 930 aures

315 980 392 1013 ὃν.
416 980 499 1012 Adn.

227 1025 386 1057 5SicP..
411 1024 541 1057 Gud..1
568 1026 606 1055 11.
633 1028 702 1066 Aug

556 978 578 1011 4
602 981 660 1012 W.
685 992 701 1011 e
723 978 806 1010 coni.
842 985 874 1009 et
898 980 990 1009 Mon.
1015 977 1047 1009 2.
1083 983 1158 1010 tum.
1205 978 1305 1010 Male.

1384 978 1502 1011 ..Adn
1526 978 1558 1009 in
1581 980 1621 1010 V.
1645 978 1708 1018 25,
1733 977 1787 1012 72.

741 1024 853 1054 Duisb.
880 1023 978 1053 Vind.
1006 1023 1033 1053 1.
1056 1022 1087 1054 2.
1122 1023 1228 1054 Maib.
1252 1024 1344 1054 Mon.
1351 980 1400 1054 1⁶.
1426 1021 1458 1053 2.
1483 1029 1516 1053 et
1540 1023 1615 1054 edd.
1640 1030 1720 1056 vett.
1748 1025 1787 1057 D.

228 1077 261 1102 et
280 1070 405 1108 (Ξεῦὴμ
429 1069 547 1112 reliqui
570 1069 681 1111 (eti-{m
683 1048 778 1100 ἔ50011.
792 1068 842 1109 P.)
866 1070 934 1108 quis
955 1071 998 1098 est
1017 1070 1107 1099 enim.
1149 1069 1187 1099 V.
1201 1067 1243 1099 ad
1266 1069 1288 1099 1.
1301 1065 1355 1106 27,
1379 1064 1432 1098 66.
1482 1064 1503 1098 6
1529 1068 1694 1099 Immerito
1709 1070 1786 1100 Em.

228 1115 327 1146 xeiba
350 1117 383 1146 in
404 1117 497 1146 Italia
518 1114 607 1145 uncis
629 1113 747 1145 cinxit:
784 1124 866 1155 quae
887 1111 914 1143 si
937 1111 1100 1143 omisisset
1125 1112 1191 1144 Cic.

701 1156 722 1190 7
746 1157 801 1190 Sic
827 1158 923 1191 Mon.
945 1157 973 1188 1.
1010 1157 1096 1190 Gud.
1124 1156 1155 1189 2.
1191 1157 1322 1195 Duisb.;

226 1159 483 1210 praemittenda
501 1159 573 1190 fue}
576 1165 643 1192 unt

227 1205 267 1237 V.
290 1204 379 1236 adl.
401 1203 442 1245 3,
469 1203 499 1237 5.

295 1271 458 1314 arcessita]
485 1271 596 1303 SicR.
619 1272 652 1302 P.
678 1271 734 1302 Gr.
758 1271 832 1302 Vat.
856 1269 942 1301 Gud.
962 1269 990 1302 1.

228 1317 349 1360 aliique
384 1316 504 1353 codd&
541 1315 596 1348 alii
629 1315 809 1347 deteriores
835 1315 930 1347 codd.
959 1321 991 1345 et

229 1362 404 1405 pleraeque
438 1360 512 1392 edd.
546 1367 627 1392 vett.
661 1363 821 1393 accersita.
867 1363 992 1392 Arcesso

231 1413 265 1438 et
285 1416 406 1438 accerso
435 1412 511 1436 sunt
540 1404 688 1436 diversae
710 1411 837 1436 tantum
864 1404 992 1435 formae

230 1450 376 1482 eiusdem
400 1449 502 1482 verbi.
549 1453 675 1481 Arcesso
699 1461 739 1481 ex
761 1459 817 1488 ar,
842 1449 862 1480 i.
877 1461 904 1480 e.
931 1460 992 1480 an—

232 1496 320 1539 tique
343 1507 403 1538 pro
428 1497 469 1527 ad
496 1494 554 1537 (ef.
578 1497 712 1534 arbiter,
735 1495 869 1533 arveho,
893 1504 993 1535 porro

231 1541 263 1572 in
291 1540 352 1571 SC.
378 1539 419 1570 de
447 1539 561 1572 Bacch.
595 1541 775 1580 arfuerunl,
811 1549 995 1570 arvorsum:

233 1585 325 1628 plura
339 1584 478 1616 contulit
490 1586 674 1616 Ramshorn.
688 1585 726 1615 L.
741 1585 797 1615 Gr.
810 1583 838 1625 §.
850 1582 882 1615 9.
899 1595 930 1626 p.
944 1583 995 1615 10.

232 1630 283 1661 ed.
297 1630 343 1670 2.)
371 1636 403 1660 et
425 1639 526 1668 cesso,
550 1629 638 1671 quod
663 1640 701 1660 ex
724 1631 789 1667 cio,
820 1634 855 1658 ut
877 1630 994 1668 facesso

232 1686 271 1706 ex
295 1676 396 1714 facio,
429 1676 544 1705 lacesso
574 1685 613 1704 ex
638 1676 738 1712 lucio,
773 1673 898 1704 sactum
931 1678 994 1711 est,

232 1726 352 1758 ortum,
377 1719 446 1749 sine
471 1718 571 1749 dubio
596 1719 761 1760 antiquior
785 1725 817 1748 et
839 1729 994 1759 germana

233 1765 339 1795 forma
361 1770 420 1795 est.
453 1765 579 1794 Accerso
601 1774 638 1793 ex
658 1762 916 1805 transpositione
934 1762 994 1792 lit—

232 1818 322 1840 terae
345 1818 361 1839 r
386 1814 419 1838 et
441 1807 664 1849 geminatione
687 1808 818 1839 litterae
843 1819 857 1839 c
881 1814 992 1838 natum

233 1861 292 1885 cst.
320 1855 451 1885 Orellius
468 1859 638 1894 comparat
649 1854 877 1884 Toscanorum
892 1854 993 1892 frebbe

232 1909 292 1941 pro
316 1899 437 1937 sebbre,
463 1899 625 1937 interpelre
649 1909 710 1939 pro
734 1900 906 1937 interprete.
952 1898 993 1928 V

233 1944 418 1975 Ramshorn.
441 1941 464 1973 l.
478 1941 508 1974 d.
531 1949 563 1972 et
577 1942 710 1973 doctam
732 1942 994 1973 observationem

234 1989 346 2019 Kritziz'
368 1986 409 2018 ad
425 1986 502 2017 Sall.
521 1987 590 2018 Cat.
607 1987 682 2025 XL,
704 1987 736 2019 6.
757 1998 788 2029 p.
808 1986 881 2019 190.
919 1988 995 2018 Klo-

233 2034 311 2063 tzius
334 2031 366 2061 in
394 2030 478 2061 Add.
505 2043 535 2072 p.
561 2031 633 2062 152.
657 2030 769 2062 laudat
793 2033 830 2062 R.
854 2033 996 2063 scizrenb.

237 2074 513 2106 Commentation.
547 2075 587 2105 de
616 2075 722 2106 verbis
756 2078 930 2106 arcessendi
963 2082 996 2106 et

233 2121 429 2157 accersendi,
453 2118 616 2160 Hilperus.
636 2118 750 2157 1839.,
777 2120 830 2161 qui
852 2131 918 2149 non
940 2131 995 2150 re·-

235 2171 287 2195 cte
318 2162 565 2205 significationis
601 2163 773 2194 discrimen
812 2163 993 2202 constituit,

235 2210 364 2240 Ellendt.
386 2207 427 2238 ad
451 2207 491 2238 de
517 2209 570 2239 Or.
594 2209 633 2239 11.
659 2208 714 2246 27,
741 2206 813 2241 117.
854 2210 995 2248 Wagner.

235 2253 388 2294 Orthogr.
411 2252 588 2293 Vergilian.
612 2252 644 2283 in
669 2252 702 2284 h.
726 2265 758 2284 v.

302 2296 425 2339 auctor]
451 2301 571 2327 Atavus
595 2297 723 2339 generis
744 2296 792 2328 tui
816 2296 995 2329 clarissimi.

235 2344 371 2374 Neidius.
419 2341 470 2372 Cf.
499 2343 586 2372 Brut.
615 2340 673 2379 14,
699 2342 761 2375 53:
798 2341 878 2381 Quis
908 2341 994 2373 enim

236 2393 350 2428 putet,
385 2385 588 2417 celeritatem
616 2386 739 2428 ingenii
762 2388 798 2418 L.
817 2389 912 2419 Bruto
935 2386 993 2426 illi,

234 2433 404 2462 *nobilitatis
426 2435 545 2463 vestrae
564 2434 718 2471 principi,
740 2431 908 2462 defuisse?

305 2485 342 2506 ea
365 2485 444 2514 quae
465 2486 583 2515 muqna
608 2477 690 2507 dicta
714 2476 770 2517 εει]
805 2477 846 2507 Η.
872 2488 900 2508 e.
925 2487 995 2508 eam

239 2518 332 2555 dico,
370 2530 451 2560 quae
474 2531 590 2561 magna
615 2520 702 2551 dicta
726 2527 786 2551 est.
837 2521 945 2552 Divin.
970 2522 994 2551 Ι.

241 2563 293 2600 1¹),
311 2562 372 2594 36ῑ
397 2562 650 2595 Contemnamus
670 2565 768 2596 etiam
786 2566 994 2609 Babylonios,

240 2618 300 2645 eos,
324 2608 376 2646 qui
397 2607 537 2638 numeris
555 2608 721 2640 stellarum
743 2622 853 2641 cursus
873 2617 905 2642 et
919 2622 995 2642 mo-

239 2658 290 2683 tus
314 2658 561 2693 persequuntur.
593 2653 635 2683 N.
657 2654 699 2685 D.
724 2656 747 2685 l.
770 2654 821 2695 13,
839 2654 900 2688 35:
925 2656 997 2686 Nec

240 2694 421 2728 audiendus
445 2695 666 2738 Theophrasti
687 2681 836 2737 auditor,
872 2702 995 2738 Strato,

239 2744 286 2779 is,
309 2742 363 2781 qui
386 2739 538 2782 physicus
562 2740 755 2782 appellatur.
801 2724 892 2775 Irifra
917 2756 943 2775 c.
961 2743 994 2785 6,

243 2783 301 2818 14;
336 2784 429 2815 stulti
451 2790 559 2816 autem
582 2785 752 2826 aegritudo
777 2794 844 2824 est,
874 2798 911 2819 ea
933 2798 995 2831 qua

240 2828 430 2861 afficiuntul
451 2828 484 2860 in
507 2828 599 2860 malis
624 2829 774 2871 opinatis.
814 2831 893 2864 ibid.
920 2844 948 2864 c.
961 2832 992 2871 8,

241 2874 301 2907 182
339 2873 538 2906 obtrectatio
561 2880 670 2905 autem
702 2880 769 2913 est,
807 2886 863 2914 ea,
899 2888 994 2919 quam

239 2925 302 2950 etc.
333 2917 396 2959 36,
421 2918 483 2953 77:
508 2917 575 2949 eius
598 2918 662 2961 qui.
708 2919 877 2951 Interdum
898 2921 993 2953 etiam

1242 1112 1341 1143 verba
1361 1124 1451 1155 seqq.
1472 1123 1509 1144 ea
1530 1123 1608 1152 quae
1629 1123 1671 1144 m.
1695 1115 1726 1145 d.
1747 1119 1790 1145 est

1360 1159 1414 1189 01.
1448 1169 1476 1189 c.
1499 1157 1585 1200 vulg.
1615 1161 1648 1190 in
1674 1159 1790 1200 hisque.

1026 1270 1159 1301 verbum
1176 1272 1245 1302 dico
1263 1269 1405 1310 additur,
1428 1269 1476 1301 uti
1495 1281 1592 1312 supra
1614 1271 1636 1301 Ῐ.
1654 1269 1709 1308 32,
1727 1270 1788 1304 78;

1027 1316 1112 1346 Num
1136 1315 1212 1358 quid
1236 1315 1336 1356 igitur
1358 1322 1406 1346 est
1431 1327 1583 1355 caussae,
1608 1314 1684 1357 quin
1705 1313 1790 1347 ami-

1028 1371 1081 1391 cos
1105 1367 1236 1391 nostros
1254 1360 1383 1391 Stoicos
1406 1360 1621 1402 dimittamus,
1645 1370 1695 1391 eos
1710 1362 1791 1399 dico,

1026 1407 1079 1444 qui
1111 1404 1202 1435 aiunt
1233 1404 1357 1436 animos
1387 1417 1530 1436 manere.
1579 1406 1615 1435 V.
1644 1406 1787 1436 Goerenz-

1027 1449 1069 1479 ad
1095 1449 1136 1480 de
1168 1450 1270 1491 Legg.
1297 1451 1319 1480 l.
1348 1449 1407 1490 16,
1432 1447 1484 1482 45.
1520 1461 1551 1491 p.
1571 1450 1622 1482 71).
1671 1451 1789 1480 Rams—

1028 1496 1113 1527 horn.
1151 1494 1188 1524 L.
1217 1495 1272 1526 Gr.
1311 1496 1338 1537 ξ.
1368 1495 1440 1527 153.
1488 1497 1623 1526 Kithner.
1662 1496 1688 1538 ᾗ.
1715 1494 1787 1525 125.

1028 1539 1106 1570 Not.
1131 1540 1162 1569 ὅ.

1095 1587 1268 1615 nostrorum
1293 1585 1464 1624 hominum]
1492 1583 1535 1614 Hi
1560 1582 1696 1626 genitivi
1719 1594 1737 1614 a
1760 1595 1789 1614 v.

1028 1638 1120 1659 aures
1157 1639 1196 1659 eo
1233 1627 1368 1658 consilio
1406 1628 1558 1659 disiuncti
1593 1634 1688 1665 sunt,
1724 1639 1789 1670 quo

1028 1672 1151 1704 maiore
1172 1672 1203 1703 vi
1223 1673 1429 1704 efferrentur.
1454 1674 1492 1704 V.
1513 1684 1572 1705 nos
1592 1672 1624 1703 in
1645 1673 1788 1704 Gramm.

1029 1718 1068 1748 L.
1095 1720 1123 1761 ᾗ.
1145 1717 1272 1755 167,1.

1096 1763 1125 1804 6.
1148 1761 1178 1794 3.
1226 1764 1360 1794 Numam
1386 1764 1628 1804 Pythaqoreum]
1663 1762 1704 1793 de
1734 1764 1788 1793 Or.

1030 1801 1249 1844 11.37‚154.
1300 1808 1341 1839 de
1375 1808 1456 1850 Rip.
1493 1810 1540 1846 ll,
1576 1808 1634 1839 15.
1674 1807 1726 1838 ubi
1757 1819 1788 1839 v.

1028 1854 1179 1884 Moserum
1199 1863 1230 1894 p
1244 1849 1393 1894 '4'lsqq.
1417 1852 1572 1890 Liviusl‚
1595 1855 1644 1884 1³,
1665 1852 1787 1894 princ:

1030 1901 1206 1928 Auctmcm
1234 1896 1405 1927 doctrinae
1438 1897 1504 1928 eius
1542 1897 1680 1939 (Pythubi
1674 1897 1789 1936 or,ae)

1029 1941 1104 1984 quia
1127 1953 1191 1971 11011
1216 1948 1321 1972 exstat
1343 1943 1434 1979 alius,
1462 1942 1546 1973 salso
1562 1941 1703 1972 Samium
1722 1942 1790 1983 Py-

1029 1987 1189 2028 thagoran
1225 1986 1343 2017 edunt:
1383 1998 1499 2029 quem,
1534 1986 1647 2017 Servio
1678 1986 1788 2018 Tullio

1031 2037 1188 2072 regnante
1213 2031 1355 2069 Romae,
1392 2038 1522 2063 centum
1547 2031 1684 2073 amplius
1712 2037 1789 2074 post

1030 2087 1133 2106 annos
1158 2075 1189 2105 in
1217 2076 1328 2106 ultima
1354 2076 1466 2108 ltaliae
1493 2087 1569 2114 ora,
1605 2075 1689 2107 circa
1714 2077 1790 2107 Me-

1028 2126 1203 2162 tapontum
1229 2120 1488 2163 Heracleamque
1512 2128 1544 2151 et
1569 2121 1713 2151 Crotona
1737 2120 1790 2151 iu-

1031 2175 1149 2194 venum
1182 2164 1413 2195 aemulantium
1447 2165 1556 2196 studia
1590 2171 1702 2196 coetus
1726 2165 1789 2196 ha-

1030 2208 1136 2239 buisse
1172 2215 1312 2239 constat.
1364 2209 1413 2240 Cf.
1441 2209 1536 2240 eund.
1563 2210 1644 2248 XL,
1670 2208 1724 2241 29.
1757 2215 1789 2240 et

1032 2252 1167 2295 DionyS.
1186 2253 1259 2284 Hal.
1282 2255 1309 2284 11
1342 2265 1368 2284 c.
1382 2254 1435 2285 ὁὶ).
1473 2255 1576 2292 Quam
1596 2253 1661 2284 late
1678 2265 1789 2296 sparsa

1031 2297 1130 2328 suerit
1161 2297 1241 2329 haec
1272 2308 1424 2340 perversa
1455 2298 1568 2341 opinio
1594 2310 1659 2329 non
1683 2298 1790 2329 solum

1029 2342 1115 2373 inter
1136 2346 1272 2385 poetas,
1297 2342 1355 2373 sed
1379 2343 1477 2374 etiam
1499 2351 1609 2385 patres
1633 2343 1791 2375 ecclesia-

1029 2387 1129 2418 sticos
1153 2394 1251 2430 atque
1271 2387 1354 2419 adeo
1374 2399 1481 2419 rerum
1503 2395 1664 2425 auctores,
1691 2388 1791 2420 docte

1031 2432 1270 2463 demonstravit
1292 2435 1458 2472 Davisius,
1495 2433 1569 2466 coll.
1594 2433 1688 2463 Ovid.
1709 2434 1789 2463 Met.

1032 2477 1107 2508 XV.
1131 2476 1201 2507 init.
1250 2478 1338 2509 Fast.
1363 2478 1428 2515 Ill,
1457 2478 1528 2509 153.
1573 2477 1673 2508 Clem.
1697 2477 1788 2507 Alex.

1032 2523 1153 2553 Strom.
1179 2523 1201 2554 l.
1227 2533 1257 2563 p.
1273 2522 1348 2555 335.
1374 2523 1410 2551 V.
1435 2533 1467 2563 p.
1484 2519 1559 2553 648.
1594 2521 1787 2563 Hieronym.

1030 2565 1061 2596 in
1091 2565 1191 2597 lovin.
1215 2566 1246 2598 2.
1267 2578 1297 2608 p.
1313 2565 1389 2598 3⁵16.
1430 2566 1541 2607 Cyrill.
1565 2566 1596 2596 in
1620 2565 1734 2596 Iulian.
1756 2564 1788 2596 6.

1031 2622 1062 2652 p.
1082 2609 1154 2642 193.
1188 2611 1269 2641 Plin.
1294 2610 1334 2641 H.
1356 2610 1396 2642 N.
1417 2611 1518 2647 Xlll,
1547 2610 1597 2642 13.
1635 2609 1731 2641 Diod.
1755 2609 1789 2640 in

1031 2656 1183 2696 Excerpt.
1208 2655 1345 2686 Peiresc.
1374 2665 1404 2696 p.
1422 2653 1498 2685 230.

1096 2700 1250 2739 inslitula]
1274 2698 1370 2737 Quod
1391 2709 1503 2728 omnes
1522 2697 1671 2730 meliores
1692 2697 1790 2730 codd.

1030 2743 1149 2786 aliique
1182 2743 1336 2774 exhibent
1370 2744 1413 2785 (v.
1438 2743 1476 2773 V.
1506 2743 1589 2783 Ser.)
1627 2747 1790 2775 constituta

1029 2788 1126 2830 plane
1150 2788 1190 2819 ab
1215 2799 1272 2818 usu
1297 2798 1361 2818 non
1385 2786 1489 2817 solum
1517 2786 1702 2825 Ciceronis,
1729 2787 1789 2818 sed

1030 2832 1174 2864 omnium
1194 2832 1279 2863 illius
1301 2831 1417 2863 aetatis
1442 2831 1638 2873 scriptorum
1664 2832 1787 2864 abhor-

1027 2884 1079 2908 ret
1099 2887 1205 2919 neque
1228 2875 1362 2907 defendi
1382 2882 1513 2918 potest,
1540 2877 1586 2907 uti
1609 2884 1699 2908 recte
1723 2877 1788 2908 ob-

1027 2921 1171 2954 servavit
1194 2923 1333 2953 Klolzius
1360 2920 1394 2951 in
1420 2920 1504 2954 Add.
1530 2932 1563 2964 p.
1587 2922 1658 2954 152.
1693 2920 1786 2961 locis,
