1863 3221
264 119 337 160 142
851 116 1225 154 Lissssai.35,eo.

257 205 371 258 Quod
398 204 430 244 si
456 209 545 243 ante
570 200 799 247 occidisset,
845 196 1027 236 *taleni*
1043 196 1064 220 4
1090 201 1271 235 eventum
1296 196 1452 236 omnino
1476 198 1698 252 amisisset3
1742 202 1813 243 hoc

256 286 384 320 autem
408 284 582 329 tempore
619 286 775 312 sensum
803 269 931 309 amisit
967 268 1170 308 malorum.
1233 272 1303 308 86.
1336 267 1545 324 Pompeio,
1590 281 1725 314 „osu-0
1758 277 1812 315 sa-

257 351 419 400 miliari,
453 361 568 402 quum
589 344 764 399 graviter
788 344 1045 396 aegrotaret⁵
1072 340 1263 395 Neapoli,
1297 341 1433 382 melius
1460 350 1521 383 est
1545 345 1711 397 factum3
1746 362 1811 387 ρο-

258 423 382 465 ronati
404 418 654 475 Neapolitani
676 418 856 467 suerunt3
891 415 1070 455 nimirum
1092 413 1208 454 etiam
1227 412 1458 466 Puteolani3
1492 417 1609 470 vulgo
1632 431 1685 458 ex
1708 420 1813 474 oppi-

257 498 314 538 dis
350 495 500 551 publice
540 490 848 546 gratulabantur.
911 487 1089 543 Ineptum
1126 501 1222 527 sane
1254 487 1452 540 negotium
1486 496 1524 529 et
1556 488 1810 544 Graeculum,

256 571 324 611 sed
345 577 471 608 tamen
495 567 747 606 fortunatum.
810 560 949 602 Utrum
969 561 1110 615 igitur,
1144 560 1176 600 si
1197 567 1274 600 tum
1299 567 1405 600 esset
1424 562 1641 603 exstinctus
1657 595 1668 614 ,
1703 579 1725 604 a
1746 565 1814 605 bo-

258 643 316 684 nis
347 641 486 690 rebus,
528 653 577 679 an
613 652 635 678 a
671 635 780 676 malis
815 634 1090 674 discessisset?

1149 631 1268 674 Certe
1297 647 1317 673 a
1353 633 1523 674 miseris.
1584 634 1679 676 Non
1711 637 1813 678 enim

346 745 368 779 4
392 749 483 779 {alem
508 750 557 776 est
581 743 666 775 coni.
692 741 849 780 Bentleii,
886 740 984 772 etiam
1006 741 1140 772 Mosero
1163 747 1195 772 et
1216 741 1456 783 &Vesenbergio
1479 744 1503 774 Ῐ.
1526 754 1557 785 p.
1572 740 1628 774 33.
1653 743 1811 784 probata3

258 796 314 825 Or.
337 804 364 824 c.
388 791 474 832 vulg.
496 794 618 821 tamen:
644 786 732 831 quod
754 786 936 817 sententiae
956 792 1128 828 repugnat.
1176 785 1272 817 Pauci
1295 785 1474 818 deteriores
1497 786 1594 819 codd.
1616 791 1699 827 tum,
1725 787 1814 830 quod

259 839 358 869 Goer.
382 836 424 867 ad
448 834 518 865 Fin.
542 832 658 869 11.15‚
684 829 738 863 49.
766 831 902 873 proban
938 832 995 861 Tr.
1017 837 1095 861 ante
1118 834 1220 862 {amen
1243 830 1352 872 posuit
1375 838 1488 862 notam
1508 831 1724 873 corruptelae.
1771 833 1811 864 V.

258 882 342 914 Adn.
391 879 479 911 ldem
504 880 560 910 Tr.
585 877 695 920 paullo
725 882 800 918 post
832 886 891 917 pro
924 877 1080 906 occidisset
1112 886 1150 905 ex
1181 876 1215 906 R.
1239 875 1370 916 scripsit
1395 879 1576 915 accidisset,
1611 883 1815 918 repugnante

257 925 431 958 sententia.
479 924 571 954 Haec
593 922 657 953 duo
679 921 780 952 verba
804 919 900 950 etiam
922 920 977 950 ΙΙΙ.
996 917 1047 957 19,
1070 917 1123 950 44.
1150 926 1335 962 permutata
1355 927 1440 952 sunt.
1488 921 1508 952 ὁ
1534 921 1588 952 Sic
1611 932 1722 952 omnes
1746 922 1816 952 fere

256 972 352 1009 libri,
378 969 476 1000 etium
496 969 535 999 R,
561 970 626 1010 (ap.
647 965 787 1007 Tregd.)
813 971 846 995 et
873 963 957 995 Gud.
980 962 1028 1002 1.3
1055 965 1110 995 Or.
1136 976 1162 995 c.
1188 964 1240 995 ed.
1264 971 1328 997 vet.
1354 966 1457 997 Bouh.
1481 967 1522 998 H.
1545 965 1629 996 Lall.
1657 970 1814 1006 aegrotas-

257 1021 308 1048 set.
354 1016 393 1047 V.
417 1013 501 1045 Adn.

257 1081 345 1113 simis
370 1078 509 1111 fortunis
534 1077 622 1108 diem
653 1086 840 1117 supremum
874 1074 1018 1111 obisset3

258 1137 333 1158 nam
356 1132 426 1155 tum
452 1128 603 1164 expertus
636 1131 702 1151 non
728 1125 813 1149 esset
835 1118 897 1150 ista
921 1118 1016 1157 mala,

258 1181 340 1213 quae
361 1169 390 1200 ei
411 1166 659 1209 impendebant,
685 1175 746 1195 nec
766 1163 833 1194 eius
850 1163 1017 1205 totiusque

258 1214 365 1258 gentis
389 1225 426 1245 ac
450 1211 540 1254 regni
564 1209 714 1241 interitus
737 1216 804 1240 tam
827 1207 981 1239 flebiliter
1000 1219 1018 1239 a

257 1259 365 1303 poetis
391 1263 572 1289 caneretur.
614 1256 808 1295 Quanquam
830 1253 912 1283 haec
932 1256 1018 1294 poe'-

256 1312 365 1336 tarum
397 1303 540 1334 lamenta
573 1299 685 1340 inepta
717 1305 794 1329 sunt
822 1297 1016 1334 iudicanda3

258 1348 339 1380 nihil
368 1347 455 1378 enim
483 1345 597 1376 melius
628 1343 755 1374 Priamo
788 1341 897 1384 potuit
928 1341 1019 1373 acci-

258 1394 355 1431 dere,
394 1402 490 1434 quam
515 1392 575 1421 isla
596 1391 662 1427 vis,
698 1399 760 1429 qua
781 1387 849 1417 vita
873 1386 1018 1428 privatus

259 1444 309 1469 est
350 1439 489 1477 (Priamo
520 1437 553 1465 vi
580 1436 677 1464 vitam
706 1431 841 1472 evitari).
900 1431 1018 1462 Melius

259 1481 390 1525 quidem
414 1481 443 1511 ei
466 1479 592 1516 fuisset,
618 1476 643 1508 si
666 1477 730 1507 iam
754 1483 850 1507 antea
873 1475 907 1506 in
930 1475 1018 1507 omni

258 1538 366 1559 rerum
390 1524 549 1556 felicitate
578 1534 623 1554 ac>
640 1521 860 1564 prosperitate
891 1520 1017 1551 exstin-

260 1579 330 1604 ctus
347 1577 451 1606 esset;
477 1579 551 1599 nam
571 1574 640 1598 tum
655 1569 747 1597 talem
767 1569 905 1597 eventum
921 1567 1019 1596 omni-

258 1628 297 1649 ·no
320 1618 482 1653 amisisset,
508 1613 541 1644 h.
555 1624 582 1643 e.
605 1623 680 1642 narn
699 1618 770 1642 tum
793 1611 927 1641 omniuo
951 1620 1018 1640 non

257 1668 311 1693 tot
334 1667 401 1692 tam
423 1657 533 1701 gravia
558 1657 642 1687 mala
674 1662 826 1698 expertus
848 1661 934 1685 esset
956 1666 1018 1685 ne-

259 1717 321 1749 que
344 1712 411 1736 tam
442 1703 594 1735 acerbam
621 1707 761 1732 mortem
791 1699 1018 1737 occubuisset3

258 1750 316 1782 sed
340 1752 394 1781 hoc
416 1753 567 1787 tempore,
592 1746 624 1777 h.
649 1757 677 1776 e.
701 1757 740 1776 eo
764 1751 926 1786 tempore,
952 1754 1017 1786 quo

258 1794 360 1828 Troia
382 1793 422 1824 ab
443 1791 591 1823 hostibus
627 1796 723 1832 capta
756 1801 794 1820 ac
817 1788 925 1820 diruta
956 1794 1016 1826 est,

257 1839 338 1870 nihil
372 1837 482 1880 potuit
513 1835 542 1866 ei
572 1835 685 1866 melius
717 1833 885 1872 accidere,
922 1844 1019 1875 quam

257 1895 365 1921 mors,
393 1893 455 1924 qua
475 1890 598 1912 sensum
618 1882 721 1910 amisit
743 1878 914 1916 malorum,
941 1877 972 1908 h.
987 1888 1016 1908 e.

259 1940 322 1971 qua
355 1928 481 1958 factum
512 1931 580 1963 est,
619 1930 655 1954 ut
686 1935 752 1955 non
786 1922 851 1954 iam
881 1921 1020 1954 sentiret

257 1973 363 2010 mala,
403 1982 485 2013 quae
520 1970 550 2000 ei
585 1968 783 2000 acciderant.
842 1969 877 1998 In
911 1966 1018 1998 verbis

257 2021 397 2049 eventum
418 2017 555 2045 amittere
577 2020 609 2044 et
632 2023 754 2044 sensum
774 2015 911 2044 amittere
934 2012 1020 2042 inest

258 2061 344 2092 lusus
364 2059 497 2102 quidam
518 2057 703 2088 verborum.
735 2056 941 2088 Vocabulum
962 2067 1019 2086 au-

258 2112 326 2136 tem
348 2107 470 2135 eventus
493 2102 590 2133 etiam
623 2101 664 2132 de
684 2101 770 2132 tristi
800 2112 907 2131 rerum
931 2100 1019 2131 exitu

260 2148 429 2190 usurpari,
465 2147 497 2177 in
524 2146 638 2187 vulgus
669 2153 793 2176 notum.
845 2145 1019 2175 Geminum

259 2201 373 2225 nostro
396 2192 505 2223 locum
527 2190 682 2222 excitavit
704 2192 882 2229 Holtirzyer:
910 2188 1016 2219 Divin.

262 2240 300 2271 ΙΙ,
324 2237 365 2270 9:
392 2247 474 2279 quae
494 2235 579 2266 enim
598 2235 665 2266 vita
691 2234 805 2265 fuisset
828 2234 966 2271 Priamo,
993 2232 1019 2263 si

259 2283 299 2314 ab
324 2280 547 2313 adolescentia
571 2279 695 2315 scisset,
722 2289 800 2321 quos
823 2282 945 2309 eventus
965 2288 1020 2308 se—

260 2327 399 2358 nectutis
415 2332 501 2357 esset
512 2324 681 2356 habiturus
692 2323 706 2354 ἶ)
732 2325 937 2362 us'esenberyio
948 2324 1016 2352 Em.

260 2374 283 2404 I.
306 2383 338 2414 p.
358 2371 411 2403 33.
449 2370 563 2401 Cicero
586 2369 760 2400 verborum
785 2367 927 2410 quodam
948 2367 1019 2397 lusu

261 2419 396 2447 amittere
419 2415 450 2445 in
471 2417 581 2445 misero
607 2420 725 2444 eventu
747 2413 867 2443 dixisse
890 2411 1020 2442 videtur

260 2460 418 2497 similiter,
435 2466 532 2501 atque
545 2468 648 2489 carere
663 2458 695 2488 in
708 2460 800 2488 malis
815 2457 913 2487 etiam
926 2456 1019 2487 dica-

260 2511 314 2535 tur
339 2504 395 2544 (cf.
419 2507 444 2546 §-
459 2504 537 2543 Νὴ).
574 2504 725 2533 Ceterum
744 2509 833 2533 totus
854 2502 907 2532 hic
929 2501 1018 2532 locus

261 2547 371 2579 multis
404 2547 597 2577 coniecturis
629 2559 646 2578 a
675 2548 744 2578 VV.
775 2548 843 2579 DI).
872 2553 1018 2577 tentatus

262 2599 311 2624 est
340 2603 377 2622 ac
407 2597 551 2622 vexatus.
608 2594 690 2622 Petri
717 2594 821 2622 Crassi
846 2591 1018 2622 coniectu-

262 2648 331 2668 ram
354 2639 415 2668 ista
439 2638 490 2673 vi,
524 2646 606 2676 quae
636 2636 675 2665 ab
700 2638 811 2666 Orellio
835 2643 868 2666 et
901 2635 1017 2666 ceteris

263 2682 333 2712 fere
363 2680 510 2711 omnibus
543 2679 722 2709 editoribus
752 2687 904 2721 recepta,
941 2680 1018 2710 mihi

263 2736 393 2768 quoque
413 2724 454 2755 ob
472 2723 718 2754 antecedentia:
743 2726 774 2753 vi
793 2727 890 2755 visam
908 2727 1018 2755 evitari

263 2769 393 2812 egregie
435 2768 593 2810 probatur
608 2792 616 2807 ,
667 2767 768 2797 reiicit
811 2771 948 2800 Klotzius
983 2769 1016 2799 in

264 2816 396 2854 Quaest.
419 2812 505 2844 Tull.
530 2814 552 2842 l.
586 2823 617 2853 p.
641 2810 683 2843 93
694 2822 764 2852 sqq.
790 2812 1017 2855 vulgatumque

262 2859 455 2901 scripturam
485 2859 545 2888 ista
577 2858 624 2886 vel
658 2858 822 2894 quicquam
863 2857 1017 2888 tuendam

264 2909 374 2935 censet
390 2908 423 2933 et
443 2901 489 2932 sic
508 2899 751 2942 explicandam:
778 2902 898 2938 „yleich
919 2904 965 2932 als
982 2904 1017 2933 ob

263 2950 360 2979 dieses
394 2949 489 2989 (quae
520 2948 638 2988 poetae
671 2943 808 2975 maxime
832 2944 1018 2977 lamentan—

1053 1075 1118 1116 tur)
1146 1077 1245 1106 oder
1268 1078 1372 1107 auch
1394 1087 1471 1107 nur
1495 1078 1570 1107 das
1589 1078 1816 1116 Gerinyste

1054 1122 1222 1151 damals
1246 1122 1358 1152 Ιιᾶῑιε
1383 1123 1546 1152 konnen
1569 1123 1637 1161 Γῆν
1659 1123 1730 1152 ihn
1753 1123 1814 1153 ei-

1052 1175 1130 1196 nen
1176 1166 1349 1196 bessern
1389 1168 1586 1205 Ausyany
1632 1167 1814 1197 nehmen.

1056 1211 1103 1240 De
1136 1220 1207 1240 voe.
1239 1213 1404 1248 quicquam
1440 1212 1533 1252 (auch
1563 1212 1621 1241 das
1647 1212 1816 1250 Gerinyste,

1054 1253 1135 1285 oder
1149 1264 1208 1285 nur
1228 1256 1337 1293 iryend
1349 1255 1468 1295 Etwas)
1489 1254 1620 1286 confert
1640 1256 1716 1286 nihil
1732 1257 1816 1294 quic-

1053 1308 1147 1338 quam
1178 1297 1232 1339 (de
1256 1300 1344 1329 Orat.
1369 1301 1391 1329 Ι.
1413 1300 1475 1339 30,
1499 1298 1571 1331 134.
1618 1301 1715 1331 Beier.
1736 1300 1814 1330 Exc.

1053 1343 1095 1374 ad
1118 1342 1206 1373 Lael.
1230 1344 1271 1373 ΙΙ.
1294 1343 1439 1384 p.23›l.).
1482 1343 1547 1374 Sed
1570 1343 1648 1374 mihi
1667 1354 1730 1374 non
1755 1354 1813 1374 so—

1053 1387 1120 1418 lum
1149 1387 1313 1418 sententia
1336 1387 1408 1429 ipsa
1432 1388 1570 1419 obscura
1590 1387 1720 1419 videtur
1743 1399 1814 1418 esse

1054 1438 1151 1474 atque
1171 1431 1322 1469 inlicem,
1347 1432 1405 1463 sed
1427 1433 1526 1463 etiam
1547 1432 1654 1464 oratio
1676 1444 1693 1463 a
1717 1432 1814 1463 Cice-

1053 1476 1142 1508 ronis
1165 1476 1325 1518 elegantia
1349 1477 1445 1519 plane
1469 1477 1657 1508 abhorrere.
1706 1479 1814 1516 Moser,

1054 1521 1107 1564 qui
1131 1521 1235 1552 varias
1255 1521 1471 1563 interpretum
1495 1521 1536 1553 de
1555 1522 1586 1553 h.
1600 1521 1620 1552 l.
1644 1520 1815 1563 opiniones

1054 1566 1211 1609 peculiari
1236 1578 1303 1599 exc.
1339 1566 1411 1598 Vol.
1437 1568 1493 1598 ΙΙΙ.
1516 1578 1548 1609 p.
1561 1566 1623 1599 361
1639 1577 1709 1608 sqq.
1734 1577 1814 1597 exa—

1052 1611 1208 1651 minavit,
1234 1611 1359 1653 recepit
1381 1613 1550 1651 Hollinyeri
1571 1611 1811 1642 coniecturam:

1052 1659 1143 1687 talem
1170 1658 1244 1699 (pro
1268 1657 1344 1698 ium)
1368 1661 1507 1688 eventum
1527 1658 1649 1688 omnino
1674 1667 1734 1688 ηοη
1758 1658 1814 1687 ha-

1051 1703 1172 1732 buisset.

1121 1746 1150 1787 §-
1170 1744 1223 1778 86.
1259 1747 1369 1776 melius
1391 1749 1433 1776 est
1453 1747 1583 1786 factum]
1612 1746 1653 1777 H.
1675 1757 1704 1777 e.
1730 1756 1813 1777 con-

1052 1789 1167 1830 valuit,
1192 1789 1239 1820 uti
1264 1801 1323 1820 nos
1347 1789 1502 1821 dicimus:
1529 1800 1559 1821 es
1582 1793 1620 1821 ist
1642 1793 1738 1822 besser
1760 1792 1815 1822 vnit

1052 1837 1115 1866 ihm
1147 1836 1319 1875 yeworden.
1375 1834 1608 1876 Imperfectum
1642 1839 1814 1874 aegrotaret

1053 1886 1143 1911 recte
1167 1879 1342 1921 explicavit
1367 1881 1492 1919 Wolfius
1515 1879 1579 1910 sic:
1606 1886 1815 1921 aegrotantes

1056 1924 1283 1955 convalescere
1323 1924 1430 1954 solent
1463 1927 1541 1955 inter
1574 1926 1810 1964 aegrotandum.

1056 1969 1106 1999 Cf.
1132 1968 1300 2000 Adnotata
1320 1969 1353 1999 in
1379 1980 1406 1999 c.
1423 1968 1454 2006 ¹2,
1479 1967 1517 1999 4:
1546 1968 1813 2011 (Themistocles)

1053 2024 1148 2053 quum
1168 2013 1201 2044 in
1224 2013 1326 2056 epulis
1347 2017 1500 2045 recusaret
1522 2012 1638 2056 lyram,
1665 2017 1706 2044 est
1728 2015 1815 2044 habi-

1053 2062 1101 2089 tus
1126 2058 1302 2090 indoctior.
1351 2059 1399 2089 De
1427 2057 1497 2100 ipsa
1517 2069 1552 2089 re
1574 2059 1714 2089 Meuhz‘us
1736 2057 1756 2088 l.
1779 2056 1810 2087 d.

1055 2113 1163 2144 comp.
1198 2102 1361 2134 Plutarch.
1394 2102 1540 2144 Pompei.
1576 2114 1604 2134 e.
1628 2103 1681 2136 57.
1715 2102 1813 2134 Dion.

1055 2147 1141 2177 Cass,
1167 2145 1230 2183 41,
1255 2146 1287 2178 ὁ.

1120 2193 1257 2222 coronali
1275 2209 1313 2214 —-
1336 2192 1472 2231 fuerunt]
1499 2191 1630 2221 Scilicet
1652 2190 1693 2221 ad
1715 2189 1813 2221 laeti-

1052 2235 1132 2265 tiam
1160 2246 1250 2265 suam
1277 2235 1317 2265 de
1340 2242 1531 2276 recuperata
1553 2235 1702 2276 Pompeii
1723 2235 1813 2265 vale-

1053 2278 1168 2310 tudine
1189 2278 1438 2310 testificandam.
1482 2281 1536 2310 111.
1570 2279 1618 2317 lb,
1642 2279 1702 2311 45:
1727 2282 1814 2310 sertis

1053 2326 1191 2356 redimiri
1214 2323 1339 2354 iubebis
1363 2330 1396 2354 et
1416 2335 1499 2355 rosa.
1547 2324 1642 2355 Plura
1673 2323 1814 2355 contulit

1053 2370 1177 2409 Pfluyh.
1201 2368 1243 2399 ad
1268 2367 1380 2410 Eurip.
1405 2369 1446 2398 H.
1470 2369 1505 2398 F.
1531 2368 1607 2401 7e51.

1121 2415 1283 2454 nimirum]
1306 2413 1347 2444 H.
1360 2424 1386 2444 e.
1408 2412 1475 2444 noli
1489 2412 1608 2449 mirari,
1633 2412 1731 2443 etiam
1744 2413 1811 2443 Pn-

1053 2457 1175 2488 teolani
1201 2457 1350 2489 coronati
1375 2457 1517 2489 fuerunt.
1568 2457 1664 2488 Ridet
1688 2458 1812 2488 Puteo-

1052 2502 1202 2533 lanorum
1236 2502 1385 2533 imitandi
1418 2502 1581 2539 studium,
1624 2513 1689 2543 quo
1724 2500 1811 2531 idem

1053 2547 1113 2578 sibi
1139 2547 1325 2578 faciendum
1347 2546 1585 2583 existimabant,
1610 2545 1699 2588 quod
1726 2544 1811 2575 cives

1053 2592 1231 2633 Neapolis,
1268 2591 1463 2632 Campaniae
1488 2590 1623 2632 capitis,
1652 2590 1811 2621 facerent.

1053 2638 1102 2667 De
1126 2637 1268 2675 ironica,
1310 2646 1391 2677 quae
1423 2635 1455 2665 in
1489 2647 1519 2666 v.
1543 2637 1691 2669 nimirum
1714 2634 1810 2671 inest,

1052 2681 1083 2712 vi
1109 2681 1247 2712 diximus
1272 2680 1313 2711 ad
1339 2691 1365 2710 c.
1387 2680 1450 2717 22,
1476 2680 1528 2711 52.
1579 2679 1730 2709 Ceterum
1755 2678 1808 2709 sa-

1053 2725 1113 2756 cile
1137 2726 1207 2768 quis
1233 2724 1355 2756 offendi
1380 2723 1483 2765 possit
1505 2730 1689 2764 temporum
1716 2722 1809 2753 enal—

1051 2770 1141 2812 lage3
1167 2769 1304 2812 primum
1317 2768 1459 2810 positum
1479 2774 1525 2798 est
1544 2768 1726 2809 perfectum
1744 2769 1810 2806 fue·

1050 2819 1133 2854 runt,
1151 2815 1215 2845 iam
1234 2813 1378 2855 sequitur
1392 2815 1651 2852 9ralulabanlur;
1676 2811 1733 2841 sed
1750 2812 1810 2843 hac

1051 2866 1237 2901 temporum
1260 2856 1501 2900 permutatione
1527 2856 1641 2887 Cicero
1674 2856 1808 2898 aptissi-

1051 2915 1103 2934 me
1129 2915 1202 2934 usus
1224 2909 1283 2934 est.
1334 2903 1395 2932 Res
1428 2901 1579 2943 primaria
1608 2900 1809 2943 significatur

1051 2948 1204 2989 perfecto
1228 2949 1368 2987 suerunt,
1402 2945 1593 2978 secundaria
1611 2945 1807 2988 imperfecto
