1832 3137
640 122 800 153 Lmen
829 124 850 153 1.
879 122 1017 160 1222&-
1553 112 1606 154 75

41 201 171 251 vitae,
204 213 303 255 quae
329 200 368 240 in
395 200 510 240 claris
537 199 634 241 viris
662 207 702 242 et
722 200 876 241 feminis
902 201 982 242 dux
1002 201 1041 241 in
1066 200 1216 242 caelum
1238 202 1385 242 soleret
1410 214 1522 253 esse,
1566 200 1605 241 in

41 273 185 315 ceteris
209 273 312 314 humi
335 274 574 314 retineretur
600 281 638 314 et
664 281 914 328 permaneret
934 281 1065 315 tamen
1083 278 1119 315 6.
1183 280 1253 316 28.
1284 273 1352 315 Ex
1375 274 1448 315 hoe
1472 281 1512 316 et
1536 289 1606 315 no-

41 355 212 389 strorum
243 347 426 403 opinione

359 423 536 460 immulas
566 422 604 460 in
633 422 736 459 caela
766 434 849 459 eum
879 420 937 459 dis
967 425 1052 472 agit
1079 423 1218 470 aevom,

44 501 86 534 ut
111 494 233 534 famae
255 495 476 535 assentiens
498 494 597 534 dixit
617 492 795 542 Ennius,
829 500 868 532 et
890 493 988 547 apud
1014 492 1190 535 Graecos
1216 495 1382 550 indeque
1405 495 1606 550 perlapsus

45 567 92 608 ad
116 574 188 608 nbs
212 574 251 608 et
276 581 398 622 usque
430 568 474 608 ad
501 565 704 608 Oceanum
729 565 921 606 Hercules
949 573 1078 607 tantus
1105 574 1147 607 et
1175 575 1250 608 tam
1277 583 1464 623 praesens
1488 569 1608 610 habe-

45 648 110 681 tur
135 641 245 682 deus.
308 640 410 681 Hinc
441 639 599 681 Liber?
630 637 788 681 Semela
805 641 823 665 ⁸
850 646 965 680 natus
991 640 1203 694 eademque
1229 642 1355 681 famae
1379 642 1608 683 celebritate

135 751 157 784 6
180 753 235 784 Sic
256 755 309 784 Or.
331 764 356 784 c.
371 753 408 784 R.
423 752 454 784 b.
476 752 615 785 Gud.11.
641 752 777 795 aliisque
795 752 907 784 multis
930 752 1028 784 codd.
1055 759 1088 784 et
1107 752 1272 796 plerisque
1303 753 1378 785 edd.
1394 760 1474 785 vett.
1522 754 1610 794 Quid

48 798 136 830 Gud.
154 797 182 829 1.
202 798 343 834 habeat,
369 809 435 829 non
460 804 696 830 commemorat
716 799 819 835 Mos.;
844 798 993 829 nonnull.
1019 797 1094 829 edd.
1121 805 1202 830 vett.
1226 798 1350 830 habent
1370 801 1532 839 retineret‚·
1555 799 1610 830 alii

44 843 161 880 aliter3
185 850 252 874 tres
275 841 373 874 codd.
398 842 512 874 Lamb.
533 845 673 874 retineret
692 847 719 875 et
734 846 949 883 permanerent
971 847 1096 883 lamen,¹
1119 844 1175 874 W.
1189 843 1237 875 sic
1261 844 1420 875 correxit:
1446 854 1541 884 quum
1562 854 1610 876 ce-

43 890 102 920 teri
122 890 207 920 humi
227 890 446 927 retinerentur,
480 892 512 918 ut
532 893 745 927 permanerent
768 892 891 926 tamem
917 889 970 918 Or.
993 891 1261 920 commutationem
1284 892 1366 920 vitae
1390 900 1449 931 per
1472 899 1610 920 commu-

46 937 143 964 tatam
165 936 263 965 vitam
282 932 442 974 explicat:
469 944 552 975 quae
576 933 660 964 ratio
687 939 721 964 et
745 933 824 964 dura
848 932 979 964 videtur
1000 940 1032 964 et
1052 933 1231 975 ineleganS.
1281 934 1387 973 Quid,
1414 934 1440 965 si
1461 934 1609 976 legatur:

46 988 146 1018 quae,
170 982 204 1008 ut
227 981 300 1020 (pro
320 977 365 1017 in)
390 980 484 1009 claris
505 988 535 1009 υ.
558 982 585 1009 et
606 980 627 1018 f.
643 980 707 1010 d.i.
723 989 748 1010 c.
762 989 786 1010 s.
808 988 890 1017 esse,
914 980 960 1009 ita
985 980 1059 1020 (pro
1082 979 1126 1015 inl
1151 983 1263 1010 ceteros
1287 982 1361 1021 (pro
1384 980 1500 1019 ceteris)
1525 981 1612 1011 humi

45 1026 203 1056 retineret.
228 1027 260 1054 ut
277 1027 492 1062 permanerent
514 1025 642 1054 tamen?
668 1023 777 1054 Verba
797 1027 829 1054 ut
849 1027 1064 1062 permanerent
1082 1027 1184 1055 tamen
1205 1024 1306 1055 etiam
1327 1025 1354 1055 L
1384 1024 1479 1055 1584.
1501 1024 1611 1055 habet.

47 1068 167 1099 Keilius
188 1067 209 1098 l.
232 1067 264 1098 d.
289 1079 318 1109 p.
340 1069 376 1098 X
392 1079 439 1110 sq.
464 1077 542 1107 quae
564 1068 668 1098 refert
691 1067 733 1098 ad
754 1075 913 1105 mortem,
940 1067 1062 1099 deinde
1084 1068 1131 1099 sic
1153 1068 1344 1101 Ciceronem
1364 1068 1533 1111 scripsisse
1553 1080 1611 1099 su-

46 1112 209 1154 spicatur:
234 1115 323 1144 ceteri
345 1113 431 1142 humi
450 1115 649 1143 retineremur
671 1117 697 1144 et
709 1116 924 1152 permanerent
945 1116 1072 1152 tamen5
1096 1119 1130 1143 at
1151 1112 1233 1144 haec
1254 1120 1417 1145 structura
1441 1113 1611 1144 durissima

48 1164 98 1188 est
121 1168 225 1199 neque
247 1156 439 1187 defenditur
458 1156 539 1187 locis
560 1157 665 1187 allatis
684 1158 706 1187 l.
724 1158 771 1195 10,
797 1157 850 1188 21.
877 1158 914 1187 V.
933 1156 981 1192 13.
1002 1156 1056 1189 38.
1102 1157 1253 1189 Ceterum
1277 1159 1320 1190 cf.
1336 1158 1421 1190 Adn.

49 1201 128 1233 nulli
154 1201 253 1234 codd.
279 1200 460 1233 deteriores
485 1208 518 1232 et
543 1201 617 1232 edd.
646 1208 730 1233 vett.
754 1208 831 1245 post
855 1203 947 1233 Liber
970 1201 1097 1233 addunt
1122 1204 1207 1234 deus.

49 1269 92 1307 5,
123 1267 177 1302 23.
237 1270 333 1299 Kritz
369 1267 411 1298 ad
445 1268 522 1299 Sall.
560 1269 626 1321 lug.
636 1269 753 1322 leX
776 1267 811 1300 3.

48 1325 82 1357 p.
97 1313 223 1356 318sq.
261 1312 314 1343 Sic
331 1313 476 1344 Graece.
503 1326 518 1346 0
546 1309 608 1346 οἰκ
633 1308 672 1346 ‹32›
695 1312 812 1355 ἐποίη-

49 1369 131 1400 σαν,
157 1357 186 1391 εἰ
211 1355 258 1399 μή
287 1356 381 1399 ένόμ.
386 1359 436 1397 ζον
461 1370 492 1390 7..
516 1369 545 1390 τ.
571 1359 598 1390 λ.

114 1404 276 1443 quandam
299 1405 404 1444 quasi]
430 1403 470 1433 V
496 1402 536 1433 ad
560 1399 662 1442 Il.4,
691 1401 742 1434 11.

114 1450 441 1487 commutationemque
472 1451 575 1487 vitae,
619 1458 698 1488 quae
731 1447 810 1491 etc]

49 1493 233 1525 Relativum
266 1502 345 1532 quae
379 1504 451 1524 cum
479 1495 604 1524 Daz’isio
634 1500 667 1524 et
691 1495 812 1525 Klotzio

49 1538 260 1571 referendum
285 1544 334 1568 est
358 1549 425 1569 non
452 1537 493 1568 ad
519 1538 811 1570 commutationem

49 1584 157 1622 vitae,
191 1583 251 1614 sed
274 1582 316 1613 ad
340 1594 438 1613 unum
459 1585 552 1614 vitae.
598 1583 674 1615 Vita
700 1595 718 1615 e
742 1583 811 1615 vir-

49 1629 129 1660 tutis
151 1627 335 1671 praeceptis
357 1635 430 1659 acta
453 1628 573 1659 dicitur
597 1640 667 1660 esse
690 1628 754 1659 dux
779 1628 811 1659 in

50 1674 193 1707 caelum:
215 1673 282 1704 vita
300 1673 466 1704 hominurn
488 1673 573 1704 vitiis
595 1685 634 1705 ac
653 1674 812 1716 volupta-

49 1719 138 1750 tibus
161 1718 346 1750 deditorum
371 1717 493 1749 dicitur
513 1718 602 1749 humi
622 1718 757 1750 retineri
780 1725 813 1750 et

49 1775 241 1806 permanere
265 1770 394 1801 tamen,
433 1763 465 1794 h.
491 1775 518 1794 e.
552 1764 619 1795 vita
652 1764 812 1795 eiusmodi

49 1810 218 1840 hominum
238 1809 336 1840 etiam
357 1815 433 1851 post
452 1815 593 1840 mortem
615 1809 647 1840 in
669 1809 718 1840 his
740 1816 812 1840 ter-

50 1853 95 1886 ris
119 1854 346 1889 continuatur,
374 1854 449 1896 quia
470 1865 583 1885 eorum
605 1854 716 1891 animi,
740 1860 812 1884 ter-

50 1899 167 1931 restria
183 1898 374 1942 amplexati‚
399 1899 430 1929 in
450 1898 574 1929 caelum
593 1899 724 1929 evolare
745 1909 812 1929 11011

50 1951 210 1986 possunt,
235 1943 293 1975 sed
318 1943 437 1974 circum
463 1950 584 1974 terram
609 1943 812 1981 volutantur,

50 1989 97 2021 ita
122 1996 254 2027 tamen,
281 1995 316 2019 ut
341 2000 378 2019 eu
402 1999 467 2018 non
494 1987 597 2019 altera
619 1995 728 2019 morte
753 1999 813 2019 ex-

51 2034 247 2075 stinguatur,
270 2032 328 2063 sed
350 2039 551 2091 permagneat.
599 2033 632 2063 Si
653 2033 814 2075 scriptura

52 2085 186 2121 recepta
202 2089 277 2109 vera
291 2084 340 2109 est
356 2081 397 2119 (1.
414 2079 452 2108 V.
467 2079 535 2109 Ser.
540 2078 564 2118 1,
579 2078 691 2120 negari
704 2078 814 2109 omni-

53 2134 97 2155 no
119 2135 184 2155 non
206 2130 331 2166 potest,
356 2123 539 2154 orationem
562 2123 729 2155 Ciceronis
749 2123 812 2154 du-

52 2180 121 2200 ram
156 2167 333 2200 admodum
371 2179 440 2199 esse
475 2175 573 2211 atque
606 2168 812 2212 impeditam.

51 2213 207 2245 Ceterum
219 2213 402 2244 sententiae
414 2213 507 2245 11111115
524 2213 587 2245 loci
602 2214 813 2245 clarissimam

53 2257 157 2290 lucem
183 2258 324 2293 affundit
348 2258 584 2300 pulcherrimus
617 2259 671 2302 qui
697 2266 746 2290 est
780 2259 813 2290 in

54 2303 187 2334 Somnio
211 2303 374 2345 Scipionis
397 2304 451 2346 (de
467 2304 547 2346 Rep.
562 2305 619 2343 V,1
644 2302 697 2336 26.
713 2304 811 2345 extr.)

56 2348 264 2389 consignatus
286 2348 396 2386 locus,
423 2348 477 2379 ubi
497 2349 612 2380 Cicero
635 2355 814 2392 praeeunte

55 2391 225 2423 Platone
217 2403 249 2422 111
275 2392 448 2423 Phaedone
470 2392 516 2423 sic
540 2393 702 2435 loquitur:
728 2395 813 2425 Nam

56 2446 165 2467 eorum
189 2436 299 2474 animi,
325 2436 378 2479 qui
403 2447 437 2467 se
463 2438 609 2478 corporis
634 2438 816 2480 voluptati-

56 2481 115 2512 bus
141 2461 358 2518 dedideriint
385 2492 559 2522 earumque
582 2493 617 2512 se
641 2483 729 2525 quasi
751 2483 817 2514 mi—

56 2525 178 2557 nistros
204 2526 442 2569 praebuerunt
474 2526 679 2568 impulsuque
703 2527 814 2559 libidi-

55 2582 132 2602 num
164 2571 390 2614 voluptatibus
423 2570 647 2602 obedientium
680 2571 815 2603 deorum

55 2621 89 2647 et
104 2616 274 2647 hominum
295 2616 363 2647 iura
384 2615 601 2651 violaverunt,
625 2617 817 2658 corporibus

57 2659 159 2703 elapsi
183 2661 305 2693 circum
334 2668 455 2692 terram
487 2661 591 2703 ipsam
616 2660 816 2698 volutantur,

57 2716 119 2737 nec
138 2706 225 2738 hunc
244 2706 278 2737 in
301 2706 421 2745 locum,
447 2706 508 2738 nisi
529 2705 639 2737 multis
663 2705 818 2747 exagitati

60 2750 192 2787 saeclis,
234 2758 453 2783 revertuntur.
516 2752 577 2782 De.
598 2750 818 2782 collocatione

58 2795 207 2827 vocabuli
226 2800 328 2828 tamen
349 2796 393 2828 cf.
405 2798 444 2828 V.
459 2795 516 2835 33,
531 2794 591 2828 95:
611 2796 653 2827 ad
675 2795 817 2827 animum

59 2838 176 2871 referri
197 2845 308 2873 tamen.

126 2884 155 2926 §-
175 2883 229 2917 28.
264 2888 314 2917 Ex
336 2888 392 2919 hoc
414 2890 443 2919 et
465 2887 542 2938 etc.]
573 2886 660 2917 Hinc
692 2885 816 2918 factum

59 2933 119 2965 est,
141 2935 177 2960 ut
195 2933 222 2961 et
239 2937 426 2964 nostrorum
448 2931 604 2975 opinione
624 2950 669 2954 —-
685 2935 711 2963 et
729 2930 816 2974 apud

59 2972 203 3006 Graecos
222 2980 285 3008 etc.
326 2977 483 3009 Perverse
503 2976 557 3008 alii
581 2976 670 3019 prius
693 2980 720 3008 et
742 2987 813 3008 cum

1467 1157 1488 1190 7
1512 1159 1612 1190 Non-

1255 1201 1277 1235 8
1301 1215 1331 1235 v.
1356 1203 1443 1234 Adn.

848 1268 956 1299 verbis
980 1279 1018 1300 ex
1042 1271 1097 1300 hoc
1122 1269 1344 1313 coniungunt,
1375 1281 1473 1313 quum
1497 1276 1612 1313 aperte

849 1313 1061 1344 referendum
1086 1314 1128 1345 sit
1153 1314 1195 1345 ad
1219 1326 1358 1358 sequens
1384 1319 1421 1346 et.

915 1360 1080 1400 Romulus]
1104 1359 1199 1390 Ennii
1214 1371 1338 1397 versus,
1354 1360 1401 1390 uti
1417 1360 1519 1391 tradit
1532 1362 1612 1392 Ser-

847 1403 918 1434 vius
941 1402 983 1434 ad
1007 1407 1088 1434 Aen.
1108 1405 1164 1443 Vt,
1189 1402 1286 1443 764„
1314 1405 1359 1436 ita
1386 1405 1612 1436 conformatus

849 1455 937 1480 erat:
980 1448 1162 1486 „Romulus
1186 1449 1217 1480 in
1246 1450 1343 1481 Caelo
1369 1461 1441 1481 curn
1466 1450 1535 1481 Diis
1559 1460 1612 1490 92-

846 1496 995 1525 nitatibus
1014 1505 1130 1525 aevum
1150 1494 1284 1537 Degit.“
1334 1495 1482 1527 Eundem
1504 1495 1612 1537 respi-

850 1539 893 1570 cit
916 1539 950 1570 C.
973 1538 1013 1570 de
1037 1541 1091 1572 Or.
1110 1541 1167 1570 ΙΙΙ.
1184 1540 1238 1579 ὃὸ,
1265 1537 1338 1572 154.
1388 1540 1454 1571 Sed
1482 1546 1613 1572 constat

847 1584 934 1615 inter
958 1595 1081 1621 omnes,
1104 1590 1233 1616 veteres
1257 1585 1450 1628 scriptores,
1475 1585 1614 1617 aliorum

848 1629 937 1661 dicta
971 1641 988 1660 e
1021 1629 1180 1661 memoria
1211 1630 1282 1661 fere
1315 1630 1507 1669 laudantes,
1546 1642 1612 1662 non

847 1674 917 1717 ipsa
943 1674 1044 1705 verba
1069 1675 1164 1706 anxie
1188 1675 1363 1717 pressisse,
1392 1676 1451 1707 sed
1475 1676 1509 1707 111
1533 1687 1613 1707 sen-

847 1720 953 1751 tentia
978 1719 1147 1751 reddenda
1173 1721 1383 1763 acquievisse.

912 1767 1077 1804 perlapsus
1101 1767 1143 1797 ad
1168 1768 1237 1807 nosj
1279 1767 1327 1796 De
1352 1765 1504 1797 Herculis
1539 1777 1612 1797 cum

849 1810 935 1840 Caco
957 1810 1136 1840 certamine
1156 1823 1186 1841 v.
1208 1810 1280 1841 Liv.
1302 1810 1330 1848 l,
1356 1809 1388 1842 7.
1424 1811 1513 1852 Virg.
1531 1813 1611 1841 Aen.

848 1853 878 1891 8,
904 1852 966 1885 1951»
978 1866 1049 1896 sqq.
1077 1854 1172 1885 Ovid.
1187 1855 1274 1886 Fast.
1292 1855 1320 1892 l,
1340 1854 1487 1897 543sqq.
1516 1857 1613 1887 Ocea-

847 1909 922 1930 num
946 1899 1102 1940 intelligit
1133 1911 1223 1930 mare
1250 1899 1467 1934 Atlanticum3
1506 1899 1611 1931 Gadi-

849 1944 908 1974 bus
934 1943 1019 1974 enim
1045 1944 1203 1975 Hercules
1228 1944 1416 1983 colebatur,
1452 1945 1498 1976 uti
1521 1951 1614 1976 recte

848 1991 997 2020 Davisius
1022 1988 1133 2020 docet.

914 2043 1117 2073 praesens—
1134 2033 1223 2078 deus]
1250 2034 1303 2065 Dii
1328 2035 1494 2066 veteribus
1515 2046 1614 2078 saepe

849 2078 1004 2110 dicuntur
1023 2084 1220 2119 praesentes,
1245 2086 1363 2122 utpote
1391 2080 1444 2123 qui
1467 2090 1614 2120 praesen-

847 2126 892 2155 tia
916 2135 972 2154 sua
996 2135 1115 2155 numen
1139 2135 1232 2155 suum
1255 2124 1441 2156 declarent:
1466 2125 1544 2156 hinc
1567 2125 1613 2156 ita

849 2169 1003 2200 dicuntur
1027 2169 1072 2200 dii
1095 2169 1244 2212 propitii,
1270 2170 1432 2206 faventes,
1458 2170 1613 2201 auxilium

849 2214 1113 2256 potentissimum
1137 2222 1169 2245 et
1186 2215 1446 2246 efficacissimum
1466 2215 1613 2246 afferen-

849 2266 909 2289 tes.
968 2262 1068 2291 Moser
1101 2267 1269 2302 comparat
1295 2260 1331 2292 C.
1360 2262 1453 2292 Verr.
1477 2261 1531 2291 IV.
1556 2257 1613 2300 49,

852 2302 933 2335 107:
972 2304 1083 2335 multis
1107 2316 1206 2347 saepe
1229 2305 1262 2335 in
1289 2304 1492 2334 difficillimis
1516 2304 1613 2334 rebus

849 2360 1004 2391 praesens
1024 2349 1177 2380 auxilium
1203 2349 1268 2379 eius
1291 2348 1443 2389 (Cereris)
1468 2348 1614 2379 oblatum

852 2401 911 2425 est.
936 2395 975 2424 V.
1000 2395 1213 2425 Mitscherlich.
1236 2392 1277 2424 ad
1298 2393 1414 2424 Horat.
1438 2393 1498 2425 Od.
1517 2395 1539 2425 1.
1558 2392 1612 2425 35.

851 2439 954 2481 princ.
979 2450 1011 2480 p.
1028 2436 1102 2469 316.

921 2483 1057 2522 Semela]
1081 2481 1134 2512 Sic
1155 2487 1245 2513 recte
1267 2484 1321 2513 Or.
1345 2495 1371 2514 c.
1390 2483 1425 2514 R.
1446 2483 1479 2514 b.
1501 2482 1614 2515 Duisb.

853 2526 929 2557 edd.
965 2533 1045 2557 vett.
1072 2527 1160 2558 Cam.
1189 2527 1227 2558 D.
1261 2539 1322 2570 pro
1351 2528 1437 2570 vulg.
1497 2530 1614 2561 Semele

854 2573 980 2603 Graeca
1003 2571 1243 2609 terminatione,
1267 2584 1349 2615 quae
1365 2576 1529 2615 Augustea
1550 2573 1613 2605 de-

852 2628 939 2647 mum
961 2622 1069 2647 aetate
1091 2617 1177 2659 apud
1198 2617 1324 2649 solutae
1347 2619 1505 2649 orationis
1528 2618 1614 2649 scri-

854 2668 965 2703 ptores
990 2661 1020 2692 in
1045 2673 1252 2694 communem
1278 2674 1368 2694 usum
1394 2664 1505 2695 venire
1532 2675 1610 2695 coe-

853 2705 912 2747 pit.
960 2708 1089 2739 Orellius
1113 2707 1226 2739 laudat
1252 2710 1450 2749 Oudendorp.
1473 2708 1515 2740 ad
1543 2711 1613 2750 Ap·-

852 2750 995 2793 puleium
1029 2753 1068 2783 T.
1094 2754 1116 2783 1.
1152 2765 1184 2796 p.
1209 2750 1263 2784 96.
1298 2760 1330 2783 et
1364 2753 1406 2784 de
1433 2756 1558 2784 invent.
1586 2755 1610 2791 J,

853 2807 881 2827 e.
899 2796 953 2828 50.
1002 2797 1054 2827 Cf.
1080 2808 1138 2829 nos
1164 2798 1196 2829 in
1223 2799 1280 2829 Gr.
1302 2799 1340 2830 L.
1362 2799 1391 2832 (5.
1413 2797 1462 2830 14.
1485 2799 1564 2829 Not.
1584 2798 1611 2828 1.

919 2843 1023 2882 famae
1036 2843 1220 2886 celebritate]
1243 2843 1296 2874 sic
1309 2837 1372 2886 pro*
1386 2844 1482 2874 Arch.
1496 2843 1552 2878 111,
1570 2841 1590 2873 5
1605 2854 1610 2872 ι

851 2886 913 2918 hac
935 2894 1029 2919 tanta
1055 2888 1246 2920 celebritate
1272 2888 1379 2919 famae
1404 2898 1500 2930 quum
1526 2892 1612 2917 esset

849 2930 913 2963 iam
941 2932 1131 2964 absentibus
1164 2939 1280 2965 notus:
1323 2932 1376 2963 ubi
1411 2933 1611 2971 Sturenburq.

850 2988 882 3019 p.
899 2975 952 3011 54.
973 2977 1071 3009 affert
1092 2978 1164 3010 Liv.
1185 2979 1329 3013 xxvu
1351 2976 1412 3008 33:
1435 2978 1614 3016 famamque
