1832 3137
657 55 1000 89 PRoLeeoMENA.
1553 49 1567 88 1
1585 48 1595 88 1

49 218 111 242 ser
130 205 184 242 ita
210 205 378 242 iudicat:
419 205 639 242 Verborum
675 203 777 241 ordo
806 218 919 255 saepe
943 219 965 242 a
995 207 1100 258 Regii
1122 212 1159 244 et
1186 207 1290 245 Gud.
1317 210 1352 245 1.
1376 207 1515 244 ordine
1535 220 1601 244 re-

50 272 174 321 cedit,
203 286 273 310 nec
301 285 399 311 vero
430 285 476 309 eo
506 272 644 309 melior
674 277 743 308 est.

160 349 309 402 (Aug.)
340 351 638 401 Augustanus,
669 349 755 387 cod.
784 349 913 387 Guelf.
935 364 1008 388 sec.
1035 353 1121 390 XV.
1143 354 1210 390 Nr.
1242 356 1338 391 256.
1369 366 1432 403 ap.
1458 353 1602 399 Ebert.,

0 0 8 357 ἔ
49 153 125 176 nus
137 142 175 176 2.
197 150 270 175 sec.
298 137 399 174 XIV.
423 137 492 174 Nr.
515 140 611 175 235.
637 150 698 187 ap.
727 137 878 186 Ebert„
909 138 950 175 in
975 138 1102 176 Gallia
1122 139 1309 190 scriptus.
1370 139 1424 176 De
1445 152 1490 176 eo
1513 139 1600 177 Mo-

0 361 6 475 i
48 417 89 455 in
119 418 228 455 Italia
253 419 439 469 scriptus.
501 417 651 455 Desinit
682 417 723 454 in
747 422 923 454 extremo
957 432 1042 469 cap.
1072 424 1138 457 21.
1173 420 1266 458 libri
1290 421 1336 459 V.
1396 420 1539 457 Mirum
1562 419 1602 456 in

0 478 5 511 Ι

0 516 5 551 ἰ

48 485 207 523 modum
239 486 479 537 depravatus
509 491 576 523 est.

161 563 328 617 (Rehd.)
368 564 704 615 Relzdigeranus,
747 562 835 600 cod.
861 562 1179 601 Vratislaviensis
1203 578 1274 602 sec.
1306 567 1411 605 XIV.
1470 565 1605 604 Multis

49 631 145 669 locis
167 632 370 682 conspirat
388 645 474 669 cum
493 631 719 669 melioribus
738 630 866 679 codd„
899 631 1080 682 plurimis
1102 637 1229 669 tamen
1251 632 1446 684 discrepat
1465 635 1512 671 ab
1532 634 1606 682 eis5

0 713 3 728 ·
49 712 162 749 saepe
190 699 454 750 interpolatus
476 706 554 748 est,
585 712 697 750 saepe
720 699 833 736 etiam
857 699 1035 736 ordinem
1058 700 1291 748 verborum,
1323 713 1437 750 quem
1464 701 1605 751 reliqui

0 732 3 819 i
47 765 251 814 exhibent,
284 773 421 804 mutat.

0 841 3 908 ἶ
159 843 345 898 (Duisb.)
387 846 716 897 Duisburgensls
751 859 825 883 sec.
858 846 962 883 XIV.
1029 847 1082 884 De
1119 859 1164 883 eo
1197 847 1324 884 Moser
1355 847 1409 885 sic
1438 847 1607 884 iudicat:

0 909 1 926 ³
47 912 174 950 Habet
202 927 272 952 sua
303 915 427 962 bona,
465 921 640 966 praestat
663 914 938 965 Rehdigerano
963 920 1001 951 et
1024 914 1208 951 Gudiano
1234 919 1292 964 2.;
1331 914 1373 952 in
1393 916 1608 952 verborum

47 985 175 1018 tamen
202 982 343 1019 ordine
366 982 610 1019 immutando
633 995 757 1031 eoque
779 982 1004 1019 Ciceronem
1031 982 1269 1033 corrigendo
1289 982 1339 1019 ad
1363 982 1608 1033 Rehdigera-

0 1045 1 1110 ἱ
49 1048 143 1084 nani
162 1048 357 1086 licentiam
379 1063 505 1100 prope
525 1049 693 1097 accedit,
725 1056 896 1086 ceterum
914 1050 1007 1086 satis
1025 1049 1229 1098 diversus,
1264 1064 1343 1087 non
1365 1050 1470 1087 illius
1490 1063 1609 1098 more,

0 1122 1 1136 ³
49 1115 114 1152 sed
143 1129 214 1152 suo
246 1122 374 1153 utens.

161 1192 290 1243 (illua.
320 1200 353 1233 l.
380 1194 434 1245 2.)
497 1196 582 1231 Duo
613 1195 872 1231 stlonueetzsvs
896 1207 970 1230 sec.
996 1194 1082 1231 XV.
1092 1224 1102 1242 ,
1146 1200 1312 1244 uterque
1334 1195 1496 1245 exiguae
1520 1209 1610 1232 sane

0 1269 12 1309 ¹.
47 1261 314 1309 auctoritatis,
345 1261 453 1298 haud
482 1261 617 1311 paucis
647 1261 744 1297 locis
776 1260 1052 1310 interpolatus.

159 1337 331 1391 (splurb.)
393 1340 707 1390 filarburgetzasis·
731 1352 825 1387 sec.‚
857 1345 903 1376 ut
927 1339 1109 1387 videtur,
1140 1340 1225 1377 XV.
1250 1341 1277 1377 f.
1300 1354 1370 1388 m.‚
1402 1354 1424 1377 a
1445 1341 1610 1391 stupido

45 1403 210 1443 librario
244 1407 486 1457 descriptus,
517 1407 585 1444 sed
608 1406 825 1457 saepissime
852 1420 940 1443 cum
965 1406 1125 1456 optimis
1148 1407 1263 1445 codd.
1287 1408 1535 1458 conspirans-

158 1482 305 1536 (Vinci.
334 1490 369 1524 1.
394 1485 450 1538 2.)
485 1486 569 1523 Duo
600 1485 947 1533 Wtzdobonensvs,
980 1498 1153 1535 quorum
1171 1486 1352 1535 collatio,
1384 1486 1450 1524 sed
1470 1500 1611 1537 parum

46 1560 248 1601 accurata,
279 1560 336 1591 est
357 1554 406 1591 ad
428 1554 570 1591 calcem
589 1554 648 1591 ed.
671 1553 815 1602 Alteri,
846 1553 1021 1592 Viennae
1041 1557 1167 1602 1786,
1198 1558 1236 1592 8.
1296 1554 1472 1605 Uterque
1494 1555 1610 1605 parvi

49 1621 235 1658 momenti
266 1628 334 1659 est.

160 1686 301 1739 (Oxx.)
334 1691 480 1728 Novem
517 1691 760 1728 Oxonienses
791 1689 922 1740 exigui
954 1689 1075 1741 pretii
1105 1689 1146 1727 in
1178 1690 1237 1727 ed.
1272 1691 1348 1728 Ox.
1378 1694 1426 1729 17
1433 1694 1499 1730 85.

161 1754 346 1809 (Ladas.)
386 1758 481 1795 Tres
511 1758 747 1806 Leiderz-ses,
788 1757 883 1794 satis
910 1757 1110 1807 vulgares,
1150 1757 1192 1794 in
1213 1758 1420 1796 Bouhierii
1447 1760 1610 1796 Remar-

49 1837 142 1873 ques
166 1838 236 1862 sur
261 1825 313 1863 les
336 1826 577 1862 Tusculanes
604 1825 650 1862 de
681 1825 864 1871 ciceron,
897 1825 1020 1861 Paris.
1050 1828 1180 1872 1737,
1211 1829 1250 1863 8.
1310 1826 1450 1862 Insunt
1471 1826 1512 1862 in
1538 1824 1613 1862 hoc

50 1890 153 1928 libro
186 1892 301 1929 etiam
328 1893 622 1940 „memorabiles
642 1898 680 1928 et
703 1891 959 1928 Leidensibus
984 1891 1067 1928 fere
1094 1893 1376 1942 praeferendae
1403 1893 1506 1930 lectt.
1525 1891 1612 1929 edi—

50 1959 171 1995 tionis
202 1960 344 1996 veteris
377 1974 407 1996 s.
438 1960 463 1995 l.
495 1966 532 1996 et
563 1961 622 1996 a.“
653 1958 729 2010 (ed.
764 1966 838 1995 vet.
869 1957 1021 2009 Boulz.)

166 2024 290 2076 (Col.)
327 2027 580 2064 Coloniensi-5·
609 2026 650 2062 in
682 2026 742 2062 ed.
776 2029 899 2064 1568.

163 2090 292 2145 (Pale.
318 2101 354 2131 et
385 2094 497 2130 codd.
524 2093 665 2143 Gebh.)
698 2095 893 2130 Palatina:
920 2094 1084 2143 aliique,
1117 2107 1216 2144 quos
1241 2095 1356 2132 Ianus
1381 2095 1615 2132 Gebhardus

48 2160 89 2198 in
120 2161 401 2198 conscribenda
433 2162 690 2199 adnotatione
719 2162 769 2198 ad
800 2161 860 2198 ed.
892 2162 1174 2198 Gruterianam
1204 2161 1401 2199 adhibuit.

165 2228 235 2278 (R.
256 2233 293 2266 2.
310 2233 348 2267 5.
362 2226 417 2278 4.)
448 2230 577 2280 Regi&
598 2229 832 2266 Parisienses
850 2242 912 2279 ap.
925 2229 1144 2278 Moserum3
1176 2230 1243 2266 sed
1263 2230 1422 2266 collatio
1441 2231 1618 2267 continet

53 2301 205 2332 tantum
226 2303 314 2333 octo
337 2297 461 2347 prima
485 2297 626 2347 capita.
684 2298 788 2334 Sunt
811 2296 938 2333 multo
961 2296 1196 2344 deteriores,
1229 2310 1345 2345 quam
1365 2297 1411 2343 is,
1443 2297 1511 2346 qui
1535 2290 1617 2332 κατ’

53 2357 189 2410 ἐξοχὴν
221 2363 360 2412 Regius
390 2364 627 2413 appellatur.

167 2428 321 2481 (Regg.
354 2444 419 2480 ap.
456 2432 585 2480 Lall.)
620 2433 749 2483 Regia⁴
781 2432 1014 2468 parisienses
1046 2430 1153 2481 apud
1185 2432 1521 2468 Lallemannum.

168 2494 348 2548 (Gueff.)
384 2497 731 2548 Guelferbytanus·
762 2498 948 2536 Ernestii.

166 2563 278 2615 (MS.
308 2579 443 2615 mut-g.
468 2564 585 2617 Asc.)
620 2566 758 2603 Variae
784 2566 1008 2615 scripturae
1031 2578 1050 2602 e
1079 2565 1166 2603 cod.
1195 2572 1424 2616 excerptae,
1457 2579 1477 2601 a
1502 2566 1548 2601 V.
1575 2566 1618 2601 Ι).

54 2644 129 2668 sec.
147 2632 251 2669 XVI.
282 2646 402 2683 marg.
436 2632 689 2670 Ascensianae
719 2646 793 2669 sec.
827 2646 889 2683 ap.
920 2633 1114 2670 Moserum
1144 2633 1380 2683 adscriptae.

167 2697 284 2747 (Cod.
323 2700 415 2737 Cur.
458 2701 609 2750 Steplz.)
639 2700 872 2750 Scripturae
912 2699 1058 2738 codicis
1083 2701 1225 2738 Caroli
1262 2701 1461 2751 Stephani
1494 2700 1530 2735 in
1559 2699 1618 2734 ed.

56 2767 141 2805 Car.
174 2766 311 2817 Steph.
358 2768 483 2806 Paris.
510 2772 632 2805 1554.
663 2768 732 2804 fol.
763 2781 830 2814 m.,
861 2780 1007 2818 paucae
1038 2775 1077 2806 et
1106 2769 1237 2819 exigui
1266 2768 1402 2818 pretii.

167 2833 287 2886 (Cod.
326 2834 436 2886 Urs.)
467 2836 697 2886 Scripturae
721 2834 865 2872 codicis
885 2835 925 2873 in
948 2835 1041 2875 adn.
1068 2836 1210 2873 Fulvii
1242 2837 1385 2872 Ursini
1408 2833 1619 2884 (Antverp.

63 2904 190 2948 1581,
220 2901 299 2953 8.)‚
329 2916 478 2953 paucae
509 2910 547 2940 et
575 2902 717 2940 dubiae
746 2902 847 2939 fidei.
