1832 3137
1529 119 1613 163 223

208 204 298 259 Ago
333 205 411 255 sis,
446 218 547 245 nunc
578 204 625 246 de
656 205 809 246 ratione
841 206 1064 257 videamus,
1099 206 1172 246 nisi
1204 207 1292 261 quid
1326 206 1386 248 vis
1417 208 1464 249 ad
1497 208 1608 250 haee.

600 125 764 159 muna
789 127 830 160 n.
856 124 919 170 18,
944 125 997 162 42.
1022 127 1075 162 43.

51 205 147 246 dixi.

47 278 100 319 A.
132 277 272 332 Egone
298 285 339 318 ut
364 284 401 318 te
423 277 695 333 interpellem?
733 277 799 318 Ne
824 278 895 318 hoc
920 279 1073 333 quidem
1099 280 1259 330 vellem;
1293 280 1344 320 ita
1370 295 1429 322 me
1454 281 1501 323 ad
1526 296 1612 324 cre-

47 351 212 391 dendum
246 358 308 391 tua
340 351 444 391 ducit
475 352 615 392 oratio.
679 351 742 392 M.
773 349 886 392 Sitne
918 352 1037 405 igitur
1066 353 1205 393 malum
1239 354 1370 395 dolere
1390 357 1430 406 ¹,
1464 369 1606 407 necne,

50 422 175 465 Stoici
205 424 397 474 viderint,
432 425 494 478 qui
527 424 757 465 contortulis
785 423 1013 478 quibusdam
1037 433 1075 465 et
1100 427 1256 467 minutis
1282 428 1612 470 conclusiunculis

47 511 120 538 nee
149 498 195 537 ad
227 511 368 538 sensus
401 498 748 552 permanantibus2
783 496 880 536 effici
906 497 1066 548 volunt,
1102 513 1177 539 non
1211 514 1299 541 esse
1331 501 1470 542 malum
1503 503 1610 543 dolo-

48 584 148 610 rem.
210 569 298 625 Ego
323 571 436 621 illud,
471 570 649 625 quicquid
674 570 747 620 sit,
783 576 928 610 tantum
955 583 1067 620 esse,
1101 579 1285 624 quantum
1307 574 1500 627 videatur,
1535 590 1612 616 non

46 651 162 698 put0‚
199 644 372 698 salsaque
403 644 485 684 eius
510 644 661 684 visione
692 650 730 683 ct
759 643 890 698 specie
917 643 1066 683 moveri
1093 643 1270 685 homines
1296 646 1380 686 dieo
1403 648 1612 689 vehemen-

50 716 143 768 tius,
178 718 428 770 doloremque
450 717 533 756 eius
549 719 565 743 3
593 730 746 756 omnem
770 729 858 756 esse
881 716 1139 756 tolerabilem.
1184 716 1296 758 Unde
1319 718 1437 772 igitur
1458 720 1614 761 ordiar?

43 804 95 829 an
121 790 255 830 eadem
278 789 453 829 breviter
473 790 676 843 attingam,
712 803 810 843 quae
833 789 948 829 modo
971 789 1066 840 dixi,
1102 805 1176 844 quo
1201 790 1350 831 facilins
1375 792 1498 833 oratio
1524 808 1613 848 pro-

47 863 158 916 gredi
184 862 308 917 possit
331 862 514 917 longius?
575 868 644 904 45.
678 860 789 903 Inter
822 877 958 904 omnes
982 862 1102 917 igitur
1129 863 1201 904 hoc
1231 872 1407 916 constat,
1442 880 1514 907 nee
1545 867 1613 908 do·

46 942 130 976 etos
163 935 339 976 homines
375 936 524 987 solum,
567 936 633 976 sed
669 936 785 976 etiam
824 936 1029 988 indoctos,
1062 937 1234 977 virorum
1268 952 1356 979 esse
1388 939 1542 980 fortium
1576 948 1616 981 et

47 1009 379 1063 magnanimorum
405 1016 443 1048 et
466 1009 691 1064 patientium
720 1017 758 1050 et
781 1009 948 1050 humana
972 1009 1233 1061 vincentium,
1268 1011 1482 1052 toleranter
1506 1013 1614 1054 dolo-

45 1095 127 1122 rem
153 1082 255 1136 patiz,
290 1096 362 1122 nee
390 1096 484 1122 vero
520 1083 720 1136 quisquam
750 1082 845 1133 fuit,
880 1082 943 1136 qui
969 1096 1079 1133 enm,
1114 1083 1175 1136 qui
1201 1083 1253 1123 ita
1280 1091 1500 1138 pateretur⁷
1535 1100 1613 1127 non

532 1154 646 1208 Quod
673 1169 768 1209 ergo
795 1162 833 1195 et
854 1156 1070 1210 postulatur
1098 1170 1118 1195 a
1145 1157 1323 1208 sortibus,
1358 1165 1394 1197 et
1418 1158 1611 1211 laudatur,

46 1243 162 1282 quum
188 1229 251 1279 fit3
286 1228 323 1267 id
349 1235 415 1268 aut
437 1228 698 1268 extimescere
720 1229 899 1279 veniens,
933 1236 999 1268 aut
1022 1243 1098 1268 non
1123 1230 1225 1269 ferre
1251 1244 1454 1284 praesens,
1483 1247 1613 1273 nonne

46 1155 277 1196 laudandum
302 1162 468 1210 putaret.

49 1309 158 1356 turpe
196 1302 283 1341 est?
342 1300 463 1354 Atqui
498 1300 610 1351 vide,
645 1314 717 1351 ne,
752 1315 867 1355 quum
902 1315 1037 1342 omnes
1073 1309 1205 1342 rectae
1234 1303 1351 1343 animi
1384 1305 1613 1346 affectiones

47 1376 227 1415 virtutes
260 1374 517 1428 appellentur,
553 1387 630 1414 non
657 1373 806 1413 sithoc
830 1374 1026 1429 proprium
1062 1388 1204 1415 nomen
1235 1376 1430 1428 omnium,
1464 1379 1532 1419 sed
1565 1379 1612 1419 ab

136 1503 261 1535 XVIII.
312 1502 327 1534 1
355 1503 409 1535 Sic
440 1502 569 1546 plurimi
604 1502 701 1536 codd.
736 1509 770 1534 et
803 1503 941 1546 optimi,
978 1509 1013 1535 ut
1044 1503 1082 1535 R.
1117 1505 1182 1546 (ap.
1211 1506 1287 1537 Wes.
1313 1506 1384 1537 Em.
1408 1507 1447 1538 II.
1482 1517 1516 1549 p.
1540 1505 1610 1543 45.)

49 1547 137 1581 Gud.
159 1547 201 1586 1.,
228 1554 261 1579 et
282 1547 442 1591 plurimae
463 1548 538 1581 edd.
562 1555 665 1585 vett.;
693 1548 736 1580 cf.
762 1550 816 1581 III.
832 1548 884 1590 18,
911 1548 972 1580 40:
997 1548 1041 1580 sit
1065 1560 1143 1580 sane
1166 1561 1327 1581 summum
1350 1550 1471 1582 malum
1491 1554 1614 1593 dolere,-

51 1593 150 1624 etiam
173 1603 311 1635 sequens
331 1596 410 1625 illud
441 1593 640 1636 apertiorem
663 1593 764 1625 habet
785 1593 1127 1632 demonstrationem,
1162 1595 1188 1625 si
1210 1595 1258 1626 sic
1280 1595 1418 1637 legitur,
1455 1597 1502 1628 uti
1524 1605 1614 1629 recte

51 1637 238 1669 observavit
265 1640 341 1670 Wes.
365 1638 387 1670 l.
413 1638 465 1673 d.;
489 1640 577 1670 dolor
598 1640 653 1670 Or.
667 1650 693 1670 c.
718 1639 830 1681 paucis
857 1638 954 1672 codd.
974 1645 1007 1670 et
1031 1639 1190 1681 complur.
1215 1639 1289 1671 edd.
1314 1647 1397 1673 vett.
1441 1640 1462 1673 2
1487 1642 1541 1674 Sic
1562 1642 1614 1675 ed.

50 1682 137 1714 vict.
164 1694 223 1725 pro
239 1685 509 1722 permanentibus:
533 1694 616 1726 quae
635 1683 748 1726 inepta
769 1684 952 1726 scriptura,
977 1695 1016 1715 ex
1036 1683 1160 1716 librarii
1182 1697 1292 1716 errore
1313 1685 1382 1717 sine
1406 1686 1506 1718 dubio
1527 1695 1612 1728 orta,

52 1727 225 1770 occupavit
247 1727 368 1759 multos
393 1727 511 1766 codd.‚
537 1728 636 1760 etiam
662 1729 698 1759 R.
723 1728 809 1759 Gud.
836 1729 865 1760 1.
892 1730 952 1765 Il.;
986 1729 1134 1761 nonnull.
1161 1729 1237 1761 edd.
1265 1737 1347 1762 vett.
1373 1738 1406 1762 et
1429 1732 1525 1775 pauci
1551 1733 1615 1764 de-

49 1772 186 1804 teriores
210 1771 308 1804 codd.
329 1775 562 1813 pertinentibus.
609 1774 649 1806 V.
672 1773 756 1805 Adn.
803 1772 824 1806 3
847 1785 878 1805 v.
904 1773 989 1807 Adn.

48 1862 83 1882 se
105 1856 214 1883 autem
239 1850 361 1882 nnllam
384 1851 480 1882 aliam
502 1851 567 1882 vim
591 1851 726 1892 habent,
752 1850 812 1882 nisi

846 1862 912 1883 non
935 1851 976 1883 ad
997 1863 1109 1883 sensus
1130 1853 1380 1896 penetrantibus
1393 1879 1401 1892 ,
1426 1854 1550 1887 nullam
1571 1855 1614 1888 ad

47 1895 231 1935 limitandi,
256 1895 473 1937 insigniendi,
500 1895 726 1928 confirmandi.
771 1897 811 1928 V.

848 1908 905 1927 eos
936 1896 1133 1929 habentibus
1167 1898 1244 1930 vim.
1293 1900 1332 1931 V.
1360 1901 1482 1933 Schinz.
1507 1901 1612 1934 ludio.

47 1943 201 1981 Harltmy.
232 1941 363 1972 Griech.
393 1941 516 1972 Partik.
551 1942 591 1973 T.
619 1942 643 1972 Ι.
681 1953 713 1983 p.
734 1940 810 1973 380.

49 1986 99 2017 De
123 1997 158 2017 re
180 1986 251 2027 ipsa
272 1997 302 2017 v.
334 1997 430 2028 quem
451 1988 550 2017 Moser
578 1985 691 2016 laudat
718 1987 750 2017 C.
775 1988 810 2017 G.

48 2032 264 2062 Schtz-onium
287 2029 329 2061 ad
355 2030 437 2061 Ptin.
461 2031 580 2073 Paneg.
601 2030 655 2064 33.
685 2036 718 2062 et
740 2029 812 2061 Liv.

48 2075 147 2111 XLI,
173 2075 227 2107 20.

119 2120 197 2151 CAP.
220 2120 345 2150 XVIII.
372 2120 399 2163 §.
418 2116 472 2151 4‘2.
497 2121 600 2160 Egone
618 2123 650 2151 ul
673 2123 700 2152 te
720 2121 814 2151 inler-

45 2166 155 2204 pellem
166 2164 197 2207 ?]
219 2166 362 2196 Goerenz.
377 2163 419 2196 ad
435 2165 536 2206 Legg.
555 2166 580 2196 Ι.
595 2162 627 2203 4,
646 2162 696 2197 14.
712 2176 745 2207 p.
763 2164 813 2198 17.

49 2215 126 2252 post
154 2211 257 2249 Egone
288 2208 515 2251 interrogandi
549 2209 677 2252 signum
709 2220 813 2252 repo-

47 2253 191 2285 nendum
215 2261 348 2295 censet,
376 2254 499 2286 docens
520 2254 601 2286 illud
626 2265 718 2295 egone
739 2266 813 2286 ma—

47 2310 141 2330 nasse
166 2310 184 2330 a
209 2298 342 2330 comicis
364 2305 397 2330 et
419 2310 436 2330 e
455 2299 729 2342 praecedentibus
754 2311 813 2342 per

48 2343 177 2386 ellipsin
199 2343 502 2385 interpretandum,
534 2351 570 2375 ut
592 2344 747 2376 Academ.
773 2345 812 2375 Il.

49 2385 104 2425 47,
129 2386 207 2419 145:
234 2388 299 2418 Sed
317 2387 392 2430 quid
413 2388 545 2420 Catulus
559 2388 686 2420 sensit?
724 2391 813 2431 Ego-

49 2431 116 2463 ne'?
152 2431 275 2474 inquit,
306 2431 348 2462 ad
372 2432 474 2474 patris
498 2433 652 2464 revolvor
675 2440 813 2464 senten-

49 2476 140 2508 tiam.
186 2475 252 2508 Sed
280 2483 370 2508 recte
395 2484 509 2508 contra
532 2484 646 2508 mouet
670 2479 814 2518 Orellius‚

48 2521 135 2553 hauc
159 2521 413 2564 interpungendi
446 2521 608 2553 rationem
632 2521 814 2553 admitten-

49 2565 125 2598 dam
146 2577 212 2598 non
236 2577 323 2605 esse,
350 2566 409 2597 nisi
434 2566 487 2598 ubi
509 2566 550 2598 ad
573 2568 702 2607 Eyone?
735 2578 815 2598 ver-—

49 2611 127 2643 bum
152 2622 191 2643 ex
216 2611 488 2643 antecedentibus
519 2610 734 2654 repetendum
759 2611 812 2650 sit,

49 2662 85 2687 ut
108 2657 209 2698 Legg.
237 2656 259 2687 l.
282 2657 313 2689 d.
339 2656 403 2687 iam
429 2656 539 2688 ordire
563 2655 746 2698 explicare,
772 2655 813 2687 de

49 2699 119 2731 iure
142 2701 228 2732 civiti
251 2701 329 2744 quid
350 2701 482 2733 sentias.
521 2702 567 2733 M.
592 2702 724 2741 Eyone?
752 2702 811 2742 (sc.

53 2744 130 2786 quid
143 2746 294 2786 sentiam)
312 2757 456 2778 summos
472 2746 583 2778 fuisse.
617 2747 665 2777 De
678 2745 742 2777 hoc
755 2757 812 2776 usu

53 2788 291 2822 coniunctionis
315 2795 348 2822 ut
378 2791 412 2822 in
444 2790 736 2823 exclamationibus
761 2790 813 2822 vel

53 2832 361 2876 interrogationibus
391 2847 463 2868 cum
487 2835 707 2868 admiratione
731 2846 814 2878 pro-

54 2877 128 2909 latis
153 2890 183 2910 v.
207 2891 267 2911 nos
299 2880 332 2912 in
363 2880 422 2913 Gr.
448 2881 488 2912 L.
513 2882 541 2924 §-
562 2879 636 2914 142.
661 2881 742 2912 Not.
760 2880 812 2913 11.

54 2921 106 2955 cf.
126 2924 231 2955 Halm.
254 2924 296 2956 ad
321 2936 370 2957 or.
394 2937 428 2969 p.
454 2927 539 2957 Sest.
560 2925 591 2964 7,
616 2925 667 2959 17.
690 2937 722 2968 p.
739 2924 813 2958 112.

117 2976 171 3000 nec
199 2969 243 3001 ad
273 2978 379 3003 sensus
405 2971 676 3012 permanantibus]
713 2970 756 3002 H.
783 2981 811 3003 e.

848 1940 958 1973 Latin.
984 1953 1015 1972 v.
1037 1952 1234 1981 permanare.

915 1987 1110 2026 doloremque
1122 1989 1200 2029 eius]
1216 1987 1270 2019 Sic
1283 1999 1395 2020 omnes
1410 1989 1480 2021 fere
1494 1990 1591 2023 codd.
1605 2003 1613 2030 ς

848 2030 894 2062 Μ.
910 2031 949 2062 L.
971 2030 1003 2061 in
1025 2043 1068 2063 m.
1089 2035 1131 2064 eis
1150 2044 1195 2063 sc.
1211 2032 1417 2072 hominibus;
1441 2037 1506 2066 eius
1520 2035 1614 2067 abest

848 2087 865 2106 a
880 2075 954 2108 cod.
967 2075 1056 2108 Med.
1069 2088 1076 2112 ς
1099 2079 1294 2118 doloremque
1310 2081 1374 2110 eius
1389 2081 1481 2111 modo
1494 2090 1614 2113 omnem

848 2120 899 2152 El.
918 2120 950 2153 3.
972 2126 1006 2151 et
1028 2121 1195 2159 Petrens.;
1223 2124 1275 2155 Or.
1297 2123 1416 2166 aliique
1433 2127 1499 2156 eius
1521 2125 1611 2157 uncis

849 2165 1039 2205 cinxerunt,
1065 2168 1136 2198 Sch.
1160 2166 1258 2209 plane
1278 2167 1416 2206 abiecit3
1443 2171 1549 2202 Hand.
1570 2170 1613 2202 ad

851 2212 1011 2250 Wopkens.
1036 2222 1068 2253 p.
1089 2212 1165 2244 208.
1198 2213 1396 2244 antecedens
1429 2216 1508 2245 illud
1545 2226 1613 2246 nou

846 2254 1002 2297 intelligit
1024 2258 1164 2296 malum,
1188 2256 1247 2288 sed
1267 2269 1357 2295 rem,
1384 2269 1466 2300 quae
1493 2259 1614 2290 excitet

848 2299 997 2331 dotorem
1041 2301 1278 2343 (Gegeustand
1319 2301 1375 2332 des
1410 2302 1613 2342 Schmerzes,

847 2347 934 2377 dolor
954 2347 1087 2376 alicuius
1110 2348 1154 2377 rei
1178 2345 1219 2377 de
1246 2345 1362 2377 dolore
1384 2347 1424 2377 ab
1448 2347 1554 2390 aliqua
1578 2360 1614 2380 re

848 2389 1004 2422 excitatol
1020 2415 1027 2428 ‚
1056 2396 1090 2420 ut
1116 2390 1150 2420 C.
1172 2394 1240 2421 Att.
1261 2389 1302 2429 9,
1327 2390 1367 2422 9:
1393 2391 1529 2424 iniuriae
1549 2392 1613 2424 do-

847 2433 909 2466 lor.
957 2434 990 2465 Si
1011 2438 1076 2465 eius
1097 2446 1287 2475 germanum
1311 2442 1380 2474 est,
1406 2437 1506 2469 verba
1527 2440 1614 2471 dolo-

847 2489 911 2510 rem
933 2481 998 2510 eius
1020 2479 1149 2520 explico
1171 2481 1318 2519 dolorem,
1343 2480 1396 2523 qui
1420 2490 1614 2524 procreatur

849 2534 887 2554 ex
921 2523 1003 2554 falsa
1037 2523 1164 2555 visione
1194 2531 1227 2555 et
1257 2525 1368 2567 specie
1397 2527 1482 2566 eius,
1523 2528 1612 2571 quod

847 2573 976 2598 tantum
1008 2579 1074 2598 non
1099 2575 1168 2606 est,
1203 2577 1359 2612 quantum
1388 2571 1539 2610 videtur;
1578 2580 1613 2605 at

849 2611 946 2643 facile
975 2615 1040 2644 eius
1070 2623 1088 2644 a
1122 2613 1255 2646 librario
1287 2615 1459 2658 importari
1490 2618 1612 2660 potuit,

849 2655 945 2688 oculo
964 2656 1006 2688 ad
1027 2658 1257 2691 antecedentia
1277 2661 1418 2701 salsaque
1439 2665 1530 2695 eius
1548 2663 1612 2696 ab-

849 2708 989 2733 errante.
1040 2702 1091 2733 Cf.
1121 2705 1253 2736 Wesenb.
1279 2706 1349 2737 Em.
1368 2708 1393 2738 Ι.
1418 2718 1450 2749 p.
1469 2707 1500 2741 6.

916 2748 944 2790 §.
964 2744 1018 2780 43.
1057 2749 1145 2786 Quod
1168 2759 1238 2789 er90
1267 2754 1294 2782 et
1322 2754 1498 2790 postulatur
1529 2752 1607 2795 etc.]

848 2789 956 2822 Minus
979 2799 1130 2824 accurate
1150 2793 1278 2826 locutus
1301 2802 1350 2826 est
1373 2796 1405 2828 h.
1427 2796 1448 2829 l.
1474 2796 1608 2834 Cicero;

848 2846 924 2868 nam
944 2838 1032 2869 dolor
1051 2837 1182 2881 quidem
1205 2839 1429 2872 extimescitur
1450 2852 1511 2872 nec
1538 2841 1610 2872 fer-

847 2887 911 2920 tur,
935 2887 970 2914 at
988 2882 1175 2925 postulatur
1195 2890 1229 2915 et
1247 2884 1399 2916 laudatur
1418 2887 1534 2916 doloris
1549 2895 1610 2925 pa-

846 2928 963 2959 tientia.
1011 2927 1063 2959 Cf.
1086 2929 1228 2970 Madvig.
1253 2929 1297 2961 ad
1320 2929 1391 2961 Fin.
1415 2940 1447 2971 p.
1463 2930 1523 2961 LII
1537 2941 1586 2973 sq.

914 2974 1007 3013 Atqui
1028 2974 1119 3014 vide,
1152 2983 1190 3006 ne
1214 2975 1307 3016 cett.]
1342 2973 1506 3006 Urbanius
1530 2986 1608 3018 pro:
