1832 3137
1519 124 1602 167 357

1521 213 1597 268 Qui

44 286 146 327 enim
164 286 268 327 vitiis
286 286 437 326 modum
458 287 666 341 apponit4,
700 287 733 327 is
753 294 900 341 partem
918 288 1080 342 suscipit
1098 287 1295 328 vitiorum.
1351 285 1464 340 Quod
1484 303 1598 342 quum

47 359 169 414 ipsum
191 373 260 414 per
291 373 334 400 se
356 360 532 400 odiosum
559 367 640 410 est,
685 366 762 400 tum
789 373 835 400 eo
860 360 1083 411 molestius,
1127 361 1217 414 quia
1252 368 1341 402 sunt
1376 361 1414 401 in
1450 361 1597 402 lubrico

39 431 275 486 incitataque
299 433 421 473 semel
446 433 638 487 proclivi⁵
664 432 846 473 labuntur
870 434 1132 487 sustinerique
1153 434 1257 475 nullo
1283 435 1395 474 modo
1419 442 1595 489 possunt.

150 503 273 546 ΧΙΧ.
338 512 406 548 43.
440 504 569 559 Quid?
599 506 698 560 quod
717 506 831 546 iidem
847 508 861 532 ¹
882 503 1134 560 Peripatetici
1155 507 1468 562 perturbationes
1484 507 1596 559 istas,

39 593 135 633 quas
160 593 230 619 nos
254 579 527 634 exstirpandas
551 586 751 634 putamus,
784 592 861 618 non
882 579 995 618 modo
1018 580 1212 620 naturales
1231 594 1319 621 esse
1342 581 1497 632 dicunt,
1531 582 1599 622 sed

620 135 783 167 LIBER
810 135 864 168 lV.
894 132 952 176 19,
978 135 1032 169 43.

45 213 295 265 iniustitiam,
330 212 567 253 moderatam
589 213 784 268 ignaviam
799 246 808 264 ,
844 214 1081 255 moderatam
1104 213 1458 269 intemperantiam.

39 652 156 692 etiam
186 653 332 693 utiliter
355 667 375 693 a
399 660 537 693 natura
563 653 698 693 datas=
731 666 893 706 quorum
916 658 975 691 est
997 652 1083 692 talis
1104 653 1244 693 oratio.
1306 652 1478 694 Primum
1505 655 1600 695 mul-

39 726 88 766 tis
112 726 242 766 verbis
262 726 501 766 iracundiam
533 726 712 776 laudant,
746 732 871 765 cotem
897 725 1134 765 fortitudinis
1161 739 1250 766 esse
1277 727 1431 777 dicunt,
1462 727 1600 767 multo-

39 812 114 852 que
138 799 236 839 etin
261 799 409 838 hostem
435 805 473 838 et
496 798 534 838 in
551 800 571 825 ²
598 797 812 852 improbum
838 798 964 838 civem
986 798 1302 839 vehementiores
1325 799 1511 839 iratorum
1532 801 1602 840 im-

37 879 148 926 petus
169 885 282 923 esse,
317 871 424 912 leves
448 878 576 912 autem
599 871 839 911 ratiunculas
865 884 1017 921 eorum,
1040 871 1102 925 qui
1124 871 1178 912 ita
1199 872 1439 926 cogitarent:
1469 885 1602 926 proe-

39 946 140 986 lium
164 949 325 986 rectum
347 949 410 985 est
434 944 514 985 hoc
545 943 674 998 fieri;
710 946 907 985 convenit
932 944 1144 985 dimicare
1168 957 1257 998 pro
1289 944 1450 999 Ieyibus
1463 977 1477 996 ,
1514 958 1602 999 pro

40 1017 261 1068 libertate,
289 1031 377 1071 pro
400 1019 582 1071 patria5
621 1017 715 1058 haec
741 1018 882 1058 nullam
906 1017 1049 1058 habent
1069 1017 1169 1068 vim,
1213 1018 1286 1058 nisi
1312 1018 1368 1058 ira
1392 1018 1604 1058 excanduit

38 1090 235 1131 fortitudo.
295 1090 383 1131 Nec
413 1105 509 1130 vero
535 1091 581 1130 de
608 1090 860 1130 bellatoribus
884 1091 1009 1130 solum
1035 1090 1254 1144 disputant,
1296 1091 1460 1146 imperia
1488 1105 1601 1132 seve-

1393 1162 1600 1205 Oratorem

38 1237 204 1292 denique
227 1252 301 1277 non
332 1238 445 1277 modo
473 1245 742 1287 accusantem,
787 1237 854 1276 sed
881 1250 928 1276 ne
957 1237 1229 1277 defendentem
1261 1236 1413 1290 quidem
1440 1237 1604 1291 probant

38 1164 146 1205 riora
176 1164 280 1204 nulla
311 1177 400 1204 esse
424 1170 558 1218 putant
583 1164 667 1203 sine
691 1162 818 1218 aliqua
847 1163 1060 1203 acerbitate
1091 1164 1330 1204 iracundiae.

37 1310 122 1352 sine
146 1310 291 1351 aculeis
314 1310 562 1360 iracundiae,
597 1324 693 1363 quac
720 1309 834 1349 etiam
859 1309 890 1348 si
915 1323 992 1349 non
1016 1308 1141 1360 adsit,
1178 1317 1306 1350 tamen
1330 1311 1462 1351 verbis
1485 1318 1601 1364 atque

36 1391 143 1424 motu
177 1383 431 1424 simulandam
472 1382 732 1432 arbitrantur,
779 1388 821 1421 ut
855 1382 1045 1422 auditoris
1080 1382 1177 1422 iram
1214 1383 1381 1423 oratoris
1421 1384 1603 1424 incendat

35 1457 152 1498 actio.
214 1454 352 1497 Virum
376 1455 541 1509 denique
566 1455 690 1495 videri
718 1461 884 1508 negant,
930 1455 992 1508 qui
1019 1455 1134 1495 irasci
1166 1455 1373 1506 nesciat3,
1419 1470 1600 1510 eamque,

126 1568 148 1602 4
174 1569 278 1601 Rehd.
303 1572 410 1610 ponit,·
447 1567 559 1599 Duisb.
583 1570 733 1608 imponit;
759 1579 789 1599 v.
814 1566 899 1599 Adn.
946 1567 966 1598 5
992 1579 1021 1599 v.
1046 1567 1131 1599 Adn.
1189 1568 1290 1599 XIX.
1342 1567 1356 1600 1
1387 1568 1424 1599 R.
1455 1569 1524 1610 (sed
1547 1571 1603 1601 Tr.

38 1616 148 1658 iidem)
175 1614 260 1646 Gud.
279 1614 306 1645 l.
334 1613 438 1645 Marb.
460 1614 550 1644 Mon.
569 1614 598 1644 1.
624 1612 689 1643 duo
705 1614 785 1643 Oxx.
810 1614 903 1652 idem,
928 1611 1063 1655 antiqua
1086 1613 1204 1644 forma.
1252 1612 1272 1643 2
1301 1613 1337 1643 R.
1354 1614 1386 1644 P.
1411 1613 1495 1644 Gud.
1515 1615 1541 1645 1.
1564 1616 1604 1645 Il.

38 1660 159 1737 {lligffie
182 1671 247 1736 origi).
266 1662 300 1734 {ru
323 1665 399 1734 aizltg
418 1661 615 1698 improbum,·
639 1657 698 1688 sed
723 1656 838 1689 deesse
858 1669 924 1689 non
952 1664 1081 1701 potest3
1106 1657 1176 1689 sine
1198 1657 1299 1689 dubio
1318 1658 1359 1689 ob
1383 1670 1452 1701 seq.
1473 1659 1546 1702 syll.
1563 1661 1605 1690 im

39 1779 167 1810 rcnter,
211 1771 294 1803 sicut
329 1772 508 1812 praefiscini
543 1777 576 1802 et
609 1772 803 1811 praefiscine,

36 1819 169 1858 proclivi
191 1823 222 1848 et
241 1818 386 1856 procliue.
429 1817 473 1847 (If
504 1818 642 1856 Madvig.
667 1816 709 1846 ud
731 1816 801 1846 Fin.

40 1863 78 1894 V.
99 1863 164 1901 25,
188 1860 251 1895 &41
279 1864 427 1904 (proclivi
454 1861 555 1893 currit
581 1861 713 1897 oration
749 1861 803 1903 qui

40 1913 211 1949 comparat
231 1908 296 1938 heri
317 1912 349 1937 et
372 1908 441 1938 here
465 1914 497 1938 et
519 1906 657 1937 sormam
682 1906 803 1936 adver-

39 1951 84 1984 bii
106 1951 139 1983 in
164 1955 174 1983 i
205 1951 408 1982 desinentem
443 1951 659 1994 antiquiorem
693 1951 803 1981 habet.

39 1998 232 2029 Lachmann.
267 1996 308 2027 ad
335 1998 466 2027 Lucret.
493 1998 539 2031 ll,
563 1994 639 2027 455.
669 1998 805 2035 proclive

40 2041 200 2085 praefert.
250 2040 406 2072 Adverbii
437 2043 567 2080 proclivi
603 2040 806 2083 comparati-

42 2098 100 2118 vus
124 2093 173 2117 est
194 2088 375 2125 proclivius,
400 2092 434 2116 ut
458 2087 512 2116 Or.
531 2085 583 2123 57,
612 2085 681 2117 191.
716 2084 806 2115 Lael.

45 2131 94 2170 12,
118 2128 179 2162 41:
203 2133 371 2170 proclivius
394 2130 532 2161 labitur:
570 2129 621 2160 ubi
649 2130 692 2160 cs.
716 2131 806 2169 Seyf-

41 2177 108 2215 fert.
157 2175 222 2206 Sed
243 2177 371 2207 sublime
391 2187 540 2218 semper,
572 2177 695 2206 sublimi
719 2186 805 2205 nun-

42 2232 137 2263 quam
163 2219 211 2251 dr.
260 2221 297 2250 V.
325 2220 366 2250 ad
394 2222 416 2251 l.
445 2221 493 2258 17,
516 2218 569 2251 40.

110 2265 301 2296 cnaxlx.
324 2266 351 2305 §.
366 2263 420 2297 43.
446 2267 646 2296 iracundiam
657 2264 804 2307 laudant]

43 2310 91 2342 Ob
118 2309 293 2341 discrimen
320 2310 493 2341 verborum
519 2312 584 2342 irae
616 2316 649 2341 et
678 2312 806 2342 iracun-

42 2357 114 2387 diae
137 2355 177 2386 ab
202 2355 276 2397 ipso
304 2354 459 2385 Cicerone
483 2366 580 2396 supra
613 2366 640 2386 c.
665 2353 725 2391 12,
749 2354 804 2387 27.

42 2399 187 2442 positum
220 2402 367 2431 Davisius
399 2399 430 2430 h.
455 2400 475 2430 1.
512 2411 578 2430 non
612 2401 808 2437 iracundiae,

42 2444 101 2476 sed
140 2447 204 2475 irae
242 2454 361 2474 nomen
400 2444 622 2485 exspectabat.
685 2443 807 2474 Contra

44 2501 139 2532 quam
164 2487 361 2519 sententiam
386 2495 475 2519 recte
503 2494 635 2518 exortus
661 2494 710 2518 est
735 2489 808 2518 Klo-

43 2537 121 2566 tzius
145 2533 274 2564 dicens:
314 2534 448 2569 „ann
479 2533 544 2563 ihm
574 2533 658 2563 oben
684 2535 808 2563 iracun-

44 2581 97 2610 dia
122 2579 175 2609 fur
195 2578 249 2609 die
274 2589 311 2607 zu
335 2577 489 2608 tadelnde
506 2577 716 2618 Geneigtheit
737 2587 809 2606 zum

44 2625 151 2655 Zorne
175 2623 264 2666 gult,
302 2636 339 2653 so
365 2622 406 2652 ist
433 2622 502 2653 hier
527 2624 690 2654 iracundia
725 2620 807 2651 nach

43 2668 102 2699 der
125 2668 260 2699 Ansicht
285 2667 343 2698 der
369 2667 624 2709 Peripatetiker,
654 2666 706 2696 die
731 2665 809 2696 aber

46 2712 160 2744 Cicero
184 2713 275 2744 nicht
297 2712 416 2743 einmal
442 2712 557 2753 billigt,
585 2711 644 2742 der
664 2709 808 2742 Zustand

47 2769 74 2787 u.
102 2757 154 2788 die
182 2757 394 2799 Geneigtheit
418 2769 490 2788 zum
514 2759 640 2792 Zorne,
673 2756 702 2785 in
729 2754 809 2785 wel-

45 2801 122 2833 cher
145 2813 219 2833 man
243 2814 281 2833 zu
307 2809 405 2844 guten
432 2802 577 2833 Werken
605 2801 706 2832 durch
734 2800 808 2840 jene

45 2845 146 2878 leicht
169 2858 206 2877 zu
228 2847 408 2890 erregende
432 2845 723 2889 Empfindlichkeit
748 2856 809 2886 ge-

44 2890 174 2922 trieben
208 2891 307 2929 wird,
345 2892 423 2924 aber
456 2892 655 2933 keineswegs
683 2901 720 2921 so
746 2889 809 2920 viel

44 2935 90 2968 als
115 2938 201 2967 ira.“
249 2936 401 2968 Ceterum
427 2936 565 2969 eandem
597 2946 692 2978 quam
718 2934 809 2965 Peri-

42 2979 177 3024 patetici
211 2981 408 3014 sententiam
441 2982 544 3013 secuti
579 2987 650 3011 sunt
685 2986 812 3010 veteres

842 1771 1027 1804 Academici
1072 1774 1124 1813 (r.
1160 1771 1314 1803 Academ.
1346 1773 1383 1802 ll.
1409 1768 1474 1809 -Η,
1505 1772 1604 1813 135.)‚

839 1829 977 1859 quornm
1002 1817 1146 1859 vestigiis
1170 1816 1290 1847 institit
1313 1816 1525 1857 Aristoteles,
1551 1816 1604 1858 qui

839 1862 924 1892 idem
952 1863 1017 1893 irae
1043 1862 1199 1892 defensor
1223 1861 1348 1891 exstitit
1373 1867 1406 1891 et
1426 1860 1514 1891 illam
1540 1861 1605 1891 h0--

840 1907 979 1937 minibus
1001 1906 1142 1937 exsecari
1166 1906 1280 1937 vetuit.
1319 1908 1432 1937 Calcar
1452 1905 1538 1936 enim
1561 1908 1606 1936 ait

839 1962 901 1982 esse
933 1954 1077 1988 virtutis‚·
1115 1952 1173 1983 hac
1207 1955 1330 1990 erepta,
1365 1953 1511 1981 inermem
1536 1953 1607 1981 ani-

839 2006 924 2027 mum
948 2000 974 2027 et
999 1998 1041 2027 ari
1066 2000 1194 2028 conatus
1217 2005 1347 2035 maynos
1376 1997 1500 2034 piarum
1526 1998 1605 2026 iner-

840 2045 957 2080 temque
986 2043 1073 2081 fieri,
1109 2047 1143 2071 ut
1168 2043 1312 2072 Senecae
1347 2039 1454 2070 verbis
1488 2039 1529 2071 ‹le
1557 2041 1604 2070 [ra

843 2087 899 2116 lll.
927 2098 953 2117 c.
970 2087 1002 2118 3.
1027 2092 1109 2116 utar.

909 2135 1003 2162 cotem
1037 2132 1241 2171 fortitudinis]
1281 2130 1371 2160 [nfra
1405 2142 1431 2161 c.
1454 2129 1516 2167 21,
1542 2126 1604 2160 «stt.-

840 2176 895 2206 illu
921 2175 1052 2218 quidem
1077 2187 1114 2206 ex
1140 2176 1309 2206 rhetorum
1337 2186 1476 2217 pompa:
1504 2173 1607 2205 ardo—

841 2232 891 2252 res
916 2221 1098 2252 annnorum
1126 2224 1262 2260 cotesque
1293 2221 1454 2251 virtutum.
1504 2219 1603 2250 Acasl.

843 2268 881 2297 ll.
907 2263 967 2304 44,
996 2266 1068 2298 135.

917 2312 991 2342 haec
1022 2313 1142 2341 nullam
1176 2312 1286 2340 habent
1318 2311 1404 2348 vim]
1444 2308 1607 2338 Bentleius

843 2355 985 2387 coniecit
1030 2357 1161 2394 habere;
1208 2360 1242 2384 ut
1285 2365 1316 2384 v.
1356 2352 1523 2384 Adnotatu
1575 2352 1605 2383 in

843 2412 871 2431 c.
903 2400 958 2437 10,
983 2402 1037 2431 Ἠ.

910 2455 988 2483 quae
1010 2446 1101 2474 eliam
1126 2446 1151 2473 si
1174 2453 1232 2473 non
1254 2444 1350 2485 adsit]
1379 2443 1416 2474 V.
1439 2442 1479 2473 ad
1507 2444 1528 2472 l.
1551 2440 1605 2479 254,

843 2487 904 2520 254.-
931 2491 984 2527 (μα’
1007 2507 1047 2511 -
1069 2490 1279 2518 abstraxisset.

916 2533 1036 2573 Virum]
1064 2535 1126 2570 tir,
1149 2532 1368 2562 tuith-aecum
1389 2528 1486 2571 ἀνήρ,
1508 2543 1606 2572 saepe

847 2590 904 2619 per
936 2576 1163 2607 excellentium
1196 2576 1326 2608 dicitur.
1373 2577 1412 2607 V.
1447 2578 1606 2616 Heindorf.

844 2622 884 2653 ud
911 2622 1038 2652 Pluton.
1061 2621 1243 2651 Phaedrum
1267 2633 1297 2663 p.
1314 2620 1389 2654 227.
1438 2620 1523 2651 Hinc
1546 2633 1604 2651 nu-

846 2674 897 2697 tae
918 2672 993 2696 sunt
1017 2665 1091 2696 illae
1117 2665 1296 2696 formulae:
1322 2668 1426 2705 vires,
1451 2669 1477 2697 si
1499 2668 1549 2697 vir
1565 2675 1606 2705 eS,

844 2714 870 2742 si
890 2714 950 2742 viri
970 2713 1049 2742 estis.
1094 2711 1130 2742 V.
1155 2712 1314 2742 Ruhnken.
1339 2710 1460 2742 Dictat.
1484 2711 1514 2741 in
1537 2712 1606 2741 Te*

846 2762 928 2786 rent.
955 2757 1035 2787 Eun.
1061 2758 1084 2786 Ι.
1108 2759 1147 2793 2,
1174 2754 1226 2788 74.
1274 2757 1378 2796 Supra
1403 2757 1441 2786 11,
1465 2758 1517 2787 23.
1544 2755 1603 2785 5:2⁸:

845 2800 987 2838 Marius,
1025 2800 1205 2832 rusticanus
1232 2800 1299 2837 vir,
1337 2800 1393 2830 sed
1429 2800 1522 2842 plane·
1549 2800 1606 2828 ι’ῐι.

846 2846 883 2875 V.
910 2844 950 2875 ad
979 2846 1016 2876 ll.
1039 2845 1101 2882 22,
1127 2847 1179 2877 5⁴2.
1232 2847 1279 2876 De
1306 2846 1362 2876 Gr.
1388 2842 1470 2884 dress
1497 2855 1521 2872 V·
1549 2854 1606 2873 110⁵

845 2889 886 2921 atl
910 2891 999 2922 Xen.
1027 2890 1128 2921 Anah.
1154 2891 1177 2921 l.
1204 2890 1235 2928 Τ,
1261 2888 1291 2921 «l.

915 2937 1009 2967 irasci
1034 2937 1165 2976 nesciat]
1193 2935 1246 2965 Sir
1273 2937 1327 2965 Or.
1353 2947 1380 2964 c.
1409 2932 1493 2962 Gud,
1520 2933 1557 2962 ll.
1579 2932 1608 2962 ζ’.

852 2979 956 3011 Marb.
983 2980 1093 3011 Duisb.
1120 2979 1232 3022 quinq.
1258 2981 1337 3009 Oxx‘.
1370 2984 1402 3007 et
1428 2976 1501 3006 edd.
1530 2982 1609 3008 vett.
