1832 3137
1545 126 1626 167 347

1209 213 1260 254 Et
1290 221 1332 254 ut
1361 213 1537 268 eorporis
1570 221 1630 254 est

646 134 809 168 Lmen
840 137 892 167 iv.
922 135 981 175 13,
1006 135 1061 169 31.

1093 220 1162 255 51.

68 286 255 340 quaedam
281 293 369 340 apta
393 286 513 340 figura
544 287 802 327 membrorum
831 302 915 327 eum
945 288 1088 328 eoloris
1112 287 1272 341 quadam
1301 287 1518 338 suavitate,
1565 301 1628 327 ca-

69 213 306 255 medieorum
348 213 623 254 conturbati0¹
671 215 811 255 mentis
842 216 1030 255 aufertur.

66 362 172 414 quel
198 359 340 398 dicitur
365 359 632 413 pulchritudog
679 360 734 400 sie
760 360 796 400 in
826 359 954 399 animo
982 360 1204 414 opinionum
1231 360 1538 414 iudiciorumque
1564 374 1628 400 ue-

65 432 268 486 quabilitas
301 439 338 472 et
371 433 587 472 constantia
620 447 704 472 eum
732 433 910 472 firmitate
942 433 1102 485 quad-'un
1138 441 1178 473 et
1204 434 1410 473 stabilitate
1444 434 1627 473 virtutem

66 505 309 559 subsequens
346 513 409 544 aut
442 505 599 546 virtutis
640 505 718 545 vim
756 505 912 559 ipsam¹
945 506 1148 545 continens
1181 507 1422 558 pulchritudo
1447 514 1625 546 vocatur.

64 576 243 632 Itemque
266 577 415 618 viribus
442 578 618 632 corporis
640 585 678 618 et
702 578 833 618 nervis
858 585 897 617 et
919 578 1135 618 efficacitati
1156 579 1302 619 similes
1323 580 1587 632 similibusque
1607 582 1624 606 ³

63 650 197 691 verbis
221 650 339 691 animi
362 650 467 690 vires
489 651 752 691 nominantur.
798 649 999 690 velocitas
1021 657 1147 690 autem
1172 652 1346 705 eorporis
1370 653 1548 692 celeritas
1563 666 1630 706 ap-

65 724 256 779 pellatur,
304 737 403 777 quae.
433 725 565 764 eadem
595 724 738 776 ingenii
767 723 882 763 etiam
912 723 996 763 laus
1021 715 1182 763 habetur
1210 731 1367 778 propter
1387 725 1504 764 animi
1534 725 1628 764 mul-

62 804 186 837 tarum
219 809 348 836 rerum
380 797 488 836 brevi
522 803 695 850 tempore
728 796 1035 850 percursionem.

176 867 293 909 xlv.

356 867 453 908 lllud
478 869 694 908 animorum
725 882 1008 923 corporumque
1037 869 1248 920 dissimile,
1294 871 1392 923 quod
1418 870 1534 910 animi
1563 885 1627 911 vu-

63 944 188 984 lentes
212 942 347 982 morbo
373 942 512 982 tentari
537 956 612 982 nou
642 948 805 996 possunt
825 945 865 992 ¹,
910 955 1073 996 corpora
1102 950 1285 996 possunt,
1329 943 1397 982 sed
1422 957 1627 997 corporum

152 1064 174 1098 3
199 1065 253 1096 Sic
274 1066 311 1096 R.
338 1066 372 1096 P.
386 1067 461 1096 Vat.
486 1064 571 1096 Gud.
589 1064 616 1097 1.
640 1065 671 1095 b.
696 1064 816 1107 aliique
840 1077 900 1096 nec
925 1077 1049 1107 paucae
1069 1065 1144 1096 edd.
1170 1071 1275 1104 vett.;
1301 1066 1367 1098 duo
1383 1068 1462 1097 Oxx.
1488 1073 1521 1097 et
1544 1067 1627 1098 aliue

63 1110 142 1143 edd.
165 1116 245 1141 vett.
269 1112 382 1141 similes
404 1112 556 1142 similibus
580 1112 701 1149 verbis5
737 1112 790 1140 Or.
815 1122 842 1141 c.
872 1111 963 1141 Mon.
991 1109 1018 1141 l.
1043 1117 1076 1141 et
1102 1110 1248 1141 nonnull.
1271 1110 1346 1143 edd.
1369 1118 1448 1141 vett.
1474 1114 1627 1142 similibus

59 1165 188 1196 quoque.

237 1156 286 1185 De
314 1154 556 1197 permutatione
575 1155 750 1185 verborum
774 1165 830 1194 que
853 1161 886 1185 et
909 1165 1026 1195 quoque
1048 1154 1079 1185 in
1104 1154 1200 1186 codd.
1225 1155 1338 1186 laudat
1360 1158 1436 1187 Mos.
1461 1156 1559 1186 Goer.
1585 1155 1627 1186 ud

62 1200 158 1232 Finn.
183 1201 240 1231 ΙΙΙ.
259 1198 290 1239 2,
317 1200 347 1231 ὃ.
375 1211 407 1242 p.
423 1198 490 1232 312
503 1211 551 1243 sq.
579 1201 618 1230 ΙΙ.
643 1198 676 1240 ὅ,
700 1198 753 1231 ¹25.
779 1210 812 1242 p.
840 1197 912 1233 157.
944 1201 984 1231 11.
1006 1196 1039 1239 9,
1063 1197 1116 1231 26.
1141 1212 1173 1242 p.
1199 1197 1272 1232 160.
1299 1201 1402 1243 Legg.
1426 1201 1465 1232 ll.
1492 1200 1546 1242 Ἡ,
1572 1198 1625 1232 60.

62 1246 154 1278 XIV.
204 1244 219 1276 1
246 1256 276 1276 v.
301 1244 384 1277 Adn.

59 1325 200 1365 agendo:
222 1326 272 1355 cui
295 1327 516 1363 temperantiae
540 1335 648 1356 nomen
673 1328 715 1356 est
726 1327 760 1356 .·“
794 1330 828 1355 et

60 1379 144 1412 quae
166 1375 363 1411 sequuntur,
401 1369 455 1399 ubi
479 1375 594 1411 aperte
621 1371 769 1409 fortitudo
794 1375 826 1399 et

56 1415 175 1445 iustitia
209 1413 449 1455 temperantiae
484 1414 710 1445 subiiciuntur.
773 1413 824 1444 Cf.

58 1469 142 1500 quae
167 1469 265 1500 supra
290 1459 356 1499 ΙΙΙ,
380 1462 412 1491 ὅ.
448 1458 490 1489 de
521 1460 702 1499 fruyalitate
735 1458 824 1490 dicta

58 1509 144 1534 sunt.

103 1550 160 1580 alii
180 1549 450 1592 obtemperantem]
475 1548 538 1580 Alii
554 1549 730 1591 negabant,
753 1549 823 1580 vir-

60 1598 166 1624 tutem
188 1593 286 1624 ultam
308 1593 431 1624 habere
450 1594 593 1636 speciem
614 1606 715 1632 suam,
740 1594 773 1626 h.
795 1606 822 1625 e.

61 1644 150 1669 certa
172 1638 311 1680 quadam
333 1638 456 1675 forma,
492 1639 594 1681 qualis
618 1646 667 1669 est
692 1646 823 1681 tempe—

58 1682 176 1722 rantia,
204 1682 490 1724 complectendam
510 1695 590 1718 esse,
617 1683 676 1714 sed
696 1690 824 1715 tantum

59 1727 299 1770 temperantiae
322 1728 506 1770 praeceptis
531 1729 770 1771 obtemperare.

127 1775 319 1804 conturbatio
342 1775 451 1804 mentis
473 1775 628 1815 aufertur]
666 1775 728 1805 Pro
753 1784 825 1805 con-

60 1819 140 1849 turb.
166 1823 271 1860 quatt.
298 1819 377 1848 Oxx.
405 1818 496 1848 Mon.
517 1820 548 1849 ζ’.
577 1823 658 1860 Aug.
687 1818 773 1849 Gud.
793 1822 824 1850 ζ).

60 1861 174 1896 Duisb.
200 1868 233 1893 et
257 1862 379 1893 multae
404 1862 478 1893 edd.
505 1869 585 1894 vett.
611 1863 733 1894 habe-nt
757 1874 826 1903 per-

60 1909 212 1947 turbatio,
245 1907 333 1950 qnod
357 1914 405 1938 est
428 1908 672 1939 incommodum
695 1908 824 1950 glosse-

58 1963 131 1990 ma3
156 1963 250 1991 narn,
279 1951 325 1983 uti
350 1959 438 1983 recte
461 1952 560 1983 docet
583 1955 726 1992 Orellius,
751 1953 822 1994 ugi-

57 2003 112 2028 tur
135 1996 167 2027 h.
190 1996 211 2028 l.
243 1996 284 2027 de
314 1997 452 2039 physico
478 1997 576 2028 animi
600 1997 716 2028 morbo
751 2000 823 2038 &Ge-

58 2042 336 2073 miithskrankheicl
350 2066 359 2080 ‚
382 2052 445 2072 non
469 2041 509 2071 de
531 2053 567 2073 ea
591 2053 673 2084 quae
692 2042 823 2084 proprie

57 2084 177 2117 dicitur
200 2086 297 2116 animi
320 2089 548 2125 perturbatione
570 2088 823 2128 (Leidenschast).

127 2132 154 2174 §.
177 2130 231 2163 31.
264 2132 373 2170 eaque]
401 2130 455 2162 Sic
480 2133 532 2162 Or.
558 2138 647 2163 recte
672 2143 698 2163 c.
722 2132 819 2174 vulg,

59 2174 134 2208 coll.
159 2177 257 2207 Beier.
281 2176 323 2206 nd
348 2176 441 2207 Offie.
470 2177 491 2206 Ῐ.
515 2178 576 2213 ὣ,
603 2177 655 2208 5³⁵.
682 2188 712 2219 p.
732 2177 819 2215 217„

58 2231 216 2251 monens:
241 2220 441 2263 respondere
458 2221 699 2262 superioribus:
726 2231 821 2261 eaque

57 2267 156 2296 animi
173 2269 213 2296 est
226 2267 334 2297 virtus.
370 2265 462 2296 Adde
472 2267 632 2296 Handium
654 2266 694 2296 ad
708 2267 820 2308 W‘op-

57 2309 149 2340 kens.
181 2321 213 2351 p.
240 2311 310 2343 12³³..
343 2311 383 2341 D.
409 2312 485 2341 Ern.
510 2311 565 2341 W.
592 2310 664 2341 Sch.
693 2323 710 2341 e
735 2311 818 2343 coni.

57 2353 164 2385 Bentl.
189 2364 226 2385 ea
247 2365 326 2394 quae
346 2357 405 2386 dic.
455 2355 505 2385 Cf.
532 2354 573 2385 ad
600 2366 626 2386 c.
651 2358 684 2392 1,
707 2357 738 2387 ’2.

122 2400 246 2429 virtutis
264 2401 325 2429 vim
344 2401 446 2437 ipsam
465 2399 633 2441 continens]
658 2400 821 2431 Bentleius

58 2442 201 2473 correxit
224 2445 287 2473 vim
309 2445 378 2482 ipsa
397 2447 494 2482 cont.,
520 2450 554 2473 ut
579 2443 658 2474 haec
680 2444 721 2474 sit.
744 2456 822 2475 sen-

55 2486 180 2518 tentia:
206 2486 259 2517 illu
279 2487 492 2529 aequabilitas
515 2494 547 2517 et
566 2489 750 2519 constantia
767 2496 822 2520 aut

56 2531 212 2563 virtutem
236 2531 465 2574 subsequitur,
502 2538 558 2563 aut
581 2531 652 2573 ipsa
678 2539 727 2564 est
751 2533 820 2565 vir—

55 2582 119 2608 tus.
168 2580 210 2607 At
238 2583 327 2608 recte
350 2579 490 2609 Klotzius
510 2576 674 2618 vulgatum
698 2577 820 2609 defen-

57 2620 124 2659 dit,
152 2632 250 2664 quum
275 2621 529 2664 interpretatur:
565 2621 656 2653 nicht
679 2634 740 2653 nur
762 2622 819 2653 das

57 2665 196 2697 Streben
222 2666 305 2698 nach
329 2666 360 2697 d.
377 2667 515 2709 Tugend
537 2666 715 2701 besitzend=
738 2678 820 2697 son-

57 2709 136 2741 dern
157 2711 238 2742 auch
261 2711 314 2742 die
325 2712 465 2753 Tugend
485 2711 586 2743 selbst
610 2711 691 2753 (also
702 2713 817 2752 ipsam)

55 2753 89 2784 iu
111 2754 182 2786 sich
206 2755 418 2787 schliessend.

120 2801 316 2837 pulchritudo
343 2802 488 2844 vocatur]
526 2813 613 2837 „von
643 2801 701 2832 (lc-r
726 2801 820 2832 See-le

56 2848 181 2884 gesetzt
199 2843 242 2874 ist
266 2845 452 2880 stoischer,
480 2846 571 2877 nicht
595 2845 823 2889 Lateinis-cher

54 2887 380 2929 Sprachgebrauch.“
431 2893 519 2931 Wolf.

121 2934 221 2964 animi
251 2936 422 2967 multarum
454 2946 558 2968 rerum
583 2938 665 2967 brevi
689 2940 822 2976 tempore

52 2979 295 3020 percursionem]
317 2980 367 3011 De
383 2979 506 3023 duplici
527 2980 674 3023 genitivo
695 2991 734 3012 ex
756 2991 821 3013 uno

863 1323 996 1355 nomine
1029 1329 1109 1366 apto
1134 1336 1164 1355 v.
1189 1324 1231 1356 ad
1257 1326 1295 1356 ΙΙ.
1325 1326 1384 1364 15,
1407 1326 1461 1358 35.
1512 1324 1625 1356 Rarius

862 1375 970 1400 autem
1006 1368 1167 1400 eiusmodi
1199 1370 1335 1411 genitivi
1368 1371 1413 1402 ita
1446 1377 1625 1412 ponuntur,

862 1420 896 1444 ut
922 1413 1028 1455 primo
1053 1414 1128 1445 loco
1153 1414 1196 1444 sit
1221 1415 1411 1456 primarius,
1440 1416 1546 1446 altero
1570 1426 1626 1445 se-

861 1458 1055 1497 cundarius,
1091 1457 1191 1489 tertio
1219 1470 1338 1490 nomen
1366 1471 1501 1502 regens3
1539 1470 1626 1489 non-

859 1514 1024 1546 nunquam
1058 1502 1157 1534 etiam
1187 1514 1306 1535 nomen
1338 1516 1454 1547 regens
1488 1503 1627 1546 primum

857 1549 966 1580 locum
993 1555 1152 1590 occupat,
1179 1555 1214 1579 ut
1236 1549 1346 1591 Liger.
1371 1552 1411 1589 ξ),
1442 1550 1496 1581 1’.);
1523 1549 1628 1580 studia

858 1594 1000 1636 denique
1020 1596 1140 1634 generis
1163 1605 1202 1625 ac
1225 1596 1366 1635 familiae
1387 1598 1506 1628 vestrae
1530 1595 1628 1625 virtu-

858 1642 906 1670 tis.
953 1639 1147 1681 Plerumque
1170 1651 1287 1672 nomen
1318 1653 1433 1684 regens
1455 1642 1543 1673 inter
1565 1648 1625 1684 ge-

859 1684 980 1715 nitivos
1010 1683 1119 1715 locum
1153 1693 1311 1728 occupat:
1350 1690 1449 1719 animi
1470 1689 1627 1727 percursio

857 1731 1028 1760 multarum
1055 1739 1170 1760 rerum.
1218 1732 1308 1762 Infra
1335 1744 1361 1763 c.
1384 1732 1431 1769 17,
1456 1731 1517 1765 ἕως
1555 1733 1627 1764 fra—

859 1774 917 1805 tris
940 1773 1069 1815 repulsa
1095 1775 1289 1807 consulatus.
1340 1776 1390 1807 Cf.
1418 1779 1561 1809 Goerenz.
1584 1778 1625 1809 ad

861 1818 932 1849 Fin.
964 1820 1018 1849 ΙΙΙ.
1050 1819 1109 1855 15,
1134 1821 1187 1850 51.
1248 1823 1386 1861 Madvig.
1423 1821 1465 1852 ad
1501 1822 1570 1852 Fin.
1599 1824 1623 1852 Ῐ.

861 1865 901 1902 ὁ,
931 1861 987 1895 14:
1027 1865 1227 1902 Theophrasti
1256 1868 1404 1897 orationis
1431 1870 1625 1905 ornamenta,

860 1915 893 1938 et
916 1919 975 1938 nos
999 1907 1032 1938 in
1057 1908 1112 1938 Gr.
1140 1909 1177 1939 L.
1201 1912 1228 1952 §-
1251 1910 1320 1942 leo.
1346 1911 1428 1941 Not.
1444 1911 1474 1943 7.
1524 1912 1622 1942 Prae-

858 1959 949 1983 terea
983 1952 1186 1984 observanda
1210 1961 1259 1984 cst
1291 1955 1423 1997 elegans
1449 1955 1624 1986 verborum

860 1997 1054 2034 collocatio,
1092 2009 1155 2039 qua
1187 2000 1296 2030 omnia
1330 2000 1506 2034 vocabula,
1542 2006 1625 2043 (piae

858 2042 1006 2084 pendent
1027 2054 1044 2073 a
1067 2054 1098 2072 v.
1120 2046 1361 2084 percursionem,
1383 2052 1474 2076 arcte
1489 2045 1575 2076 inter
1590 2057 1626 2076 se

859 2087 1010 2129 copulata
1035 2093 1120 2118 sunt.
1156 2089 1194 2119 V.
1221 2100 1279 2120 nos
1303 2089 1334 2119 in
1361 2090 1416 2120 Gr.
1440 2090 1478 2120 L.
1504 2089 1622 2123 «167.

857 2132 937 2163 Not.
962 2132 995 2165 3.

926 2177 1003 2208 (Ἀρ.
1029 2178 1122 2208 XIV.
1169 2181 1280 2210 tentari
1301 2189 1362 2210 non
1383 2183 1533 2219 possunt,
1558 2190 1625 2211 cor-

853 2232 933 2261 pora
952 2222 1094 2265 possunt]
1118 2222 1208 2254 Haec
1230 2230 1278 2254 est
1299 2224 1460 2266 scriptura
1482 2224 1625 2266 vulgata,

857 2266 933 2298 edd.
972 2274 1121 2298 veterum
1168 2274 1201 2298 et
1241 2268 1336 2299 codd.
1380 2275 1509 2299 tantum
1556 2280 1622 2300 non

858 2311 1014 2349 omnium,
1041 2312 1140 2342 etiam
1162 2312 1200 2342 R.
1222 2313 1255 2343 P.
1279 2312 1365 2343 Gud.
1386 2316 1413 2344 1.
1429 2314 1468 2343 Il.
1494 2313 1536 2350 b.‚
1562 2324 1623 2343 au-

859 2356 1013 2387 ctoritate
1040 2356 1132 2387 fulta.
1183 2357 1258 2386 Non
1287 2367 1368 2398 opus
1403 2368 1473 2387 esse
1508 2357 1624 2388 conie-

859 2407 949 2431 ctura
974 2400 1111 2431 Bentleii
1135 2412 1152 2431 a
1173 2400 1300 2431 Wolfio
1326 2407 1478 2444 recepta:
1513 2404 1626 2433 tentari

855 2449 1000 2485 possunt,
1025 2449 1057 2475 ut
1080 2455 1210 2484 corpora
1228 2449 1374 2484 possunt,
1407 2457 1514 2488 neque
1538 2446 1624 2477 scri—

857 2496 951 2531 ptum
975 2489 1097 2520 codicis
1120 2489 1200 2520 Lall.
1224 2492 1330 2521 morbo
1354 2494 1463 2522 tentori
1484 2494 1624 2530 possunt,

855 2544 985 2573 corpora
1008 2538 1154 2573 possunt,
1184 2535 1316 2566 Orellius
1339 2542 1372 2566 et
1396 2537 1538 2567 Ktotzius
1561 2535 1622 2566 de-

856 2585 1132 2609 monstraverunt.
1176 2579 1348 2611 Sententia
1371 2580 1465 2611 huius
1487 2580 1552 2611 loci
1575 2580 1622 2611 sic

855 2622 1045 2663 accipienda
1070 2629 1135 2653 est:
1167 2623 1223 2654 Uti
1248 2635 1386 2666 corpus,
1412 2625 1456 2656 ita
1478 2625 1621 2656 animum

855 2667 977 2698 morbis
1000 2667 1178 2699 obnoxium
1202 2679 1281 2707 esse,
1309 2681 1335 2700 c.
1354 2670 1403 2702 13.
1426 2669 1622 2712 planissimis

857 2711 962 2742 verbis
985 2712 1126 2750 dicitur3
1152 2713 1209 2744 sed
1231 2713 1311 2744 illud
1333 2714 1517 2745 animorum
1544 2726 1622 2745 cor-

856 2767 971 2798 porum
995 2757 1151 2789 dissimile
1175 2764 1245 2795 est,
1272 2759 1360 2801 quod
1383 2760 1481 2790 animi
1506 2759 1621 2789 valen-

858 2807 917 2836 tes,
943 2801 963 2832 i.
985 2813 1012 2833 e.
1037 2814 1112 2833 vere
1135 2802 1205 2833 sani
1227 2810 1283 2834 aut
1304 2803 1479 2846 sapientes,
1505 2801 1621 2833 morbo

857 2846 1058 2878 extrinsecus
1083 2847 1185 2879 allato
1210 2848 1331 2879 tentari
1364 2860 1429 2878 non
1461 2852 1619 2889 possunt,

857 2901 931 2922 nam
953 2902 1067 2923 omnes
1097 2893 1278 2924 animorum
1301 2892 1407 2923 morbi
1432 2899 1464 2922 et
1486 2897 1619 2932 pertur-

855 2935 1005 2968 bationes
1029 2948 1095 2969 non
1119 2937 1320 2969 extrinsecus
1343 2936 1536 2973 afferuntur,
1561 2934 1621 2966 sed

857 2991 895 3012 ex
918 2981 1172 3024 adspernatione
1205 2981 1341 3013 rationis
1377 2979 1531 3011 eveniunt
1565 2986 1619 3011 at·-
