1863 3221
256 101 341 145 318
831 106 992 138 Linea
1018 107 1074 139 111.
1097 104 1164 148 34,
1189 106 1244 140 83.

257 189 367 241 tulit,
402 194 531 229 tamen
553 186 586 227 si
608 184 694 240 quis
718 197 831 225 error
854 184 1031 225 alicunde
1047 187 1065 212 ³
1094 185 1269 236 exstitit,
1302 186 1335 226 si
1360 193 1564 241 paupertas
1586 186 1807 237 momordit,

257 263 290 305 si
310 260 523 317 ignominia
543 259 717 314 pupugit,
751 257 784 298 si
806 257 893 312 quid
913 257 1161 298 tenebrarum
1181 258 1317 299 offudit
1337 260 1541 310 exsilium,
1575 267 1640 300 aut
1658 274 1808 309 eorum,

257 349 353 391 quae
377 334 490 374 modo
513 332 610 383 dixi,
644 332 676 372 si
699 331 788 386 quid
814 331 988 383 exstitit,
1022 331 1054 372 si
1069 334 1085 358 ³
1111 331 1351 386 singularum
1369 346 1501 373 rerum
1523 339 1614 372 sunt
1634 332 1810 387 propriae

256 407 568 457 consolationes,
608 405 654 445 de
684 405 819 459 quibus
852 405 985 445 audies
1017 412 1058 445 tu
1086 405 1262 459 quidem,
1306 420 1418 459 quum
1454 406 1579 447 voles.
1652 404 1731 446 Sed
1765 405 1811 445 ad

256 482 421 523 eundem
447 481 591 520 fontem
615 479 890 520 revertendum
914 485 995 529 est,
1036 477 1317 533 aegritudinem
1342 492 1492 519 omnem
1515 478 1648 533 procul
1673 478 1811 518 abesse

255 569 276 596 a
299 554 498 608 sapiente,
541 552 641 607 quod
663 551 790 592 inanis
816 551 889 602 sit,
928 551 1029 605 quod
1057 552 1201 592 frustra
1226 551 1482 606 suscipiatur,
1522 552 1623 606 quod
1645 565 1722 591 non
1745 565 1812 591 na-

254 635 342 669 tura
364 627 588 678 exoriatur,
632 625 700 666 sed
722 624 887 675 iudicio,
931 624 998 665 sed
1032 624 1238 679 opinione,
1283 624 1352 665 sed
1383 624 1546 678 quadam
1581 624 1812 665 invitatione

255 702 303 742 ad
325 700 551 751 dolendum,
585 713 700 753 quum
721 698 757 738 id
782 698 1071 740 decreverimus
1094 698 1145 738 ita
1173 697 1255 738 fieri
1276 704 1474 753 oportere.
1536 704 1604 739 85.
1640 697 1724 738 Hoc
1747 698 1812 738 de-

254 782 405 825 tracto,
446 773 546 827 quod
567 779 688 812 totum
715 779 776 812 est
796 771 1072 822 voluntarium,
1103 771 1305 826 aegritudo
1332 771 1407 811 erit
1435 771 1586 812 sublata
1618 771 1681 812 illa
1707 784 1812 811 mae·-

255 862 373 898 rens;
400 860 554 887 morsus
572 852 701 886 tamen
720 852 758 885 et
778 844 1134 885 contractiunculae
1150 847 1166 870 3
1187 845 1375 898 quaedam
1392 843 1507 884 animi
1527 844 1809 898 relinquentur.

255 920 368 962 Hanc
398 920 529 960 dicant
557 932 650 958 sane
682 918 921 968 naturalem,
965 917 1053 957 dum
1088 917 1341 971 aegritudinis
1376 931 1516 958 nomen
1548 918 1648 958 absit
1672 930 1807 972 grave,

254 1000 419 1044 tetrum,
454 993 647 1032 funestum
665 1021 675 1041 ,
709 990 810 1045 quod
831 1004 915 1030 cum
936 989 1127 1045 sapientia
1152 1003 1240 1030 esse
1260 996 1390 1045 atque,
1427 997 1465 1031 ut
1486 990 1540 1031 ita
1561 991 1685 1031 dicam
1700 1021 1710 1040 ,
1744 990 1810 1030 ha-

344 1132 366 1166 3
389 1145 419 1166 v.
442 1131 527 1165 Adn.

253 1213 476 1251 losophiae
510 1217 543 1242 et
572 1213 598 1242 ei
630 1220 692 1252 pro
724 1213 750 1242 et
780 1212 826 1250 si;
859 1212 1018 1242 Nissenius
1051 1210 1091 1241 V.
1115 1209 1147 1249 2,
1165 1208 1205 1242 6:
1232 1209 1314 1242 haec
1336 1209 1546 1241 indoctorum
1570 1208 1685 1241 animis
1710 1211 1811 1249 offusa

252 1257 318 1288 ita:
345 1260 388 1288 sic
411 1259 450 1287 in
471 1257 667 1295 philosophia
689 1261 751 1286 etc.
773 1256 824 1294 L.,
846 1257 928 1295 Sch„
953 1266 1015 1286 nu-

252 1313 313 1344 per
337 1304 386 1333 Tr.
411 1300 605 1331 deleverunt
628 1300 725 1342 plane
751 1304 777 1331 et
800 1302 846 1339 si,
871 1307 906 1331 ut
931 1311 1017 1342 apo—

253 1346 342 1378 dosis
370 1345 535 1377 ordiretur
559 1357 576 1377 a
601 1344 709 1376 verbis
743 1347 939 1383 sinyularum
962 1354 1017 1376 re-

251 1401 344 1429 rum,·
371 1392 497 1430 Wolfius
513 1389 703 1420 Ciceronem
718 1388 860 1420 seribere
874 1388 1016 1421 voluisse

251 1442 341 1467 ratus
361 1437 404 1466 sic
420 1436 614 1474 philosophia
634 1458 725 1465 .....
749 1435 898 1473 medetur,
919 1433 1015 1465 dein-

253 1479 296 1511 de
317 1485 426 1510 autem
445 1486 570 1510 mutata
590 1485 753 1509 structura
769 1477 888 1509 dixisse
909 1481 1014 1518 sinyu-

252 1527 355 1556 larum
375 1534 402 1556 r.
420 1534 444 1555 s.
464 1534 498 1563 p.
517 1534 554 1562 c.,
579 1523 678 1554 verba
701 1527 727 1554 el
745 1526 771 1554 si
794 1523 882 1554 uncis
903 1524 1015 1566 sepsit.

251 1571 366 1601 Brutus
390 1568 588 1600 coniunctim
601 1572 655 1600 elsi
673 1568 879 1599 scribendum
893 1575 925 1599 et
938 1575 1014 1600 ante

252 1613 288 1645 id
317 1620 473 1656 punctum
504 1612 695 1655 ponendum
730 1620 859 1651 censet,
896 1620 930 1644 ut
961 1615 1016 1645 elsi

252 1658 318 1690 vim
343 1658 530 1699 corrigendi
549 1658 671 1689 habeat
695 1660 737 1700 (v.
760 1657 926 1689 Adnotatu
949 1669 1013 1689 no-

252 1709 320 1734 stra
343 1702 375 1733 in
399 1704 454 1733 lv.
480 1701 544 1741 29,
570 1701 650 1743 63.).
697 1701 760 1733 Alii
785 1705 877 1733 eliam
904 1714 964 1743 pro
989 1707 1016 1734 et

252 1750 279 1778 si
324 1746 498 1788 legendum
543 1747 762 1778 coniecerunt.
823 1749 942 1778 Keilius
980 1747 1015 1778 in

251 1793 366 1833 Progr.
390 1790 421 1823 d.
444 1803 475 1834 p.
492 1792 590 1823 XlX.
612 1791 720 1822 locum
739 1791 786 1822 sic
808 1791 1015 1823 constituen—

251 1836 329 1867 dum
355 1842 481 1867 censet:
516 1839 560 1867 sic
581 1838 795 1875 philosophia,
827 1847 922 1875 quum
945 1839 1015 1868 uni-

250 1891 373 1912 versam
406 1883 630 1921 aegritudinem
662 1883 805 1920 sustulit,
839 1884 1015 1913 sustulit

250 1928 378 1957 etiam
403 1932 464 1956 cte.
491 1932 524 1956 et
548 1937 608 1967 pro
634 1929 660 1956 el
681 1928 708 1957 sl
737 1925 937 1956 coniunctim
961 1929 1015 1957 elsi

251 1970 471 2001 scribendum.
532 1972 624 2008 Quae
657 1970 742 2001 ratio
775 1970 828 2000 vix
866 1970 1013 2013 cuiquam

249 2015 454 2056 probabitur.
499 2016 638 2045 Klolzius
661 2014 801 2056 deniqne
825 2015 858 2045 in
881 2016 1014 2054 Quaest.

250 2058 339 2090 Tull.
365 2070 396 2100 p.
417 2059 474 2090 111
492 2069 540 2100 sq.
574 2058 758 2089 orationem
790 2056 1013 2093 α’νακὸλουὲον

251 2113 321 2133 esse
357 2109 505 2133 statuens
542 2102 623 2133 nihil
660 2103 851 2133 mutandum
890 2111 1012 2143 censet,

250 2146 350 2178 verba
375 2153 483 2177 autem
509 2150 535 2178 el
558 2150 585 2178 si
607 2149 718 2186 sinyul.
745 2154 806 2178 etc.
832 2148 877 2178 sic
906 2148 1013 2179 inter-

250 2191 429 2233 pretanda:
464 2195 491 2222 el
513 2194 540 2223 si
559 2193 700 2231 singulae
724 2202 772 2223 res
797 2195 935 2231 propriis
959 2203 1013 2224 ra-

248 2238 381 2268 tionibus
423 2240 494 2267 sunt
536 2238 695 2267 curandae
737 2239 1013 2276 consolandaeque,

249 2280 321 2311 vel:
360 2284 386 2311 et
416 2290 615 2320 quaecunque
640 2291 690 2312 res
718 2283 859 2321 sinyulae
882 2284 1013 2322 singulis

246 2327 504 2357 consolationibus
527 2329 622 2365 eyent.

316 2372 460 2401 alicunde
481 2369 571 2411 exst]
596 2369 650 2401 Sic
672 2370 787 2412 scripsi
808 2381 825 2401 e
849 2370 934 2402 coni.
956 2373 1013 2402 Er-

248 2416 347 2453 nesliz',
372 2414 511 2456 probata
528 2416 736 2455 Wesenberyio
756 2416 824 2447 Em.
839 2416 879 2446 Il.
901 2427 933 2458 p.
947 2416 1011 2454 59.,

248 2468 310 2499 pro
334 2460 471 2489 aliunde.
518 2459 689 2490 Sententia
719 2459 805 2490 enim
837 2466 885 2491 est
910 2460 1010 2491 haec:

249 2504 367 2540 siquis
389 2512 473 2533 error
508 2503 553 2545 (h.
577 2515 604 2534 e.
634 2504 661 2534 si
684 2515 755 2554 'qua
789 2504 900 2547 opinio
932 2504 1009 2535 mali

247 2546 449 2588 praesentis,
474 2546 507 2577 in
529 2558 593 2589 quo
617 2548 692 2590 angi
717 2556 871 2590 oportere
892 2549 1010 2580 videa-

248 2589 316 2631 tur)
343 2592 497 2629 alicunde,
522 2591 553 2622 h.
574 2603 601 2622 e.
627 2604 665 2623 ex
687 2593 795 2635 aliqua
817 2605 879 2625 una
900 2605 936 2625 re
958 2598 1009 2635 (ex

247 2633 382 2675 singulis
406 2634 514 2674 rebus)
538 2639 671 2675 exstitit,
696 2638 905 2680 philosophia
929 2650 1009 2681 pro—

247 2678 334 2731 prias
361 2678 602 2709 consolationes
631 2661 782 2719 adhibet,
820 2684 867 2714 uti
899 2686 1009 2715 medici

247 2726 395 2755 minimae
416 2725 509 2754 etiam
535 2727 675 2763 parti,
699 2736 724 2756 sz
750 2729 922 2767 condoluit,
946 2738 1009 2760 me-

246 2769 368 2800 dentur.
417 2768 466 2798 De
486 2769 612 2799 aliunde
635 2775 667 2799 et
690 2772 861 2802 alicunde
852 2784 885 2803 m
909 2772 1007 2804 codd.

248 2812 392 2844 confusis
416 2823 447 2843 v.
471 2811 513 2843 ad
540 2813 563 2843 l.
588 2812 651 2850 23,
674 2814 727 2845 53.

313 2859 340 2889 si
363 2858 439 2897 quid
471 2859 664 2888 tenebrarum
687 2859 811 2899 offudit]
848 2860 889 2892 N.
914 2861 953 2891 D.
981 2863 1006 2892 I.

245 2901 286 2941 3,
311 2901 349 2935 6:
384 2913 468 2944 quae
488 2901 594 2933 lucem
617 2901 760 2943 eriperet
782 2909 814 2932 et
837 2904 928 2945 quasi
951 2915 1007 2937 no-

245 2950 322 2978 ctem
356 2946 520 2989 quandam
549 2945 644 2977 rebus
679 2948 859 2986 offunderet.
915 2950 1005 2982 Infra

1050 1257 1151 1295 caligo
1176 1261 1235 1286 est.

1119 1300 1248 1343 audies]
1290 1299 1374 1331 libro
1410 1306 1528 1342 quarto
1560 1298 1693 1332 Tuscul.
1718 1297 1809 1341 Disp.

1050 1344 1102 1375 Ad
1126 1356 1216 1387 seqq.
1250 1347 1312 1376 Sed
1344 1347 1387 1376 ad
1414 1347 1543 1376 eundem
1574 1346 1688 1384 fontem
1709 1353 1813 1375 rever-

1051 1391 1175 1421 tendum
1199 1394 1240 1420 es!
1263 1401 1302 1420 ex
1323 1389 1496 1421 antecedd.
1518 1388 1737 1432 supplendum
1762 1394 1811 1419 est

1050 1436 1083 1466 in
1105 1436 1236 1473 sinyulis
1256 1437 1354 1466 rebus.

1120 1480 1147 1521 ᾖ.
1161 1479 1214 1511 ὃὸ.
1237 1480 1517 1510 contractiunculae
1534 1476 1808 1519 —relinquentur]

1050 1523 1103 1555 Sic
1127 1523 1239 1564 legunt
1265 1535 1376 1555 omnes
1403 1523 1499 1555 codd.
1523 1529 1557 1554 et
1578 1523 1664 1553 Non.
1686 1534 1718 1564 p.
1735 1522 1808 1557 92.
1802 1534 1808 1540 “

1047 1570 1201 1600 Bentleius
1234 1568 1408 1609 legendum
1439 1574 1535 1618 putat
1565 1569 1810 1599 contractiuncu-

1049 1615 1079 1643 la
1110 1632 1152 1636 —
1177 1615 1384 1653 relinquetur,
1426 1612 1500 1655 quia
1533 1619 1687 1654 sequatur
1720 1613 1811 1650 hanc,

1049 1668 1243 1699 semperque
1262 1657 1376 1689 Cicero
1397 1657 1514 1688 dixerit
1532 1659 1696 1689 contractio
1712 1658 1810 1687 animi

1049 1707 1083 1732 et
1104 1704 1218 1733 doloris
1239 1712 1359 1733 morsus
1379 1713 1514 1733 numero
1534 1702 1628 1743 sing„
1653 1712 1718 1732 non
1738 1711 1808 1732 con-

1050 1749 1213 1778 tractiones
1238 1754 1270 1777 et
1297 1757 1428 1778 morsus.
1479 1750 1520 1778 At
1546 1746 1669 1788 optime
1694 1752 1808 1776 contra

1050 1793 1213 1831 Handz'us,
1239 1791 1479 1833 Wopkensium
1500 1798 1648 1829 secutus,
1674 1803 1706 1832 p.
1730 1788 1806 1822 119:

1049 1836 1163 1875 „Nihil
1197 1836 1354 1878 integrius
1380 1844 1429 1867 est
1453 1836 1612 1878 scriptura
1638 1835 1807 1871 codicum3

1048 1882 1128 1912 hanc
1151 1883 1257 1913 dicant
1279 1891 1353 1912 sane
1375 1883 1550 1912 naturalem
1582 1880 1725 1923 positum
1760 1886 1810 1909 est

1049 1936 1126 1967 pro:
1162 1928 1217 1957 hoc
1240 1928 1345 1957 dicant
1365 1928 1529 1965 naturale,
1554 1932 1586 1956 et
1607 1925 1746 1956 relatum
1766 1923 1807 1955 ad

1048 1972 1308 2010 aeqriludinenzf‘
1328 1989 1372 1994 —
1406 1970 1495 2009 ⁷,Sed
1516 1977 1583 2001 tum
1600 1969 1728 2009 dixerit,
1754 1969 1806 2000 in-

1049 2015 1159 2057 quies,
1187 2015 1322 2053 Cicero,
1347 2015 1605 2057 aegritudinem,
1638 2026 1721 2057 quae
1743 2014 1808 2045 iam

1048 2059 1175 2091 sublata
1197 2066 1292 2095 esset,
1315 2060 1413 2091 licere
1433 2060 1497 2091 dici
1515 2060 1706 2097 naturalem,
1731 2070 1808 2090 mo·-

1048 2103 1092 2134 do
1117 2115 1182 2135 non
1208 2104 1392 2146 appelletur
1415 2104 1605 2147 aegritud03
1640 2111 1738 2146 atque
1761 2103 1807 2134 ita

1048 2148 1285 2189 aegritudinem
1310 2149 1442 2179 vocabit
1470 2149 1523 2187 id,
1560 2161 1578 2180 a
1605 2160 1670 2191 quo
1695 2149 1807 2179 abesse

1048 2203 1166 2223 nomen
1192 2193 1273 2223 illud
1297 2192 1387 2223 velit.
1434 2193 1498 2224 Sed
1520 2204 1586 2224 non
1608 2193 1654 2223 ita
1677 2199 1729 2224 est
1751 2204 1807 2224 ar-

1047 2237 1246 2278 gutandum3
1273 2237 1424 2269 similiter
1447 2237 1533 2269 enim
1556 2237 1657 2268 Acad.
1680 2239 1720 2276 ll,
1742 2235 1804 2269 46:

1049 2281 1194 2324 reliquae
1227 2282 1363 2312 virtutes
1378 2307 1385 2320 ,
1434 2294 1569 2325 quarum
1610 2293 1679 2313 esse
1717 2281 1806 2313 nulla

1049 2332 1179 2368 potest,
1206 2326 1268 2357 nisi
1291 2327 1351 2357 erit
1374 2327 1534 2368 gratuitam
1560 2338 1634 2358 nam
1660 2338 1742 2369 quae
1762 2346 1806 2351 —

1048 2371 1220 2414 voluptate
1240 2370 1281 2402 ad
1302 2372 1447 2403 officium
1467 2372 1655 2414 impellitur,
1681 2383 1718 2403 ea
1738 2382 1805 2402 non

1048 2422 1097 2447 est
1117 2416 1236 2453 virtus,
1262 2415 1320 2447 sed
1343 2416 1442 2447 fallax
1461 2416 1602 2448 imitatio
1621 2416 1806 2447 simulatio-

1047 2471 1109 2502 que
1143 2460 1282 2493 virtutis.
1332 2460 1372 2492 de
1409 2461 1513 2493 Divin.
1538 2463 1571 2502 I,
1597 2462 1659 2494 50:
1700 2461 1805 2492 Multa

1044 2505 1162 2536 medici
1187 2505 1430 2547 praesentiuntz
1465 2506 1524 2537 sed
1548 2506 1669 2536 nullam
1692 2517 1804 2537 eorum

1044 2549 1280 2581 divinationem
1296 2561 1390 2587 νοοο,
1414 2561 1455 2581 ne
1470 2550 1558 2581 illam
1576 2549 1718 2592 quidem,
1742 2561 1804 2592 qua

1043 2594 1160 2625 moniti
1181 2594 1434 2626 Lacedaemonii
1456 2602 1541 2632 sunt,
1566 2595 1599 2625 h.
1618 2606 1644 2625 e.
1670 2594 1727 2625 sed
1750 2594 1804 2625 ni—

1043 2639 1089 2670 hil
1111 2639 1178 2670 tale
1193 2640 1243 2670 vel
1263 2639 1382 2670 nullam
1399 2639 1495 2670 talem
1514 2650 1626 2670 eorum
1644 2650 1802 2680 praesen—

1043 2683 1167 2715 sionem
1193 2695 1276 2715 voco
1301 2683 1562 2714 ‹livinationem“
1588 2690 1665 2715 cett.
1712 2686 1802 2723 Wop-

1043 2731 1125 2760 kens.
1172 2731 1303 2761 Orellius
1326 2728 1449 2770 recepit
1474 2728 1605 2770 quidem
1631 2728 1802 2760 coniectu-

1044 2785 1112 2804 ram
1135 2773 1291 2810 Bentleii,
1317 2779 1431 2814 postea
1455 2779 1563 2803 autem
1585 2773 1625 2804 ad
1652 2773 1801 2805 codicum

1042 2818 1235 2859 scripturam
1260 2817 1367 2848 rediit.

1109 2863 1190 2901 quod
1214 2872 1283 2893 cum
1307 2863 1461 2901 supientia
1484 2871 1546 2893 esse
1570 2866 1660 2902 alque
1679 2880 1723 2886 —
1743 2864 1800 2894 ha-

1042 2909 1139 2938 bitare
1160 2924 1203 2929 —
1224 2905 1333 2948 possit]
1369 2907 1407 2937 V.
1432 2904 1496 2944 24,
1522 2906 1584 2938 69:
1623 2909 1696 2946 Quo
1720 2913 1798 2938 tan-

1042 2950 1117 2982 dem
1138 2949 1238 2992 igitur
1261 2949 1380 2992 gaudio
1405 2950 1493 2982 affici
1517 2962 1649 2983 necesse
1672 2957 1721 2983 est
1743 2962 1799 2983 sa-
