1863 3221
224 140 279 184 36
835 136 1182 171 PROLEGOMENA.

340 234 393 268 ita
417 225 624 264 dicendum
649 229 724 270 est,
756 220 915 259 eandem
939 219 1017 256 vim
1040 220 1080 255 in
1102 218 1254 255 virtute
1279 230 1360 255 esse
1381 218 1429 255 ad
1458 219 1606 255 beatam
1637 219 1782 266 vitam3

341 294 638 334 contrariorum
661 289 763 328 enim
787 287 986 325 contraria
1009 291 1102 323 sunt
1123 286 1414 334 consequentia.
1444 284 1483 337 5.
1506 289 1572 322 50.
1634 285 1784 322 Vitium

341 370 466 402 autem
495 367 534 398 et
556 359 689 396 virtus
717 355 919 394 contraria
941 360 1053 402 suut,
1092 353 1258 390 alterum
1283 352 1443 390 alteram
1470 353 1595 401 tollit,
1637 359 1702 401 ut,
1747 354 1783 391 in

337 444 452 482 quem
473 428 615 466 cadant
632 423 907 476 aegritudines,
937 420 1102 459 virtutis
1120 434 1278 471 compos
1295 433 1375 457 esse
1395 434 1473 458 non
1492 420 1629 472 possit.
1659 419 1700 472 5.
1719 424 1786 459 50.

342 516 375 538 c.
396 501 462 537 18.
515 497 546 533 E
561 494 646 532 vita
662 490 995 530 nobilissimorum
1013 488 1217 525 hominum
1235 488 1408 538 exempla
1427 488 1664 537 afferuntur,
1695 490 1785 539 qui-
1815 509 1818 511 ·

339 569 412 605 bus
435 563 686 610 ostendatur,
717 559 860 598 vitium
882 557 1078 605 miseram,
1108 557 1299 594 virtutem
1316 556 1464 593 beatam
1483 556 1604 593 vitam
1623 556 1788 595 efficere.

339 650 373 674 c.
403 637 454 673 19
469 654 527 662 —-
541 634 608 669 25.

265 729 312 779 θ)
345 724 425 773 Qui
444 725 575 762 bonus
592 727 659 768 est,
691 720 715 756 i.
736 732 768 756 e.
786 716 953 756 virtutis
974 729 1152 767 compos,
1183 715 1283 753 idem
1304 714 1477 766 sapiens,
1510 714 1535 751 i.
1557 728 1587 751 e.
1605 714 1787 766 philoso—

340 793 456 845 phus,
487 797 555 828 est.
616 787 778 838 Sapiens
795 792 923 823 autem
945 790 983 821 et
998 783 1341 835 praestantissimis
1361 782 1482 820 animi
1501 782 1615 819 bonis
1631 783 1789 833 gaudet,

332 868 377 899 et
402 872 524 910 quum
546 857 591 894 in
611 856 757 902 otiosa,
788 859 872 890 tum
897 852 939 889 in
959 851 1118 903 publica
1145 851 1227 888 vita
1252 863 1271 887 e
1297 850 1491 900 sapientia
1522 850 1789 901 pulcherrima

340 926 482 979 gaudia
508 923 696 976 percipit.
755 920 950 972 Sapientis
985 919 1110 969 igitur
1138 918 1223 955 vita
1256 917 1357 955 nihil
1382 917 1598 966 desiderat,
1638 931 1717 968 quo
1740 918 1792 956 sit

332 995 506 1034 beatior„
565 990 815 1041 Exprimitur
846 987 923 1025 viri
951 985 1153 1024 cuiusdam
1185 985 1341 1036 optimis
1377 986 1529 1023 artibus
1554 986 1790 1036 praestantis

340 1064 488 1112 imago,
520 1058 665 1110 partim
689 1056 872 1095 omnibus
896 1053 1173 1105 philosophiae
1195 1053 1413 1104 disciplinis
1437 1052 1605 1100 exculti,
1643 1053 1790 1104 partim

340 1132 384 1168 «in
403 1143 445 1167 re
465 1126 623 1178 publiea
643 1124 804 1171 versati,
834 1122 1095 1171 amicitiisque
1116 1121 1326 1158 doctorum
1349 1127 1388 1157 et
1407 1120 1643 1171 sapientium
1660 1120 1790 1157 bomi-
1831 1130 1834 1132 ’

344 1211 438 1236 num
464 1193 663 1240 florentis,
695 1189 1016 1239 ostenditurque,
1049 1188 1117 1238 qui
1137 1189 1190 1225 eis
1212 1188 1363 1238 gaudiis
1383 1188 1564 1235 fruatur,
1595 1201 1682 1226 eum
1697 1188 1790 1225 bea—

344 1273 427 1303 tum
453 1276 550 1310 esse,
576 1261 697 1310 idque
719 1271 872 1296 necesse
893 1269 973 1294 esse
997 1269 1127 1293 omnes
1151 1255 1346 1293 confiteri.
1378 1269 1409 1292 c.
1433 1258 1499 1294 24.
1524 1260 1589 1293 25.

344 1360 377 1394 g.
443 1339 701 1379 Adversarius
725 1337 904 1387 quaerit,
945 1350 1144 1385 semperne
1169 1337 1334 1384 sapien-s·
1361 1334 1501 1370 beatus
1531 1350 1613 1370 ess-e
1639 1337 1788 1384 pos-sit,

232 1416 355 1451 etiam
375 1416 417 1448 ιή
436 1411 622 1446 muciam
641 1414 675 1442 eh
697 1406 917 1442 tormentis.
978 1402 1083 1439 Huic
1103 1402 1238 1439 Cicero
1260 1401 1492 1451 respondet,
1523 1400 1563 1437 id
1585 1415 1662 1437 non
1682 1414 1793 1451 egere
1818 1396 1821 1398 ’

232 1477 592 1532 argumentatione,
623 1473 837 1524 sapientem
858 1471 1015 1508 beatum
1034 1470 1140 1516 fore,
1177 1469 1209 1505 si
1232 1469 1271 1504 in
1294 1468 1376 1504 vita
1401 1468 1579 1505 omnibus
1602 1468 1810 1505 iucundi?

234 1549 377 1585 tatibus
404 1546 547 1582 referta
573 1541 856 1579 constituatur.
915 1538 954 1574 Si
984 1537 1061 1587 ipsi
1085 1536 1282 1586 Epicuro,
1323 1536 1389 1585 qui
1414 1536 1659 1586 voluptatem
1681 1549 1790 1572 suni-

231 1629 334 1653 mum
353 1615 513 1659 bonum,
544 1610 721 1648 dolorem
740 1619 931 1645 summum
954 1605 1096 1641 malum
1118 1617 1196 1641 esse
1216 1603 1340 1651 dicat,
1373 1604 1501 1640 dicere
1522 1603 1665 1650 licebit,
1698 1603 1791 1640 nul-

232 1686 311 1721 lum
329 1680 497 1731 sapienti
521 1692 598 1715 esse
620 1684 785 1727 tempus,
817 1674 889 1711 etsi
912 1673 1099 1710 maximos
1123 1671 1325 1709 cruciatus
1347 1671 1543 1722 patiatur,
1575 1670 1670 1720 quin
1697 1671 1791 1707 bea-

235 1758 296 1788 tus
324 1750 396 1786 sit:
436 1748 560 1783 multo
586 1744 705 1794 magis
732 1742 942 1780 dicendum
967 1747 1023 1777 est
1051 1740 1123 1786 eis,
1155 1740 1223 1788 qui
1251 1738 1354 1775 nihil
1379 1738 1660 1788 expetendum,
1692 1738 1792 1775 nihil
1825 1768 1831 1774 .

234 1820 273 1854 in
295 1816 409 1855 bonis
431 1813 674 1859 ducendum,
714 1809 822 1860 quod
845 1809 1050 1846 honestate
1072 1813 1220 1854 careat,
1260 1805 1497 1843 existimant.
1516 1827 1573 1832 —
1632 1808 1790 1856 Optan-

234 1888 327 1922 dum
353 1897 444 1920 sane
480 1881 594 1927 dicit,
633 1886 677 1915 ut
708 1878 823 1914 etiam
853 1874 1108 1926 Peripatetici
1139 1880 1367 1923 reteresque
1389 1873 1603 1910 Academici
1634 1873 1790 1911 tandem

234 1951 444 2003 aliquando
470 1955 605 2000 aperte
630 1954 667 1983 ct
692 1946 796 1983 clara
818 1958 915 1982 voce
948 1956 1032 1980 cum
1056 1941 1197 1979 Stoicis
1221 1941 1391 1978 audeant
1415 1941 1565 1988 dicere,
1603 1941 1790 1992 sapientis

236 2022 354 2058 xitam
386 2018 499 2055 etiam
532 2017 570 2052 in
601 2014 780 2051 maximis
811 2011 1053 2049 cruciatibus
1083 2011 1233 2048 beatam
1263 2022 1353 2046 esse.
1386 2023 1419 2046 c.
1439 2013 1504 2047 26.
1525 2012 1591 2046 27.

344 2097 384 2134 h.
442 2096 519 2132 Iam
541 2094 676 2130 Cicero
693 2091 798 2129 redit
815 2090 865 2127 ad
883 2103 963 2126 eam
980 2089 1221 2135 sententiam,
1252 2101 1328 2137 qua
1348 2088 1652 2139 disputationem
1668 2101 1789 2124 exor-

234 2179 299 2203 sus
324 2170 380 2201 est
405 2170 443 2200 et
470 2175 584 2212 quan]
607 2160 781 2211 probare
802 2164 967 2195 conatus
992 2162 1066 2204 est,
1098 2156 1221 2193 vitam
1245 2156 1395 2193 beatam
1413 2155 1584 2192 virtutes
1604 2155 1717 2192 etiam
1741 2155 1787 2192 ad

231 2232 399 2270 maxima
435 2235 629 2267 tormenta
663 2227 960 2274 cruciatumque
996 2224 1197 2275 prosequi.
1257 2223 1335 2260 Nec
1369 2222 1469 2259 enim
1502 2222 1671 2259 virtutes
1706 2222 1789 2258 sine

232 2302 342 2339 beata
366 2299 445 2336 vita
472 2296 681 2334 cohaerere
703 2299 888 2344 possunt,
918 2306 990 2329 nec
1015 2292 1082 2329 illa
1103 2291 1184 2328 sine
1202 2290 1433 2328 virtutibus.
1494 2289 1535 2326 ld
1561 2289 1788 2326 illustratur

238 2367 492 2418 imaginibus,
524 2364 664 2413 quibus
692 2361 814 2398 Stoici
837 2366 1009 2397 utuntur
1029 2359 1078 2396 ad
1103 2359 1299 2395 virtutum
1320 2357 1589 2407 amplissimam
1614 2356 1785 2407 dignita—

235 2443 308 2474 tem
329 2431 621 2471 describendam
644 2430 706 2479 (cs.
734 2443 765 2466 c.
787 2432 826 2465 5.
856 2425 1002 2478 515.)
1034 2440 1065 2463 c.
1089 2429 1156 2464 28.
1185 2423 1225 2477 5.
1249 2429 1316 2463 80.
1333 2428 1420 2474 81.,
1452 2424 1788 2474 confirmaturque

230 2503 452 2540 Stoicorum
483 2498 748 2537 conclusione.
775 2494 816 2548 5.
843 2497 910 2533 82.

347 2594 404 2629 ΙΙΙ.
465 2589 705 2637 Quaestione
734 2586 936 2638 proposita
964 2585 1012 2622 ad
1041 2584 1189 2621 exitum
1220 2583 1436 2634 perducta,
1477 2582 1548 2618 alia
1576 2582 1786 2619 subiicitur

233 2660 473 2709 disputatio,
512 2670 608 2707 qua,
650 2654 970 2692 Academicorum
992 2653 1173 2690 libertate
1194 2664 1306 2698 usus,
1347 2663 1604 2700 quaec-Imque
1626 2649 1785 2686 diss-en-

234 2728 420 2763 tientium
449 2724 782 2774 philosophorum
803 2723 1000 2758 sententia
1031 2723 1086 2756 sit
1110 2719 1157 2757 de
1183 2731 1338 2755 ι«ςιινηηιο
1369 2717 1493 2760 bozzo,
1533 2724 1666 2753 lamen
1698 2719 1785 2752 vir-

235 2801 354 2831 tutem
379 2794 484 2828 mztis
512 2791 655 2827 habere
679 2790 737 2827 acl
761 2791 891 2825 vitam
915 2789 1075 2825 beatam„
1099 2785 1328 2837 Inaesz'dii,
1370 2784 1638 2820 demonstrare
1662 2797 1783 2819 cona-

235 2868 312 2898 tur.
344 2874 375 2896 c.
399 2861 466 2896 29.
525 2858 658 2905 Itaque
689 2856 865 2892 breviter
894 2859 1175 2892 enumerantur
1208 2851 1537 2902 philosophorum
1571 2850 1784 2888 sententiae

234 2929 280 2965 de
304 2940 453 2964 summo
480 2925 601 2962 bono:
633 2936 731 2972 quae
753 2929 823 2958 aut
844 2922 1035 2972 simplices
1058 2928 1171 2969 sunt,
1203 2926 1267 2956 ant
1291 2918 1451 2966 mixtae,
1484 2925 1520 2955 et
1542 2918 1716 2967 quidem:

1834 0 1854 256 ’'J-Q

1844 730 1847 736 ,
1839 464 1847 715 2>24<-<-.-—-·<-
1837 369 1845 442 ----
