1832 3137
1530 90 1607 133 123

1371 178 1470 220 lllud
1491 180 1606 220 modo

42 254 196 304 videto,
238 261 279 294 ut
313 254 427 294 deum
459 256 590 304 noris,
636 254 708 294 etsi
740 253 823 293 eins
855 254 1016 307 ignores
1049 261 1087 294 et
1115 254 1240 294 locum
1273 260 1311 294 et
1343 253 1506 304 faciem,
1550 254 1606 293 sic

638 103 802 134 meisa
830 104 852 134 ι.
879 100 943 142 29,
969 101 1022 135 71.

44 184 105 222 l‘ac
125 181 301 235 igneam,
337 182 396 220 fac
419 180 667 234 spirabilem:
702 181 795 220 nihil
814 181 859 220 ad
878 181 916 221 id
931 213 942 231 ,
977 182 1023 221 de
1045 196 1119 235 quo
1142 181 1309 235 agimus.

42 327 210 367 animum
239 327 305 366 tibi
328 334 434 366 tuum
458 334 589 367 notum
618 340 706 366 esse
736 334 940 380 oportere,
976 328 1089 367 etiam
1115 328 1148 367 si
1171 328 1330 381 ignores
1353 334 1391 366 et
1412 327 1537 366 locum
1569 335 1607 366 et

41 401 221 440 formam.
283 406 352 441 71.
384 398 429 439 In
447 400 563 440 animi
585 407 712 440 autem
731 399 952 452 cognitione
975 400 1151 440 dubitare
1176 415 1252 441 nou
1275 414 1497 455 possumus,
1532 400 1606 440 nisi

41 473 154 527 plane
178 473 215 512 in
241 472 410 528 physicis
434 472 599 528 plumbei
624 486 756 512 sumus
772 503 782 522 ‚
816 472 906 525 quin
928 472 1020 512 nihil
1041 474 1091 512 sit
1112 473 1254 514 animis
1277 473 1515 524 admixtum,
1550 473 1607 513 ni-

40 545 91 586 bil
115 553 341 586 concretum
358 577 368 596 ,
415 546 509 586 nihil
529 545 749 600 copulatum
765 576 775 595 ,
821 545 915 584 nihil
937 553 1251 598 coagmentatum
1267 578 1277 596 ,
1323 547 1418 587 nihil
1445 547 1603 601 duplex,

40 617 157 673 Quod
189 634 305 673 quum
325 619 377 659 ita
398 619 472 670 sit,
506 626 613 659 certe
641 632 714 659 nec
739 617 922 667 secerni,
958 632 1030 658 nec
1055 618 1189 667 dividi,
1223 633 1295 658 nec
1317 619 1499 673 discerpi,
1535 633 1607 660 nec

39 693 200 733 distrahi
228 699 380 747 potest,
424 705 473 732 ne
507 692 669 732 interire
701 692 953 745 *quiden1*1
981 691 1116 745 igitur.
1180 690 1253 731 Est
1286 692 1390 731 enim
1424 692 1606 732 interitus

40 766 149 819 quasi
177 766 373 805 discessus
404 772 444 805 et
465 765 634 805 secretio
660 779 704 804 ac
735 764 948 819 diremptus
982 779 1115 805 earum
1148 765 1340 819 partium,
1382 778 1481 818 quae
1516 771 1608 804 ante

38 839 235 878 interitum
268 838 468 878 iunctione
492 838 618 892 aliqua
652 838 900 878 tenebantur.
963 837 1037 878 His
1071 845 1109 877 et
1135 838 1275 878 talibus
1300 837 1520 878 rationibus
1542 840 1606 877 ad-

39 913 176 952 ductus
206 909 392 952 Socrates
418 924 490 951 nec
518 919 720 965 patronum
752 911 946 964 quaesivit
968 911 1014 951 ad
1043 911 1224 951 iudicium
1254 910 1418 965 capitis,
1452 924 1524 950 nec
1549 910 1607 950 iu-

41 985 190 1025 dicibus
213 985 378 1039 supplex
402 985 473 1025 fuit
494 984 742 1038 adhibuitque
768 984 929 1024 liberam
953 985 1235 1024 contumaciam
1252 1016 1262 1035 ‚
1296 998 1319 1024 a
1342 983 1608 1038 magnitudine

38 1102 174 1134 verbum
199 1104 350 1143 afferendi
375 1102 526 1134 absolute
551 1103 696 1144 ponitur.
748 1103 802 1133 ln-

41 1147 93 1178 fra
125 1149 181 1180 Ill.
207 1148 271 1184 25,
297 1149 360 1179 55:
401 1154 529 1178 tantum
566 1147 667 1179 modo
703 1150 804 1187 affert,

40 1192 121 1224 nihil
155 1192 324 1229 evenisse,
374 1192 462 1234 quod
496 1204 562 1224 non
602 1192 803 1234 opinandum

41 1237 168 1269 fuisset.
204 1238 244 1268 V.
271 1238 429 1276 Wopkens.
454 1238 562 1268 Lectt.
584 1237 673 1269 Tull.
700 1238 752 1273 ΙΙΙ,
772 1238 803 1269 3.

38 1293 73 1324 p.
87 1279 164 1315 34⁴1».
187 1282 228 1312 Η.
261 1288 294 1312 et
315 1283 469 1312 Moserum
491 1281 533 1312 ad
557 1281 664 1313 Divin.
692 1283 723 1318 l,
748 1282 802 1314 50.

38 1338 71 1369 p.
97 1326 172 1358 153.

113 1373 216 1411 alias,
254 1373 305 1401 ubi
338 1373 377 1402 sit
409 1371 547 1414 animus]
590 1371 644 1402 Sic
681 1371 718 1401 R.
746 1371 802 1402 Gr.

40 1415 125 1448 Gud.
154 1417 180 1448 l.
203 1418 234 1447 2.
257 1417 298 1447 H.
323 1415 354 1446 b.
382 1416 540 1458 multique
565 1416 619 1448 alii
645 1415 744 1447 codd.
772 1422 805 1447 et

40 1461 92 1493 ed.
115 1461 255 1492 vet.H.:
282 1472 378 1502 quam
402 1461 599 1503 scripturam
624 1460 722 1492 etiam
748 1472 804 1492 re—

39 1505 203 1538 centiores
226 1505 371 1536 editores
390 1505 459 1537 iure
479 1513 675 1549 receperunt
696 1512 730 1536 et
750 1508 805 1537 Or.

38 1561 169 1594 quoque
192 1550 224 1581 in
249 1550 300 1581 ed.
325 1549 417 1584 1639.
445 1551 575 1593 probat.
621 1552 701 1582 Post
723 1554 806 1582 azias

37 1595 256 1638 supplendum
292 1602 342 1626 est
377 1597 535 1636 dicemus,·
575 1596 640 1627 hoc
673 1595 805 1638 quidem

38 1647 164 1672 certum
188 1647 258 1678 est,
283 1640 426 1671 animum
449 1652 520 1672 esse
541 1641 573 1672 in
598 1647 642 1671 te.
691 1643 744 1672 Or.
771 1640 804 1671 in

39 1685 91 1718 ed.
116 1684 225 1727 priore
243 1697 269 1716 c.
285 1685 393 1715 multis
408 1685 484 1717 edd.
498 1692 579 1718 vett.
600 1685 679 1727 legit
702 1689 804 1717 alias:

37 1741 131 1769 nunc,
156 1733 261 1761 ubiubi
277 1733 315 1761 sit
334 1733 469 1762 animus.
509 1731 574 1762 Sed
592 1733 697 1762 ubiubi
717 1730 804 1772 apud

40 1775 232 1806 Ciceronem
255 1774 332 1806 alibi
358 1786 424 1806 non
446 1775 586 1818 legitur3
620 1782 708 1806 certe
732 1787 804 1807 cum

37 1819 217 1852 indicativo
241 1826 465 1851 constructum
488 1832 558 1852 esse
582 1820 744 1858 debebat,
769 1827 805 1851 ut

38 1865 127 1908 apud
148 1865 254 1896 Plaut.
275 1864 362 1896 Asin.
386 1865 426 1896 ΙΙ.
448 1865 489 1903 ’2,
514 1866 568 1898 21.
617 1865 723 1896 casin.
748 1866 804 1896 ill.

38 1909 72 1950 4,
94 1910 128 1942 3.
168 1911 304 1941 Terent.
331 1911 411 1940 Enn.
441 1911 480 1941 ll.
503 1910 536 1947 3,
559 1908 591 1941 4'.
627 1911 667 1940 V.
692 1912 803 1941 Rams-

37 1957 124 1988 horn.
144 1955 202 1985 Gr.
216 1955 253 1984 L.
280 1956 308 1995 ζῇ.
326 1954 397 1986 los).
421 1955 500 1985 Not.
514 1957 546 1986 ζ’.
586 1956 722 1986 Kuhuer.
749 1955 806 1985 Gr.

37 2000 77 2031 L.
101 2001 128 2043 §.
150 1998 231 2036 14¹),
258 1998 291 2033 bl
320 1998 364 2039 a).
413 1998 582 2030 Adnotata
606 1998 647 2030 ad
672 2000 726 2030 1V.
754 1999 804 2038 17,

37 2044 91 2077 37.
139 2043 230 2074 Aliae
263 2042 339 2074 edd.
363 2050 442 2075 vett.
473 2050 507 2075 et
531 2045 622 2075 Mon.
648 2044 672 2076 i.
706 2044 806 2075 item—

39 2099 121 2131 que,
148 2096 182 2119 ut
203 2087 352 2125 videtur,
377 2088 503 2131 aliquot
524 2091 604 2120 Oxx.
629 2089 803 2120 exhibent:

38 2135 102 2166 Sed
125 2135 163 2165 de
186 2134 241 2165 hoc
263 2135 365 2173 alius;
398 2145 499 2174 nunc,
531 2136 584 2165 ubi
606 2136 646 2165 sit
669 2137 805 2172 animm,

38 2182 116 2210 certe
154 2184 238 2216 etc.;
279 2178 354 2211 alii:
394 2180 457 2211 Sed
493 2181 595 2218 alias3
639 2189 719 2211 nunc
752 2181 805 2210 ubi

37 2225 77 2255 sit
100 2233 152 2254 an.

105 2271 182 2299 certe
193 2269 332 2309 quidem]
348 2269 388 2298 V.
401 2267 569 2300 Adnotata
582 2268 614 2299 in
629 2269 667 2299 V.
680 2269 734 2307 20,
749 2268 803 2300 60.

105 2315 234 2351 propria
257 2316 284 2343 et
310 2312 383 2354 sua]
421 2313 474 2344 Sic
505 2313 591 2344 infra
616 2314 655 2343 V.
681 2313 712 2349 7,
742 2312 801 2346 19:

37 2358 172 2395 propriis
192 2356 277 2386 enim
299 2363 331 2386 et
350 2360 414 2388 suis
435 2357 633 2398 argumentis
653 2365 804 2389 tractan—

39 2399 82 2431 da
102 2410 248 2442 quaeque
270 2412 320 2431 res
344 2407 403 2431 cst.
442 2403 466 2432 l.
486 2400 541 2438 45,
561 2402 634 2434 1Οὲ).
655 2414 694 2432 ex
709 2404 803 2434 Lam·

39 2447 103 2476 bini
124 2444 372 2477 emendatione:
398 2448 462 2476 suis
487 2451 521 2476 et
539 2448 675 2485 propriis
697 2446 802 2478 bonis.

39 2501 101 2532 pro
126 2489 255 2523 Caecin.
284 2492 340 2529 Ιώ,
366 2490 426 2522 51:
464 2492 529 2521 suis
553 2490 651 2521 certis
675 2503 714 2522 ac
732 2502 806 2531 pro-

36 2537 115 2574 priis
146 2534 334 2566 vocabulis:
374 2534 429 2566 ubi
461 2546 492 2567 v.
516 2536 641 2567 Jordan.
674 2547 707 2577 p.
729 2538 804 2568 221.

39 2581 75 2611 ln
100 2580 249 2611 Sestiana
282 2580 312 2613 7.
337 2580 387 2612 15.
418 2579 535 2611 etiam:
576 2582 640 2611 suis
669 2583 807 2620 propriis

35 2627 202 2664 periculis:
228 2625 282 2656 ubi
307 2636 338 2656 v.
361 2624 569 2667 interpretes

110 2672 140 2709 Q.
165 2670 219 2703 71.
263 2670 414 2713 plumbei]
453 2669 580 2707 obtusi,
618 2669 714 2700 tardi.
763 2670 803 2700 V.

40 2716 162 2746 Sclzsttz.
188 2716 267 2746 Lex.
293 2715 358 2746 Cic.
379 2715 410 2746 h.
432 2727 462 2746 v.
497 2714 565 2745 Fin.
591 2715 643 2745 lV.
672 2717 719 2750 Μ,
741 2711 803 2745 40:

39 2770 59 2789 o
80 2761 257 2798 plumbeum
282 2760 477 2802 pugionem!
504 2759 548 2799 th.
573 2771 600 2790 e.
626 2770 801 2801 argumen-

39 2810 110 2834 tum
146 2804 234 2835 omui
270 2805 419 2837 acumine
452 2805 672 2842 destitutum).
725 2805 803 2836 Ter.

42 2848 266 2881 Heautontim.
290 2851 328 2881 V.
359 2853 394 2887 1,
419 2848 457 2882 4:
496 2851 587 2889 Quae
610 2856 686 2881 sunt
715 2848 805 2880 (licta

38 2893 71 2923 iu
91 2893 238 2934 stultum,
264 2895 399 2935 caudex,
422 2895 535 2938 stipes,
557 2894 677 2935 asinus,
701 2896 805 2935 plum-

38 2940 120 2970 beus.

907 1113 960 1134 nec
982 1106 1097 1135 secerni
1118 1122 1162 1127 —-
1180 1113 1234 1135 nec
1257 1103 1403 1142 distrahi]
1429 1101 1519 1132 Haec
1543 1112 1606 1132 vo-

840 1147 973 1184 cabula,
1014 1159 1097 1190 qnae
1133 1148 1270 1179 eandem
1305 1147 1376 1177 fere
1408 1145 1474 1176 vim
1508 1153 1607 1188 atque

838 1199 1043 1234 potestatem
1067 1193 1188 1224 habere
1213 1193 1376 1229 videntur,
1402 1190 1608 1233 respondent

839 1237 1133 1269 antecedentibus:
1189 1241 1384 1275 concretum,
1430 1238 1609 1275 copulatum

840 1289 922 1314 etc.:
961 1293 1043 1324 quae
1068 1289 1102 1313 et
1133 1283 1202 1325 ipsa
1235 1281 1324 1313 tenui
1354 1280 1528 1312 notionum
1553 1280 1607 1311 di-

839 1326 992 1357 scrimine
1014 1327 1100 1358 inter
1122 1340 1157 1358 se
1177 1326 1345 1359 differunt.
1385 1326 1437 1356 Cf.
1461 1328 1606 1357 Goerenz.

839 1371 882 1403 ad
905 1371 977 1402 Fin.
1003 1373 1026 1402 Ι.
1051 1373 1106 1409 15,
1132 1373 1183 1403 ὀί),
1213 1384 1242 1413 p.
1261 1370 1315 1402 69.

907 1426 944 1448 ne
968 1419 1090 1448 interire
1120 1419 1243 1457 quidem
1267 1416 1377 1456 igitur]
1414 1414 1468 1446 Sic
1493 1426 1520 1446 c.
1547 1416 1605 1446 Tr.

840 1461 881 1492 de
916 1462 1078 1493 sententia
1113 1464 1267 1501 Madvigii
1301 1459 1343 1491 ad
1376 1459 1447 1491 Fin.
1472 1471 1504 1501 p.
1529 1460 1605 1491 &102

840 1505 955 1548 scripsi
979 1518 1039 1549 pro
1064 1507 1162 1549 vulg..
1189 1517 1285 1549 quam
1308 1505 1436 1547 recepit
1457 1507 1529 1536 Or.:
1554 1514 1608 1536 nec

839 1554 963 1583 interire
986 1554 1091 1592 igitur.
1142 1553 1178 1582 R.
1203 1558 1236 1582 et
1257 1549 1342 1581 Gud.
1370 1552 1398 1582 1.
1425 1550 1550 1581 habent
1570 1559 1608 1581 ne

842 1596 990 1638 (Βαάλ.
1012 1596 1058 1637 ni)
1084 1599 1208 1628 interire
1229 1599 1332 1637 ἱρέων.
1374 1596 1414 1626 V.
1440 1595 1608 1625 Adnotata

841 1648 955 1672 nostra
977 1641 1011 1672 in
1035 1653 1062 1673 c.
1083 1641 1145 1676 26,
1170 1642 1232 1673 65:
1268 1652 1310 1672 ne
1331 1640 1363 1671 in
1387 1640 1451 1671 deo
1475 1638 1608 1682 quidem

840 1686 1026 1728 quicquam.
1086 1687 1206 1718 Eadem
1244 1685 1463 1717 conclusionis
1500 1684 1608 1715 forma

840 1731 1004 1773 reperitur
1031 1743 1057 1762 c.
1075 1730 1138 1770 34,
1163 1731 1225 1764 δὶς
1260 1741 1304 1762 ηε
1327 1733 1360 1762 in
1383 1732 1488 1761 animo
1511 1731 1606 1768 qui-

839 1778 928 1808 dem
952 1779 1088 1816 igitur
1111 1788 1223 1807 sensus
1244 1781 1403 1807 remanet.
1436 1786 1462 1806 c.
1476 1772 1530 1811 36,
1544 1775 1605 1805 δόῑ

840 1831 885 1852 ne
909 1831 1014 1853 carere
1046 1823 1211 1860 quidem
1245 1823 1383 1859 iyitur
1415 1819 1447 1849 in
1474 1823 1606 1849 mortuo

840 1872 900 1896 est.
949 1865 1020 1896 Fin.
1045 1866 1083 1896 V.
1104 1867 1158 1901 ἔξω,
1181 1864 1240 1896 91:
1267 1875 1312 1896 ne
1334 1874 1418 1904 seges
1439 1874 1456 1902 q
1470 1864 1608 1894 uidem

841 1912 977 1950 igitur
1002 1917 1070 1940 est:
1097 1910 1150 1941 ubi
1174 1921 1203 1940 v.
1228 1912 1373 1942 Goerenz.
1396 1906 1517 1950 p.o47.
1554 1907 1608 1937 Cf.

841 1954 883 1985 ad
919 1966 945 1985 c.
975 1952 1033 1994 14,
1059 1955 1113 1986 3⁴2.
1164 1955 1204 1985 N.
1236 1955 1274 1985 D.
1304 1955 1360 1986 Ill.
1388 1953 1437 1991 l'i',
1462 1949 1524 1984 45:
1560 1962 1607 1983 ‘ne

840 2001 996 2039 nymphae
1020 2001 1188 2040 quidem
1214 2001 1290 2030 deae
1320 2001 1469 2039 initur.
1519 1997 1606 2027 Num

840 2051 950 2076 autem
972 2055 1009 2076 ne
1041 2056 1102 2087 pro
1126 2055 1163 2076 ne
1189 2063 1229 2067 —-
1251 2045 1376 2083 quidem
1399 2055 1418 2074 a
1442 2041 1607 2073 veteribus

840 2089 1056 2131 scriptoribus
1081 2089 1206 2120 dictum
1230 2089 1292 2125 sit,
1327 2095 1406 2131 post
1431 2099 1488 2123 ea,
1524 2098 1607 2129 quae

840 2134 1021 2176 disputavit
1045 2136 1225 2175 Madvi9ius
1249 2133 1292 2165 ad
1317 2133 1387 2165 Fin.
1411 2135 1436 2165 Ι.
1464 2132 1524 2171 11,
1548 2130 1603 2163 39,

839 2191 873 2221 p.
890 2181 933 2213 δὲ
947 2191 1016 2221 sq.,
1054 2179 1269 2211 vehementer
1303 2177 1521 2210 dubitandum
1546 2183 1606 2207 est.

840 2224 892 2256 Cf.
917 2226 1091 2256 Gernhard.
1117 2224 1159 2255 ad
1185 2225 1255 2256 Cat.
1278 2224 1325 2254 M.
1347 2235 1379 2265 p.
1396 2221 1472 2255 319.

907 2269 1160 2311 nectpacronum]
1185 2270 1222 2300 V.
1245 2268 1286 2299 de
1303 2269 1393 2298 Orat.
1411 2268 1436 2299 Ι.
1451 2262 1504 2303 54,
1521 2264 1584 2296 231
1599 2277 1605 2294 :

840 2313 894 2345 ubi
926 2325 957 2345 v.
984 2316 1019 2346 O.
1045 2316 1086 2345 M.
1110 2316 1294 2352 Mullerum,
1330 2318 1364 2343 et
1395 2321 1477 2353 quac
1510 2309 1608 2341 affert

838 2361 986 2390 Davisius
1010 2358 1051 2389 ad
1076 2359 1107 2390 h.
1130 2358 1151 2390 l.

906 2414 960 2435 nec
982 2408 1151 2442 patronum
1174 2404 1327 2441 quaesivit
1350 2420 1414 2439 —‚
1446 2410 1500 2432 nec
1525 2401 1606 2431 iudi-

839 2451 924 2480 cibus
948 2450 1080 2486 supplex
1109 2448 1168 2485 fuit
1192 2445 1406 2488 adhibuitque]
1445 2444 1606 2477 Particula

840 2503 897 2532 que
916 2503 982 2522 non
1004 2491 1184 2532 respondet
1203 2490 1475 2522 antecedentibus
1497 2500 1607 2522 nec-

840 2547 905 2575 nec,
927 2535 985 2566 sed
1004 2535 1152 2578 adiungit
1170 2542 1299 2567 tantum
1320 2535 1479 2567 orationis
1499 2546 1606 2566 mem-

842 2581 944 2611 brum.
990 2580 1062 2611 Alia
1081 2581 1166 2612 ratio
1187 2588 1246 2619 est,
1274 2581 1327 2612 ubi
1349 2581 1469 2612 dicitur
1487 2592 1541 2612 nec
1563 2599 1606 2603 ——

841 2629 878 2664 et,
902 2631 959 2655 aut
978 2629 1138 2665 et—nec,
1161 2626 1204 2658 de
1228 2626 1343 2669 quibus
1365 2638 1394 2658 v.
1418 2626 1460 2656 ad
1484 2624 1555 2662 c.·l,
1576 2624 1606 2657 7.

843 2669 906 2700 Ubi
926 2670 1026 2701 semel
1049 2681 1102 2703 nec
1123 2671 1303 2708 antecedit,
1328 2670 1449 2702 deinde
1471 2680 1528 2710 que
1549 2681 1605 2700 se-

841 2713 959 2756 quitur.
985 2716 1091 2746 oratio
1113 2713 1340 2754 ἆνακόλουζῑος
1362 2722 1421 2747 est.
1459 2716 1498 2747 V.
1513 2716 1604 2746 Mad-

838 2762 901 2799 vi9.
923 2758 965 2790 ad
987 2760 1059 2791 Fin.
1086 2762 1125 2793 V.
1148 2764 1211 2799 Ἑλ,
1238 2760 1292 2794 64.
1318 2773 1351 2804 p.
1365 2760 1441 2794 730.

905 2807 1035 2836 liberam
1067 2806 1319 2849 contumaciam]
1359 2805 1484 2836 Nobis:
1523 2805 1605 2834 edler

841 2852 947 2890 Trotz,
981 2852 1075 2882 Slolz.
1132 2852 1311 2893 Compar-at
1336 2852 1435 2882 Moser
1458 2850 1537 2880 Tac.
1562 2847 1604 2878 H.

840 2895 864 2931 Ι,
889 2894 927 2927 3:
953 2899 1120 2927 contumax
1145 2896 1246 2928 etiam
1264 2896 1418 2928 adversus
1440 2899 1604 2924 tormenta

841 2939 931 2972 fides.
980 2940 1136 2980 Quinctil.
1163 2943 1212 2981 11,
1235 2940 1274 2974 -lz
1313 2938 1453 2971 maxima
1477 2943 1527 2969 est
1550 2936 1604 2969 in—
