1863 3221
261 112 316 155 24
862 118 1204 150 PRoLEGoMENA.

262 203 480 255 opinatum.
539 203 640 252 Ergo
663 201 738 238 ista
766 199 998 250 necopinata
1024 212 1106 236 non
1132 198 1280 236 habent
1303 205 1450 237 tantam
1472 200 1570 248 vim,
1613 206 1659 237 ut
1685 200 1813 250 aegri-

264 270 364 309 tudo
387 284 434 308 ex
452 270 506 307 eis
528 268 654 306 omnis
677 267 851 316 oriatur,
889 266 1040 304 feriunt
1068 265 1225 316 quidem
1247 266 1411 304 sortasse
1433 267 1615 318 graviuS,
1645 267 1712 304 sed
1734 281 1815 304 non

264 337 308 375 id
332 337 528 384 efficiunt,
565 342 611 374 ut
634 348 695 382 ea,
734 347 833 384 quae
851 333 1053 382 accidant,
1094 334 1242 370 maiora
1265 333 1498 384 videantur3
1536 334 1626 384 quia
1645 334 1817 372 recentia

263 411 377 452 sunt,
406 403 554 440 maiora
583 402 792 450 videntur,
823 415 927 450 non,
957 401 1049 452 quia
1079 401 1298 452 repentina.

374 471 510 521 Itaque
545 469 731 520 quoniam
766 483 845 507 non
881 470 966 520 ipsa
997 468 1260 516 diuturnitas,
1299 467 1364 505 sed
1397 468 1582 519 cogitatio
1612 468 1817 516 diuturna,

263 537 367 575 nihil
389 551 468 575 esse
490 537 532 574 in
555 551 599 575 re
623 537 731 585 mali,
770 537 899 574 dolori
924 536 1118 573 medetur:
1159 542 1460 573 consentaneum
1485 542 1562 585 est,
1603 543 1667 584 ut,
1709 535 1819 586 quod

261 617 356 642 usus
379 604 511 652 docet,
541 605 583 641 id
611 605 765 642 ratione
789 604 918 641 statim
942 603 1240 654 praecipiamus.
1300 603 1455 653 Duplex
1479 609 1536 640 est
1560 610 1686 640 autem
1711 603 1816 640 ratio

261 671 347 708 veri
370 672 611 722 reperiendi,
642 685 731 708 nam
749 679 818 708 aut
835 671 960 722 ipsius
982 670 1040 707 rei
1061 677 1205 707 natura
1228 669 1354 719 qualis
1375 676 1413 706 et
1433 676 1580 719 quanta
1600 670 1663 719 sit,
1695 683 1815 719 quae-

260 738 404 787 rimus,
447 745 517 776 aut
543 753 564 776 a
598 739 828 790 disputandi
857 738 1073 775 subtilitate
1108 737 1325 774 orationem
1352 737 1402 774 ad
1430 738 1606 787 exempla
1635 737 1816 774 traduci-

259 819 356 843 mus.
389 820 422 843 c.
449 810 515 845 25.
544 810 611 845 24.
670 806 875 843 Refellitur
905 805 1142 852 Carneades,
1185 805 1251 853 qui
1281 804 1523 854 propositam
1556 804 1816 841 necessitatem
1861 834 1863 836 .

259 873 498 910 conditionis
520 873 714 910 humanae
735 873 1217 920 commemorationemque
1238 871 1457 907 alienorum
1475 871 1666 908 malorum
1689 871 1736 908 ad
1759 871 1814 908 le-

259 939 428 977 vandam
458 941 744 991 aegritudinem
773 941 973 991 pertinere
1004 939 1181 989 negabat.
1216 952 1247 975 c.
1272 942 1340 975 25.
1369 936 1409 989 ς.
1435 941 1501 976 59.
1526 942 1594 977 60.

371 1007 451 1044 Iam
474 1008 611 1045 Cicero
633 1008 740 1045 redit
762 1007 812 1044 ad
833 1007 1065 1044 sententiam
1089 1019 1209 1056 supra
1231 1019 1251 1041 a
1275 1018 1314 1042 se
1341 1005 1608 1055 propositam,
1639 1006 1815 1056 aegritu-

257 1073 362 1111 dinis
387 1089 562 1112 caussam
585 1076 734 1112 nullam
764 1075 877 1111 aliam
903 1087 1005 1121 esse,
1043 1073 1120 1110 nisi
1143 1072 1370 1122 opinionem
1395 1078 1434 1109 et
1466 1072 1659 1109 iudicium
1690 1073 1816 1122 magni

256 1141 476 1190 praesentis
503 1148 620 1190 atque
644 1142 820 1191 urgentis
843 1141 953 1178 mali:
991 1153 1068 1190 qua
1095 1130 1252 1189 quidem
1273 1152 1406 1176 caussa
1434 1139 1652 1186 intellecta,
1693 1146 1817 1176 totam

256 1207 543 1257 aegritudinem
560 1209 673 1246 evelli
695 1222 821 1258 posse.
851 1206 891 1258 §
913 1211 981 1245 61.
1039 1206 1115 1243 Sed
1140 1206 1190 1242 ad
1209 1205 1311 1242 hanc
1333 1205 1559 1256 opinionem
1580 1207 1670 1243 mali
1695 1220 1817 1256 quum

257 1274 325 1311 illa
353 1275 469 1311 etiam
491 1275 629 1325 opinio
653 1276 832 1322 accessit,
869 1274 929 1312 ad
953 1275 1138 1324 officium
1155 1276 1376 1323 pertinere,
1410 1275 1522 1322 ferre
1547 1274 1659 1311 illud
1679 1289 1816 1325 aegre,

258 1342 367 1392 quod
388 1343 607 1380 accidet-ic:
645 1349 729 1379 tun]
751 1342 921 1391 denique
942 1341 1112 1378 efficitur
1132 1340 1200 1376 illa
1221 1339 1352 1390 gravis
1370 1339 1630 1389 aegritudinis
1650 1348 1817 1390 pertur-

258 1409 380 1446 batio.
439 1410 628 1460 Exempla
652 1409 877 1446 afferuntur
909 1409 955 1446 de
982 1408 1186 1445 hominum
1216 1407 1348 1443 dolori
1377 1413 1414 1443 et
1437 1406 1564 1443 luctui
1589 1407 1819 1457 indulgendi

219 1484 221 1487 '
257 1476 531 1526 proclivitate,
569 1490 590 1514 e
622 1477 766 1527 quibus
800 1475 1109 1513 luculentissime
1141 1480 1325 1525 apparet,
1366 1474 1573 1511 voluntate
1602 1481 1639 1512 et
1668 1474 1818 1513 iudicio

257 1543 405 1594 suscipi
426 1544 732 1594 aegritudinem,
764 1557 875 1594 saepe
900 1549 1006 1580 certo
1030 1542 1218 1592 temporis
1240 1541 1369 1591 spatio
1393 1541 1617 1590 terminari,
1650 1548 1687 1579 et
1707 1543 1820 1580 aliam

256 1610 375 1648 animi
404 1612 746 1662 perturbationem
784 1612 859 1648 alia
890 1611 978 1648 tolli
1008 1623 1132 1661 posse.
1201 1610 1305 1659 Ergo
1343 1609 1560 1660 aegritudo
1599 1612 1817 1660 opinionis,

258 1692 337 1715 non
366 1686 541 1715 naturae
569 1688 626 1716 est
655 1680 824 1716 malam.
887 1678 1005 1724 Quod
1039 1678 1092 1714 ita
1125 1690 1222 1724 esse,
1265 1675 1524 1713 confirmatur
1553 1677 1668 1714 etiam
1698 1678 1734 1726 a)
1761 1692 1818 1726 eo,

259 1745 368 1794 quod
397 1745 495 1782 nihil
518 1746 606 1796 plus
629 1747 735 1783 valet
756 1746 805 1783 ad
826 1745 1051 1796 ponendum
1073 1744 1270 1791 dolorem,
1301 1756 1417 1792 quam
1436 1757 1557 1794 quum
1581 1751 1639 1781 est
1660 1745 1818 1782 intelle-

259 1817 385 1860 ctum,
417 1812 517 1849 nihil
540 1813 681 1863 profici
699 1827 744 1850 eo
768 1819 807 1850 et
825 1814 975 1850 frustra
1002 1824 1081 1849 esse
1108 1816 1350 1861 susceptum,
1381 1809 1421 1861 b)
1447 1811 1576 1860 quod,
1608 1812 1675 1861 qui
1695 1812 1819 1849 multa

258 1879 337 1916 sint
355 1893 468 1929 saepe
486 1881 680 1931 perpessi,
720 1880 873 1917 facilius
896 1880 1049 1927 ferunt,
1089 1877 1277 1930 quicquid
1301 1877 1466 1925 accidit,
1508 1878 1821 1929 obduruisseque

259 1959 340 1984 sese
365 1953 503 1984 contra
530 1948 733 1985 fortunam
757 1947 1027 1994 arbitrantur,
1057 1952 1104 1982 ut
1127 1945 1211 1995 ipsa
1234 1945 1460 1995 defatigatio
1482 1945 1727 1983 miseriarum
1751 1960 1818 1984 ae-

257 2014 479 2064 gritudines
503 2015 672 2052 leniores
697 2016 834 2062 faciat,
874 2014 910 2064 c)
935 2013 1043 2063 quod
1070 2012 1345 2062 sapientissimi
1370 2012 1569 2060 homines,
1608 2027 1728 2063 quum
1753 2014 1818 2050 in-

258 2081 454 2131 telligant,
492 2095 531 2119 se
550 2083 728 2118 nondum
752 2082 961 2132 perfectam
982 2080 1211 2130 sapientiam
1234 2086 1464 2117 consecutos
1492 2093 1591 2128 esse,
1629 2088 1757 2117 tamen
1779 2082 1821 2118 in

256 2147 336 2186 hoc
366 2149 469 2185 malo
505 2149 751 2199 aegritudine
780 2163 859 2185 non
892 2154 1145 2199 premantur,
1187 2146 1278 2196 quia
1304 2146 1413 2183 nulla
1444 2147 1705 2184 admisceatur
1729 2148 1820 2198 opi-

258 2216 327 2253 nio
359 2216 525 2254 officiosi
554 2216 724 2264 doloris,
765 2217 993 2265 luctumque
1024 2221 1061 2251 et
1091 2226 1304 2250 maerorem
1334 2213 1413 2250 viri
1444 2227 1523 2251 esse
1554 2228 1632 2250 non
1664 2221 1820 2264 putent.

260 2297 293 2320 c.
318 2287 385 2322 28.
407 2305 464 2312 —-
521 2283 801 2321 Subiiciuntur
833 2283 1021 2333 quaedam
1053 2281 1101 2318 ad
1134 2281 1381 2318 refutandam
1410 2282 1640 2318 sententiam
1669 2295 1818 2330 eorum,

259 2352 326 2400 qui
345 2351 562 2388 cedendum
580 2358 762 2389 censeant
779 2351 929 2398 dolori,
962 2349 1071 2399 quia,
1103 2362 1223 2398 quum
1242 2347 1294 2384 sit
1313 2348 1525 2396 naturalis,
1557 2355 1724 2386 naturae
1742 2349 1817 2386 ob-

259 2418 345 2456 sisti
380 2425 567 2469 nequeat,
607 2419 776 2469 ideoque
808 2417 1145 2456 consolationibus
1181 2429 1268 2452 eum
1301 2414 1403 2452 nihil
1437 2416 1574 2454 levari.
1606 2430 1638 2454 c.
1663 2420 1728 2454 29.
1751 2419 1818 2454 50.

258 2488 327 2523 31.
346 2486 476 2536 princ.

373 2554 562 2601 Sequitur
587 2556 785 2603 completa
817 2555 1045 2591 Stoicorum
1065 2552 1249 2603 definitio
1274 2552 1573 2603 aegritudinis:
1603 2550 1818 2601 Aegi-itudo

261 2625 320 2656 est
343 2620 482 2670 opinio
504 2621 594 2656 mali
616 2621 854 2670 praesentis,
884 2627 922 2658 et
942 2620 1098 2670 quidem
1119 2635 1272 2656 recens:
1304 2618 1411 2668 quod
1428 2619 1591 2655 verbum
1613 2618 1668 2655 sic
1689 2618 1817 2654 inter-

260 2692 494 2737 pretantur,
525 2694 570 2724 ut
595 2701 674 2724 non
697 2695 850 2724 tantum
873 2688 973 2724 illud
1000 2701 1131 2725 recens
1158 2701 1235 2724 esse
1262 2687 1406 2733 velint,
1437 2686 1544 2735 quod
1570 2685 1704 2736 paullo
1729 2691 1819 2722 ante

262 2754 467 2802 acciderit,
499 2755 565 2791 sed
587 2755 775 2804 quamdiu
795 2756 835 2791 in
857 2755 924 2791 illo
947 2756 1111 2805 opinato
1131 2755 1232 2793 malo
1254 2755 1314 2792 vis
1333 2753 1518 2803 quaedam
1540 2754 1654 2800 insit,
1686 2758 1733 2789 ut
1754 2752 1817 2789 vi-

262 2828 348 2872 geat
371 2828 410 2859 et
429 2821 571 2860 habeat
591 2822 786 2872 quandam
813 2822 1072 2871 viriditatem,
1104 2822 1253 2860 tamdiu
1274 2821 1497 2871 appelletur
1513 2834 1661 2858 recens.
1691 2818 1730 2869 §2
1752 2822 1818 2862 75.
