1832 3137
667 74 1053 115 Liceat-tosti).
1562 70 1640 111 153

75 154 219 208 magis,
253 153 285 194 si
307 154 423 194 etiam
449 153 645 194 solstitiali
669 155 744 195 dic.
810 152 960 195 Confer
987 160 1159 194 nostram
1183 154 1449 209 longissimam
1470 164 1636 199 aetatem

73 241 160 268 cum
186 227 442 277 aeternitate,
486 227 524 267 in
556 228 689 269 eadem
715 228 990 282 propemodum
1018 227 1235 279 brevitate,
1279 243 1354 283 qua
1378 228 1467 270 illae
1493 230 1638 272 bestio-

72 300 157 351 lae,
190 301 447 355 reperiemur.

182 372 280 414 XL.
303 381 372 416 95.
396 372 704 416 Contemnamus
721 372 841 427 igitur
858 388 994 414 omnes
1012 374 1200 429 ineptias,
1225 375 1343 429 (quod
1359 373 1462 415 enim
1478 373 1632 415 levius¹

73 446 160 488 huic
188 447 336 488 levitati
361 462 502 488 nomen
528 447 770 503 imponam?)
804 453 999 500 totamque
1027 447 1106 487 vim
1135 448 1234 488 bene
1265 448 1423 489 vivendi
1457 448 1493 488 in
1522 447 1639 488 animi

71 520 214 561 robore
234 535 279 561 ao
301 521 565 574 magnitudine
588 528 626 561 et
648 520 686 561 in
714 520 884 561 omnium
910 533 1039 559 rerum
1071 520 1325 562 humanarum
1350 520 1639 575 contemptione

71 608 117 634 ac
135 593 387 649 despicientia
407 595 499 635 etin
520 594 623 634 omni
646 594 792 634 virtute
814 595 1054 647 ponamus2.
1116 592 1219 634 Nam
1242 608 1342 634 nunc
1361 595 1513 648 quidem
1535 593 1639 648 cogi,-

71 667 282 708 tationibus
300 667 536 708 mollissimis
551 671 568 694 3
592 666 878 717 effeminamur,
911 673 975 717 ut,
1009 667 1042 706 si
1061 673 1150 707 ante
1167 680 1272 707 mors
1291 667 1491 717 adventet,
1527 681 1638 720 quarn

75 737 361 782 Chaldaeorum
382 740 575 795 promissa
601 740 802 780 consecuti
830 742 996 780 sumus4
1012 772 1022 791 ,

925 819 995 854 96.
1030 812 1144 866 Quod
1167 812 1201 853 si
1220 813 1489 868 exspectando
1513 819 1552 852 et
1575 814 1641 853 de-

1058 739 1213 794 spoliati
1237 739 1388 793 magnis
1413 740 1639 793 quibusdam

72 813 185 854 bonis
200 845 210 864 ,
243 813 344 854 illusi
366 813 616 868 destitutique
642 813 862 854 videamur.

71 887 280 928 siderando
304 888 516 942 pendemus
546 886 707 938 animis,
742 887 988 937 cruciamur,
1031 887 1232 940 angimur,
1266 901 1335 942 pro
1364 887 1415 927 dii
1441 887 1640 928 immorta-

159 1006 236 1038 XL.
297 1004 312 1038 1
340 1018 370 1037 v.
397 1005 479 1037 Adn.
537 1004 558 1037 2
582 1005 685 1037 Mirus
708 1005 741 1037 h.
768 1005 790 1037 l.
813 1017 905 1037 error
934 1004 1110 1048 occupavit
1143 1005 1263 1037 multos
1300 1005 1510 1048 optimosque
1542 1005 1640 1037 codd.

70 1051 210 1093 Legitur
237 1061 392 1091 ponamus
422 1054 509 1083 iussu
531 1055 748 1090 tyrannorum.
807 1053 890 1082 Nam
919 1062 1001 1082 nunc
1037 1050 1070 1081 in
1096 1051 1134 1081 R.
1159 1051 1193 1083 P.
1215 1049 1301 1082 Gud.
1329 1050 1357 1081 l.
1380 1049 1411 1081 2.
1439 1052 1477 1082 ll.
1507 1050 1550 1092 (in
1577 1051 1641 1081 hoc

72 1095 172 1127 etiam
194 1107 276 1138 quae
297 1103 372 1127 sunt
391 1096 478 1127 inter
496 1095 696 1126 antecedens
720 1098 878 1134 imponam
899 1101 930 1125 et
950 1105 1026 1126 nam
1046 1105 1127 1126 nunc
1143 1095 1347 1135 exciderunt)
1374 1095 1478 1126 Rehd.
1500 1095 1642 1128 Vin‹l.‘.’.

72 1141 142 1172 Pul.
166 1142 193 1172 1.
215 1140 247 1173 3.
268 1138 298 1172 4.
325 1141 378 1178 5.;
415 1141 445 1171 in
475 1141 586 1172 Duisb.
613 1146 663 1170 est
689 1142 834 1180 iussuque
855 1144 1060 1179 tyrannorum
1094 1151 1196 1182 eaque
1221 1139 1321 1170 verba
1345 1147 1421 1181 post
1440 1141 1641 1179 despicienlia

72 1185 220 1228 reposita
244 1192 339 1224 sunt,
377 1197 394 1217 e
421 1185 507 1216 mala
543 1185 767 1223 correctione,
805 1184 850 1216 uti
878 1191 968 1216 recte
994 1185 1111 1215 statuit
1136 1186 1240 1222 Mos.;
1275 1196 1356 1215 unus
1380 1187 1439 1216 Ox.
1468 1192 1501 1215 et
1526 1185 1576 1217 ed.
1599 1186 1640 1216 H.

69 1240 225 1270 ponamus
246 1233 366 1262 iussa
389 1228 616 1269 tyrannorum,·
650 1229 815 1261 alius-Ox.
837 1239 993 1268 ponamus
1023 1232 1229 1262 tirannorum.
1278 1228 1364 1260 Hinc
1388 1236 1477 1260 recte
1502 1230 1639 1261 conclu-

72 1274 122 1306 dit
142 1277 261 1314 Moser,
297 1286 410 1306 omues
445 1285 526 1317 quos
560 1274 699 1305 diximus
729 1273 826 1305 codd.
851 1285 890 1304 ex
922 1285 987 1304 uno
1019 1273 1203 1315 eodemque
1236 1273 1330 1305 fonte
1360 1273 1509 1312 fluxisse,
1542 1286 1640 1317 quum

72 1319 142 1350 fieri
165 1319 299 1351 omnino
324 1330 391 1350 non
413 1318 570 1360 potuerit,
596 1325 631 1349 ut
656 1318 774 1350 eodem
799 1318 896 1360 plane
919 1318 992 1349 loco
1016 1318 1233 1360 complurium
1257 1318 1465 1350 librariorum
1487 1319 1572 1351 oculi
1598 1320 1639 1351 ad

71 1363 185 1395 eadem
210 1363 370 1395 vocabula
402 1363 577 1395 duodecim
602 1363 747 1394 versibus
772 1362 929 1394 distantia
953 1363 1217 1404 sententiamque
1243 1363 1340 1404 plane
1365 1363 1638 1406 interrumpentia

71 1409 273 1440 aberrarent.

73 1453 198 1485 habent
218 1456 462 1486 molestissimis:

70 1509 186 1531 namur
207 1498 312 1529 minus
331 1506 444 1542 aptum
467 1506 527 1530 est.

329 1408 350 1440 3
375 1409 500 1451 Optimi
525 1408 623 1440 codd.
655 1409 692 1439 R.
721 1412 787 1451 (ap.
807 1407 946 1449 Tregd.)
976 1408 1061 1438 Gud.
1090 1407 1116 1438 1.
1155 1408 1212 1438 Gr.
1238 1408 1268 1439 b.
1298 1409 1329 1449 (a
1352 1420 1401 1450 pr.
1424 1408 1480 1449 m.)
1518 1409 1637 1451 aliique

496 1453 603 1497 quod,
629 1453 707 1484 licet
732 1464 798 1483 non
821 1464 954 1495 prorsus
977 1452 1152 1484 absurdum
1176 1452 1238 1490 sit,
1264 1459 1376 1484 tamen
1397 1453 1500 1485 verbo
1523 1456 1638 1494 effemi-

584 1498 606 1530 4
631 1498 686 1529 Sic
712 1498 748 1529 R.
773 1497 859 1528 Gud.
885 1497 913 1528 l.
939 1497 1121 1540 reliquique
1143 1497 1241 1529 codd.
1266 1498 1337 1529 fere
1360 1509 1492 1536 omnes3
1531 1501 1586 1530 Or.
1611 1511 1636 1529 c.

71 1543 160 1586 vulg.
183 1546 298 1576 simus.-
324 1544 414 1587 quod
439 1545 523 1576 Mos.
550 1550 641 1575 recte
668 1542 846 1575 correctori
866 1542 992 1574 tribuit.

71 1622 153 1655 Not.
179 1622 211 1654 2.
232 1622 278 1663 b).

73 1673 212 1711 utroque
245 1666 403 1699 orationis
443 1667 592 1699 membro
625 1667 753 1699 diversa
788 1674 838 1698 est

72 1712 170 1750 ratio,
189 1712 372 1744 necessario
392 1712 573 1755 repetenda
596 1719 655 1751 est,
681 1719 716 1743 ut
740 1724 766 1744 c.
780 1710 834 1751 43,

74 1757 155 1790 100¹:
181 1757 222 1789 de
243 1768 305 1800 qua
328 1759 480 1789 Socrates
502 1757 633 1800 quidem
657 1757 735 1800 quid
755 1769 835 1788 sen-

70 1802 161 1842 serit,
178 1809 317 1845 apparet
336 1805 367 1834 in
389 1813 423 1834 eo
445 1805 532 1842 libro,
554 1805 586 1834 in
605 1813 664 1842 quo
685 1801 834 1833 moritur.

70 1847 196 1879 Eadem
228 1847 482 1890 praepositionis
515 1847 648 1879 omissio
675 1847 835 1889 frequen-

69 1892 194 1924 tissima
221 1892 308 1935 apud
335 1892 479 1924 Graecos
508 1892 712 1935 κύριοι-,05
745 1892 833 1922 Xen.

70 1939 184 1990 Symp.
208 1935 247 1977 4,
276 1939 312 1970 l:
360 1937 393 1970 ἐν
423 1938 471 1980 τῷ
503 1949 543 1980 γ
529 1948 633 1978 σειῳ,
683 1948 709 1979 ῳ
740 1933 835 1977 uuas»

70 1979 197 2017 ἀκούω.
240 1963 283 2014 V
307 1984 468 2022 Heindorf.
489 1982 531 2013 ad
562 1967 834 2014 Plat.1’liaed0n.

70 2028 167 2069 p91.
193 2033 227 2058 et
249 2026 292 2059 ad
315 2028 417 2069 Goig.
442 2030 469 2070 §-
486 2027 556 2059 135.
581 2026 623 2058 ‘id
646 2026 711 2058 Cic.
738 2027 777 2057 N.
796 2027 834 2058 D.

71 2073 95 2103 Ι.
125 2072 174 2111 12,
195 2071 246 2104 31.
272 2072 369 2115 [1.δό-
404 2074 543 2104 ΚῐὶΙιηεν.
559 2072 601 2103 ad
621 2073 710 2103 Xen.
730 2071 835 2102 Com—-

70 2124 171 2149 ment.
185 2118 227 2149 11.
247 2117 276 2155 l,
272 2084 382 2160 p3'.p
388 2117 481 2149 .11l3,
506 2116 538 2147 in
554 2118 610 2148 Gr.
627 2117 683 2147 Gr.
703 2116 778 2147 101.
792 2117 832 2146 ΙΙ.

71 2162 188 2206 §.6¹35,
211 2162 243 2195 3.
283 2162 356 2204 [Gr.
362 2129 481 2193 Pschol.
507 2161 622 2204 5.,300
642 2163 672 2199 5,
700 2161 763 2192 bt

140 2207 217 2238 CAr.
230 2208 306 2238 XL.
335 2208 363 2250 ᾖ.
375 2206 428 2239 95.
454 2206 565 2249 levius]
593 2208 646 2238 Or.
672 2206 713 2238 de
739 2208 835 2237 Bent-

70 2251 125 2284 leii
152 2251 341 2283 coniectura
365 2251 470 2283 edidit
499 2254 597 2283 lenius
622 2262 680 2294 pro
704 2251 836 2294 uulgata

70 2299 188 2336 levius,
223 2308 304 2339 quae
326 2297 406 2328 mihi
438 2307 511 2328 cum
541 2298 660 2329 Klotzio
688 2298 836 2340 (Quaest.

71 2340 195 2372 Tull.1.
217 2353 248 2383 p.
268 2341 327 2372 102
341 2341 398 2381 ss.)
424 2341 523 2381 longe
547 2342 763 2383 praeferenda
782 2341 833 2372 vi-

72 2384 179 2416 detur.
227 2388 275 2416 Ac
296 2384 438 2426 primum
461 2385 592 2426 quidem
622 2386 678 2417 ille
713 2386 835 2417 verbo—

71 2441 142 2462 rum
163 2432 262 2461 levius
286 2435 318 2461 et
350 2431 466 2461 levitali
489 2429 576 2459 lusus
598 2442 674 2461 vere
699 2431 836 2462 Cicero-

71 2474 186 2506 nianus
212 2481 271 2506 est.
309 2475 348 2506 V.
373 2473 541 2506 Adnotata
564 2473 596 2504 in
619 2476 673 2506 IV.
700 2476 749 2514 17,
772 2477 834 2508 3⁵⁴1:

70 2522 152 2552 ratio
184 2524 211 2552 et
241 2522 350 2551 oratio.
396 2521 481 2551 Tum
505 2525 613 2550 autem
640 2519 835 2551 vocabulum

71 2566 169 2597 levius
200 2571 316 2596 nostro
351 2564 427 2596 loeo
459 2563 836 2596 accommodatissimum

326 1622 392 1654 Sed
423 1622 476 1654 ubi
511 1621 767 1665 praepositionis
802 1622 835 1652 in

73 2620 162 2650 esse,
199 2609 367 2652 praeclare
396 2609 530 2641 edocuit
559 2611 709 2640 Klol:ius.
758 2611 836 2641 Leve

72 2653 158 2686 enim
180 2666 301 2686 nomen
325 2666 391 2686 non
412 2654 518 2686 solum
552 2654 579 2685 ei
602 2654 648 2685 rei
671 2654 835 2691 convenit,

72 2710 176 2741 quae,
209 2711 306 2742 quum
327 2700 369 2731 sit
392 2699 497 2730 maior
515 2699 710 2742 graviorque
724 2725 731 2737 ‚
770 2709 834 2729 non

73 2743 151 2775 satis
165 2743 265 2787 digno
291 2745 423 2776 nomine
445 2745 641 2787 appellatur,
661 2744 717 2774 sed
737 2743 836 2774 etiam

73 2787 115 2826 ei,
134 2799 229 2830 quae,
246 2801 344 2832 quum
365 2790 409 2821 sit
423 2789 570 2821 deterior
591 2789 835 2830 contemptior—

75 2843 157 2875 que,
191 2845 255 2865 non
280 2841 346 2866 tam
373 2834 459 2877 turpi
484 2834 636 2871 nomine,
663 2846 759 2877 quam
786 2845 834 2864 res

73 2877 144 2920 ipsa
165 2880 331 2920 postulat,
367 2880 522 2911 afficitur.
570 2879 682 2911 Priore
706 2878 834 2921 siguifi—

74 2921 204 2954 catione
234 2925 296 2956 leve
321 2936 438 2957 nomen
471 2925 592 2968 legitur
614 2924 655 2956 de
676 2927 764 2957 Orat.
791 2925 832 2955 ΙΙ.

872 1619 934 1661 54,
959 1621 1059 1658 2133

873 1667 1017 1698 Amerin.
1040 1667 1102 1706 33,
1127 1667 1180 1700 93.
1227 1668 1402 1699 Praeterea
1425 1667 1513 1698 idem
1533 1669 1572 1698 V.
1598 1669 1638 1698 D.

873 1712 1014 1744 contulit
1045 1712 1267 1744 locutionem:
1304 1717 1336 1744 ut
1359 1715 1510 1745 levissime
1535 1715 1638 1744 dicam

873 1759 931 1800 (z
954 1769 994 1788 ue
1019 1757 1148 1799 gravius
1179 1758 1299 1797 dicam)
1330 1757 1422 1789 Catil.
1450 1759 1505 1788 111.
1526 1758 1556 1795 7,
1587 1757 1637 1789 17.

871 1814 932 1844 pro
958 1803 993 1833 P.
1010 1804 1094 1832 Sest.
1114 1801 1168 1841 69,
1187 1801 1258 1834 143.
1284 1814 1343 1844 pro
1358 1803 1486 1833 Murem.
1509 1799 1563 1839 40,
1581 1801 1635 1834 δῖ.

873 1848 921 1878 De
946 1847 1122 1878 verborum
1147 1847 1218 1877 lusu
1243 1859 1273 1878 v.
1298 1846 1340 1878 ad
1366 1848 1421 1880 IV.
1445 1846 1508 1885 31,
1529 1846 1582 1879 67.

1100 1622 1285 1665 posteriore
1321 1633 1381 1665 pro
1415 1624 1505 1654 Sext.
1541 1623 1639 1654 Rosc.

938 1907 1092 1942 telamque
1116 1905 1177 1934 vim
1202 1921 1246 1926 —
1268 1904 1437 1943 ponamus]
1465 1902 1560 1932 Hunc
1584 1901 1637 1934 lo-

873 1959 945 1979 cum
973 1947 1299 1979 commemoravimus
1323 1947 1355 1978 in
1386 1948 1532 1978 Gramm.
1562 1948 1634 1978 Lat.

873 1994 901 2035 §.
928 1992 999 2031 135,
1025 1993 1057 2025 2.
1088 2005 1118 2035 p„
1141 1992 1216 2025 336.
1245 1992 1296 2023 ed.
1319 1994 1370 2028 2.,
1407 2002 1472 2034 quo
1497 1992 1637 2023 demon-

871 2045 1059 2077 straremus,
1089 2037 1168 2080 quid
1192 2037 1279 2068 inter
1304 2037 1551 2068 coniunctiones
1578 2049 1638 2068 co-

870 2082 1033 2126 pulativas
1057 2093 1133 2122 que,
1159 2093 1196 2114 ac
1222 2082 1339 2124 (atque)
1354 2107 1363 2122 ‚
1393 2086 1419 2114 et
1443 2082 1638 2113 discriminis

871 2134 968 2159 esset.
1016 2130 1080 2167 Que
1105 2127 1254 2169 adiungit
1280 2134 1312 2158 et
1335 2127 1502 2169 complet,
1529 2134 1639 2159 aeaut

870 2177 960 2213 alque
985 2179 1100 2214 auget,
1138 2177 1165 2204 et
1196 2172 1362 2214 disiungit.
1412 2173 1463 2204 Cf.
1493 2173 1515 2203 1.
1542 2174 1578 2209 1,
1605 2175 1636 2204 2.

869 2218 924 2256 21,
948 2217 1002 2250 40.
1041 2219 1096 2248 IV.
1123 2219 1160 2257 1,
1192 2219 1218 2250 1.
1244 2225 1325 2249 extr.
1376 2218 1424 2248 De
1457 2228 1524 2259 seq.
1555 2220 1640 2248 omni

870 2275 900 2294 v.
924 2262 966 2294 ad
992 2264 1047 2295 [11.
1073 2263 1104 2301 3,
1129 2263 1160 2295 6.

938 2321 965 2350 si
988 2323 1058 2350 ante
1074 2329 1156 2350 mors
1171 2319 1327 2358 adventet]
1355 2317 1509 2348 Verbum»
1521 2319 1637 2348 adven-

871 2366 959 2396 tandi
983 2375 1082 2405 saepe
1103 2363 1143 2393 de
1168 2363 1264 2393 rebus
1290 2361 1443 2403 gravibus
1468 2373 1505 2392 ae
1529 2361 1635 2392 mole-

871 2409 928 2439 stis
965 2420 1074 2449 usurp
1067 2420 1112 2438 111
1142 2420 1159 2438 11
1187 2395 1364 2443 Cim-ono,
1402 2407 1501 2438 (locet
1526 2409 1636 2445 Moser,

872 2453 948 2484 coll.
975 2453 1016 2483 de
1040 2455 1116 2483 Son.
1146 2454 1171 2486 1,
1231 2451 1392 2493 (onere)
1419 2451 1484 2482 iam
1514 2463 1573 2494 urg
1576 2463 1637 2482 11-

870 2499 912 2528 tis
938 2503 994 2528 -uit
1020 2503 1108 2528 cer-›t‹
1133 2495 1342 2527 atlxentantis
1367 2496 1557 2528 senectutis.
1595 2497 1637 2527 d«

872 2544 926 2573 Or.
954 2544 976 2572 l.
1002 2540 1064 2578 47),
1096 2542 1176 2573 199:
1213 2553 1309 2583 quum
1344 2553 1396 2573 me
1421 2541 1505 2572 vires
1533 2542 1634 2584 (quod

872 2587 941 2617 fere
960 2586 1024 2617 ium
1049 2593 1177 2629 tempus
1199 2586 1368 2628 adventat)
1392 2587 1532 2618 ‹tf-{icere
1556 2598 1635 2618 coe*

872 2638 1005 2673 pissent.

941 2689 1169 2720 Chaldaeorum
1190 2690 1361 2729 promissas
1398 2687 1634 2719 Chaldaeorum

872 2732 1113 2775 praedictiones
1139 2733 1180 2763 (le
1206 2732 1283 2763 fatis
1308 2732 1450 2765 hominis
1477 2745 1493 2763 e
1520 2732 1634 2763 stella*

871 2789 940 2809 rum
966 2784 1067 2808 motu.
1116 2780 1253 2810 Neidius.
1292 2778 1343 2809 Cl'.
1372 2777 1440 2808 lud.
1466 2777 1582 2809 histor.
1605 2788 1634 2807 v.

873 2824 1034 2855 Chaldaei.

873 2923 930 2962 16
939 2880 991 2958 §.³5
992 2878 1046 2913 96.
1092 2881 1261 2920 pendemus
1285 2878 1413 2919 animis]
1450 2878 1486 2908 V.
1510 2876 1551 2908 aul
1579 2877 1630 2908 lV.

979 2936 1009 2957 o.
