1832 3137
645 134 807 167 LIBER
832 133 975 175 1v.13‚
999 133 1053 168 30.

65 225 174 268 gere.

65 291 105 326 et
129 298 152 325 a
173 298 216 325 se
235 284 318 339 ipsa
340 284 591 325 dissentiens.

1541 124 1624 167 345

219 210 439 252 Vitiositas
460 217 587 252 autem
612 219 673 253 est
693 212 845 254 habitus
867 221 932 253 aut
956 213 1110 254 affectio
1136 213 1173 253 in
1195 220 1276 254 tota
1295 212 1375 254 vita
1395 212 1623 254 inconstans

656 283 713 325 Ita
740 286 800 335 tit,
846 292 886 325 ut
912 285 950 325 in
975 286 1095 327 altera
1128 286 1376 341 corruptione
1399 286 1623 341 opinionum

65 357 222 398 morbus
250 357 441 397 efficiatur
463 363 501 397 et
524 358 764 412 aegrotati03
798 357 835 397 in
859 358 980 398 altera
1005 359 1263 399 inconstantia
1288 366 1326 399 et
1348 360 1620 414 repugnantia.

62 428 156 470 Non
182 430 283 470 enim
311 444 425 470 omne
448 431 580 470 vitium
607 437 738 485 partes
758 429 873 470 habet
899 430 1190 482 dissentientes,
1219 439 1258 472 ut
1280 446 1430 482 eorum,
1455 432 1516 486 qui
1545 447 1622 472 non

61 502 178 556 longe
199 517 219 542 a
244 502 434 557 sapientia
455 503 618 552 absunt,
654 503 823 543 affectio.
838 509 899 543 est
918 502 983 542 itta
1001 504 1151 557 quidem
1180 505 1405 559 discrepans
1426 505 1497 546 sibi
1520 505 1619 560 ipsa,

62 575 150 615 dum
181 582 243 616 est
271 575 486 630 insipiens,
529 576 597 616 sed
640 589 716 615 non
757 575 920 615 distorta
963 588 1034 615 nec
1065 591 1199 630 prava.

62 648 352 702 aegrotationes
379 655 507 703 partes
529 655 620 688 sunt
639 647 879 688 vitiositatis.

672 726 742 761 50.
776 719 882 761 Vitia
904 720 1006 760 euim
1033 721 1263 762 affectiones
1289 730 1380 762 sunt
1401 731 1619 775 manenteS,

61 721 146 761 dem
168 728 314 776 partes,
335 721 512 774 quaestio
535 727 610 761 est.

62 826 243 870 expositis,
279 826 440 870 reliquum
473 833 540 866 est,
578 833 613 858 ut
647 838 749 870 pauca
782 827 824 860 de

60 871 194 914 singulis
210 871 340 903 addam.
377 876 425 904 Ac
441 872 581 914 primum
595 873 727 915 quidem
741 885 824 904 con-

58 923 109 948 tra
135 918 295 957 Wolfium,
318 919 473 956 Neidium,
497 919 653 949 Klotzium
677 918 823 960 aliosque

58 961 260 993 monendum
285 968 354 1000 est,
390 961 523 993 nomina
549 963 672 994 habitus
696 967 750 994 aut
774 965 823 1003 af-

57 1007 147 1046 fectio
165 1017 231 1038 non
254 1006 398 1038 diversas
418 1007 451 1038 h.
470 1007 491 1038 l.
512 1007 634 1038 habere
655 1007 822 1050 significa-

59 1050 189 1090 tiones,
224 1051 283 1082 sed
317 1063 414 1082 unam
438 1051 641 1094 eandemque
666 1064 733 1083 rem
758 1064 820 1083 uo-

58 1102 141 1128 tare.
187 1097 250 1128 Per
271 1107 307 1127 se
331 1096 461 1138 quidem
484 1096 530 1127 ita
554 1096 641 1128 inter
662 1109 696 1128 se
721 1096 821 1128 diffe-

60 1147 154 1180 runt,
180 1147 216 1172 ut
236 1143 359 1173 habitus
379 1141 581 1184 iespoudeat
605 1142 733 1173 Graeco
757 1140 823 1181 ἑξν
808 1164 822 1179 ,

62 1185 247 1229 (Zustand),
271 1185 405 1217 affectio
423 1186 550 1217 Graeco
569 1188 601 1219 δ’.
616 1185 721 1219 '‘⁴3‘’
743 1188 822 1228 (Be-

58 1230 313 1270 schassenheit);
339 1230 396 1262 sed
418 1231 569 1269 affectio,
596 1242 679 1273 quae
700 1241 756 1271 per
778 1235 823 1263 to-

57 1279 123 1307 tam
140 1278 238 1307 vitam
257 1275 412 1318 pertinet,
434 1276 519 1307 idem
538 1275 712 1317 significat,
733 1275 823 1318 quod

57 1322 191 1352 habitus.
238 1320 366 1351 Deinde
387 1320 418 1351 in
442 1331 481 1352 eo
505 1321 718 1352 vehementer
739 1320 822 1363 lapsi

57 1371 144 1403 sunt,
169 1364 258 1408 quod
282 1371 358 1407 post
380 1365 479 1396 verba
499 1369 531 1396 ut
551 1368 584 1396 in
604 1368 703 1397 altera
729 1377 823 1397 com—

56 1421 109 1442 ma
127 1416 318 1452 posuerunt,
344 1420 408 1452 quo
429 1409 639 1447 indicaretur,
666 1410 765 1441 verba
789 1413 822 1441 in

54 1457 152 1486 altera
184 1465 251 1486 non
287 1454 489 1485 cum'verbo
520 1457 713 1494 corruptione
744 1454 820 1485 iun-

55 1499 163 1542 genda
184 1511 266 1538 esse,
290 1498 348 1530 sed
371 1499 458 1541 prius
482 1502 582 1531 attera
603 1499 645 1530 ad
669 1501 820 1539 habitum,

54 1543 219 1588 posterius
264 1543 307 1575 ad
358 1546 549 1584 affectionem
595 1544 818 1576 referendum.

54 1589 232 1621 Audiamus
255 1591 390 1628 Klotzii,
425 1589 480 1631 qui
503 1589 618 1620 Wolfii
651 1596 684 1620 et
709 1589 819 1620 Neidii

54 1633 252 1666 sententiam
285 1640 416 1665 secutus
452 1640 523 1671 est,
564 1634 816 1675 interpretatio-

54 1690 150 1710 nem:
186 1680 370 1718 „Vitiositas
393 1678 472 1709 aber
498 1678 815 1720 (Gebrechlichkeit)

55 1723 99 1755 ist
123 1723 174 1755 ein
194 1723 239 1754 im
260 1734 383 1765 ganzen
408 1723 520 1754 Leben
546 1722 592 1764 (d.
609 1723 643 1754 h.
670 1723 702 1754 in
727 1723 819 1762 jeder

56 1768 243 1809 Beziehung
268 1767 324 1798 des
341 1767 481 1806 Lebens)
510 1767 766 1809 unbesta'ndiger
788 1780 818 1799 u.

57 1813 118 1845 mit
136 1812 205 1844 sich
226 1812 329 1843 selbst
351 1812 382 1843 in
397 1812 611 1843 VViderstreit
628 1812 818 1855 stehender,

55 1857 241 1890 dauernder
267 1857 414 1899 (habitusi
442 1857 523 1889 oder
546 1857 819 1899 voriibergehen-

55 1902 116 1935 der
138 1902 282 1934 Zustand
320 1903 507 1943 (affectiffiJ‘
559 1902 616 1945 [At
640 1902 819 1944 quomodo,

55 1958 197 1990 quaeso,
222 1950 270 1978 ein
294 1949 574 1986 vortzberqehender
593 1949 733 1978 Zustand
757 1947 821 1978 dici

55 1998 169 2035 potest
198 1994 231 2024 in
254 1996 316 2023 tota
340 1994 404 2023 vita
438 1992 628 2022 inconstans
662 1999 694 2022 et
719 2003 820 2034 repu-

54 2048 157 2080 gnans
170 2035 202 2079 ?]
239 2037 310 2073 „Im
335 2036 493 2067 letzteren
529 2035 612 2077 <also
633 2036 664 2067 in
689 2036 748 2068 der
771 2039 820 2087 af-

54 2084 163 2122 sectio,
197 2080 279 2112 oder
311 2080 370 2111 der
392 2083 564 2120 vitiositas,
600 2081 750 2112 insoweit
773 2081 820 2112 sie

55 2129 178 2166 affectio
198 2125 279 2157 oder
300 2125 573 2167 voriibergehend
593 2126 647 2165 ist)
671 2126 820 2157 entsteht

54 2171 109 2202 bei
126 2170 342 2212 Verderbung
366 2170 424 2201 der
444 2170 622 2202 Ansichten
647 2172 820 2202 Kranhheit

54 2226 86 2247 u.
113 2217 283 2255 Stemma,
318 2215 350 2246 in
383 2214 459 2246 dem
494 2222 639 2247 ersteren
676 2216 759 2257 <also
783 2216 816 2247 in

53 2259 128 2292 dem
148 2263 271 2291 habitus
295 2260 377 2291 oder
396 2259 455 2291 der
473 2263 643 2299 vitiositas,
667 2260 818 2291 insoweit

53 2305 100 2337 sie
117 2307 239 2337 habitus
260 2304 341 2336 oder
364 2304 511 2336 dauernd
533 2305 594 2341 ist;
623 2305 711 2336 denu
732 2305 817 2337 diess

54 2350 219 2382 sehwebte
253 2349 327 2380 dem
363 2349 604 2381 Schriftsteller
640 2350 710 2380 hier
745 2362 816 2388 vor,

55 2394 158 2426 daher
181 2394 273 2424 nicht
296 2397 327 2424 in
349 2396 455 2433 altero,
479 2394 622 2426 sondern
647 2397 678 2426 in
703 2395 815 2435 altera)

54 2438 159 2470 findet
183 2438 482 2479 Unbestiindigkeit
513 2438 579 2469 und
603 2438 819 2470 XViderstreit

53 2486 168 2516 statt.“
219 2484 263 2514 Ex
297 2493 362 2525 quo
395 2481 529 2513 tandem
562 2484 655 2513 sonte
680 2483 729 2514 vir
752 2483 820 2514 do—

54 2527 216 2561 ctissimus
244 2527 428 2559 doctrinam
461 2538 552 2558 suam
583 2526 718 2558 hausit?
767 2531 817 2558 Au

54 2573 174 2606 oblitus
193 2579 244 2604 est
262 2583 386 2608 eorum,
410 2583 493 2614 quae
505 2572 632 2603 Tullius
654 2583 680 2602 c.
700 2572 746 2608 10,
763 2570 816 2604 24.

54 2618 96 2650 de
120 2617 241 2649 morbis
266 2625 299 2649 et
319 2616 600 2659 aegrotationibus
621 2615 816 2658 planissimis

54 2662 164 2694 verbis
187 2641 378 2713 expos-uit?³>
398 2664 480 2692 Sunt
502 2668 610 2692 autem
632 2661 731 2693 haec:
760 2662 815 2692 In-

53 2707 223 2750 telligatur
245 2707 355 2749 igitur,
383 2706 664 2749 perturbttionem
687 2705 814 2736 iactan-

55 2751 142 2782 tibus
161 2763 196 2783 se
215 2751 424 2794 opinionibus
445 2751 585 2782 inconst
579 2757 673 2781 .>tnttr
693 2756 725 2780 et
745 2757 819 2781 tur-

55 2795 160 2827 bide·
150 2807 183 2827 ln
206 2804 296 2828 motu
323 2808 393 2827 esse
416 2807 563 2838 semper·
589 2807 686 2837 quum
709 2802 817 2825 antem

54 2841 103 2872 hic
123 2841 224 2879 fervor
244 2843 464 2881 concitatioque
487 2843 585 2872 animi
605 2842 819 2871 inteteraverit

56 2888 84 2916 et
106 2888 256 2924 tanquam
286 2889 318 2917 in
349 2888 434 2917 venis
467 2887 668 2924 medullisque
700 2885 819 2915 insede-

54 2931 116 2968 rit,
150 2932 214 2960 tum
238 2932 353 2965 exsistit
375 2934 401 2962 et
424 2932 548 2961 morbus
580 2933 606 2961 et
638 2931 819 2969 aegrotatio.

53 2973 156 3005 Porro
190 2973 244 3005 ubi
268 2974 369 3006 verba
401 2974 571 3017 leguntur:
606 2975 745 3006 insoweit
774 2975 818 3005 sie

1249 576 1391 633 »Morbi
1424 586 1551 618 autem
1584 585 1623 619 et

935 645 1013 688 Sed
1040 650 1352 702 perturbationes
1375 651 1505 691 sintne
1519 651 1622 691 eius-

858 830 980 868 affectio
1003 830 1062 868 ist,
1085 830 1223 860 insoweit
1245 831 1288 861 sie
1309 830 1432 861 habitus
1454 832 1518 861 ist?
1553 830 1621 861 Mi-

858 884 914 904 ror
947 884 1045 911 sane,
1082 873 1249 915 quomodo
1281 874 1330 905 vir
1353 874 1472 905 Latine
1503 874 1621 906 doctus

856 917 1095 960 simplicissima
1123 918 1288 950 Ciceronis
1318 919 1419 950 verba
1444 919 1528 951 adeo
1558 919 1622 950 de-

857 969 1013 1005 torquere
1037 974 1076 994 ae
1100 970 1290 1005 pervertere
1313 964 1470 1006 potuerit.

923 1010 956 1039 in
985 1012 1050 1039 tota
1074 1008 1151 1051 uita]
1188 1008 1242 1040 Sic
1268 1008 1388 1040 dicitur
1410 1012 1442 1041 in
1470 1011 1554 1048 vita,
1589 1011 1621 1041 in

857 1055 941 1084 omni
960 1055 1045 1092 vita,
1068 1055 1101 1084 in
1121 1055 1204 1085 onim*
1225 1057 1342 1092 aetate,
1365 1056 1399 1085 in
1420 1056 1503 1086 omni
1523 1057 1620 1084 aeter-

855 1099 962 1136 nitate,
986 1108 1087 1139 porro
1103 1097 1144 1128 de
1159 1098 1246 1129 vitae
1261 1098 1440 1129 aetatibus:
1467 1101 1499 1129 in
1515 1100 1620 1137 pueri-

856 1144 920 1180 tia,
946 1144 977 1172 in
1001 1144 1228 1181 adolescentia,
1254 1146 1285 1175 in
1309 1147 1476 1182 senectute;
1506 1154 1535 1173 v.
1560 1153 1619 1173 nos

856 1197 889 1217 1n
910 1186 968 1217 Gr
988 1188 1025 1218 L.
1049 1187 1077 1228 §-
1102 1187 1173 1218 115.
1195 1188 1274 1219 Not.
1292 1188 1346 1219 23.
1371 1199 1403 1230 p.
1418 1168 1494 1220 23⁹1.
1519 1186 1596 1217 ed.‘

857 1230 911 1262 Sic
935 1232 993 1263 hac
1018 1234 1049 1263 in
1073 1235 1171 1263 aetate
1204 1238 1237 1263 ct
1263 1234 1321 1263 hac
1345 1236 1444 1264 aetate
1465 1232 1510 1262 ita
1534 1232 1621 1262 iuter

856 1287 891 1306 se
914 1275 1082 1314 difierunt,
1107 1283 1142 1307 ut
1166 1276 1230 1307 hoc
1251 1276 1444 1319 simplicitet
1465 1276 1506 1307 de
1529 1284 1619 1307 tem-

857 1330 954 1362 pore,
991 1331 1050 1361 quo
1075 1320 1152 1363 quid
1178 1321 1233 1358 fit,
1269 1321 1352 1352 illud
1385 1321 1426 1353 de
1456 1328 1617 1363 tempore,

856 1368 938 1396 intra
972 1367 1055 1404 quod
1090 1365 1168 1407 quid
1202 1366 1257 1404 fit,
1297 1366 1434 1398 dicatur.
1491 1366 1545 1397 Sic
1577 1365 1619 1397 de

855 1409 931 1440 loco
955 1409 1076 1440 dicitur
1100 1413 1162 1441 ιοῖᾶ
1184 1414 1285 1450 terra,
1315 1414 1377 1443 {otc-z
1398 1413 1490 1442 Italia
1517 1418 1549 1441 et
1572 1411 1619 1441 sic

856 1464 976 1495 porro,
1013 1460 1047 1485 et
1080 1458 1112 1486 in
1137 1458 1200 1485 tota
1225 1459 1326 1492 terra,
1360 1458 1393 1487 in
1418 1459 1482 1486 tota
1505 1457 1618 1494 Italia,-

854 1498 936 1529 illud
960 1498 1113 1542 ponitur,
1143 1499 1197 1530 ubi
1221 1511 1273 1530 res
1297 1510 1356 1541 per
1377 1506 1486 1531 totum
1510 1499 1620 1530 locum

855 1543 973 1575 diffusa
999 1550 1152 1582 notatur,
1181 1544 1266 1584 hoc,
1292 1544 1346 1575 ubi
1370 1555 1421 1575 res
1445 1544 1533 1575 intra
1556 1543 1619 1575 uli-

856 1588 943 1620 cuius
961 1589 1028 1620 loci
1046 1588 1125 1620 fines
1146 1589 1235 1620 facta
1255 1589 1466 1631 significatur.
1494 1590 1534 1619 V.
1559 1600 1618 1620 nos

854 1634 886 1664 in
912 1635 969 1665 Gr.
992 1635 1031 1665 L.
1057 1636 1085 1677 §-
1108 1635 1187 1671 115,
1218 1634 1266 1666 10.
1302 1646 1335 1676 p.
1357 1633 1435 1666 2⁴29.
1487 1633 1618 1665 Cornel.

852 1679 939 1720 Nep.
974 1678 1153 1720 Iphic1.·2‚
1179 1678 1218 1710 3:
1261 1679 1349 1721 quod
1381 1678 1520 1710 maxime
1556 1682 1619 1709 tota

854 1723 1054 1754 celebratum
1079 1730 1127 1754 est
1150 1725 1293 1755 Graecia.
1328 1723 1378 1755 Cf.
1399 1726 1558 1755 Bremium
1577 1723 1620 1754 ad

855 1768 994 1810 praefat.
1032 1768 1114 1810 Nep.
1152 1769 1179 1809 ᾗ.
1208 1768 1238 1798 5.
1275 1779 1306 1809 p.
1335 1770 1365 1800 ὅ.
1414 1768 1468 1799 Sic
1499 1768 1619 1799 dicitur

854 1815 915 1844 tota
938 1815 1019 1844 terra
1049 1823 1110 1854 pro
1145 1823 1204 1853 per
1234 1818 1340 1843 totam
1370 1819 1512 1850 terram,
1549 1815 1618 1843 totis

854 1860 982 1896 castris,
1017 1859 1085 1888 totis
1115 1858 1254 1896 campis,
1291 1861 1350 1888 toto
1373 1867 1516 1896 corpore,
1551 1867 1616 1887 non

855 1904 888 1933 in
919 1906 981 1933 tota
1013 1906 1104 1932 terra.
1153 1905 1196 1931 At
1230 1912 1290 1942 pio
1312 1901 1423 1943 Ligar.
1445 1900 1484 1938 3,
1545 1913 1550 1930 :
1584 1900 1617 1931 in

857 1952 929 1977 toto
950 1946 1088 1987 imperio
1110 1945 1274 1988 populiR
1280 1969 1287 1976 .
1325 1946 1370 1988 ‘h.
1394 1957 1421 1979 e.
1447 1917 1533 1976 iuti-it
1560 1952 1617 1976 to-

855 1998 924 2022 tum
948 1991 1054 2033 imp).

929 2039 1034 2075 partes
1065 2037 1154 2066 habet
1186 2035 1409 2078 dissentientes]
1444 2036 1536 2066 Haec
1570 2041 1620 2066 est

853 2080 1016 2123 scriptura
1049 2080 1192 2111 omniurn
1228 2080 1323 2111 codd.
1360 2087 1393 2111 et
1425 2080 1500 2111 edd.
1525 2086 1617 2116 vett„

854 2125 915 2156 nisi
936 2125 1025 2168 quod
1046 2125 1084 2155 R.
1108 2131 1140 2156 et
1161 2126 1194 2156 P.
1219 2131 1253 2155 et
1273 2125 1342 2156 sine
1362 2124 1461 2156 dubio
1483 2124 1537 2155 dii
1555 2137 1618 2155 an-

852 2170 995 2213 tiquiore
1017 2170 1124 2201 forma
1149 2169 1229 2200 dant
1249 2172 1351 2210 partis
1373 2189 1416 2194 --
1439 2172 1619 2201 dissentien-

852 2218 900 2246 tis.
948 2215 1014 2246 Sed
1047 2214 1079 2246 in
1106 2214 1231 2245 verbis:
1268 2217 1359 2254 „Non
1390 2225 1477 2247 omne
1508 2217 1616 2246 vitium

848 2264 955 2300 partes
978 2261 1067 2291 habet
1089 2261 1316 2298 dissentientes,
1352 2263 1384 2290 ut
1406 2269 1533 2298 eorum,
1566 2260 1620 2298 qui

851 2315 911 2336 non
935 2307 1022 2344 longe
1047 2315 1066 2335 a
1089 2307 1244 2343 sapientia
1266 2306 1396 2342 absunt,
1430 2306 1552 2342 affectio
1576 2306 1619 2333 est

852 2351 1032 2388 discrepans
1065 2351 1122 2381 sibi
1157 2351 1251 2387 ipsa“
1289 2347 1472 2378 sententiae
1507 2357 1617 2378 secum

854 2405 1000 2435 pugnare
1030 2393 1193 2423 videntur.
1243 2393 1350 2430 Quare
1377 2391 1540 2422 Bentleius
1564 2390 1616 2421 le—

852 2438 994 2480 gendum
1017 2437 1200 2479 suspicatur
1220 2447 1280 2467 non
1299 2439 1378 2468 enim
1400 2447 1486 2468 omne
1507 2438 1618 2467 vitium

853 2494 947 2524 pares
959 2484 1048 2513 habet
1067 2481 1287 2512 dissensiones
1302 2481 1366 2523 (vel
1381 2480 1616 2521 dissidentias).

852 2529 909 2558 Tr.
942 2526 1035 2557 dedit
1058 2529 1109 2557 uit.
1133 2535 1226 2565 pares
1248 2527 1338 2556 habet
1359 2524 1383 2565 †
1403 2527 1618 2564 dissentientis,

856 2573 931 2602 H'es.
961 2572 1032 2601 Em.
1053 2572 1109 2601 111.
1137 2583 1169 2612 p.
1185 2570 1216 2601 6.
1244 2573 1298 2601 vit.
1322 2568 1345 2610 *Τ
1371 2573 1472 2610 partis
1497 2571 1526 2601 h.
1551 2571 1616 2601 dis-

850 2617 1026 2655 sentientts;
1053 2615 1110 2645 sed
1134 2615 1293 2657 probatur
1315 2614 1344 2646 ei
1371 2614 1506 2646 Bentleii
1531 2613 1616 2646 coni.

849 2670 942 2699 pares
960 2678 1004 2683 —
1024 2661 1236 2691 dissensiones.
1272 2663 1314 2690 At
1334 2659 1423 2690 nulla
1443 2671 1524 2702 opus
1545 2670 1615 2689 esse

853 2704 1054 2743 mutatione,
1077 2704 1134 2735 sed
1155 2704 1279 2746 optime
1300 2716 1371 2735 sese
1390 2705 1513 2736 habere
1534 2704 1614 2735 haec

854 2749 964 2787 verba,
990 2749 1062 2780 luce
1087 2749 1202 2780 clarius
1223 2756 1362 2791 apparet
1386 2761 1425 2780 ex
1450 2750 1505 2786 eis,
1533 2759 1613 2789 quae

852 2793 954 2825 modo
981 2793 1023 2825 ad
1047 2794 1182 2825 verbum
1206 2796 1358 2826 vitiositas
1393 2792 1611 2836 exposuimus.

911 2839 938 2880 ς.
953 2838 1006 2872 30.
1036 2841 1115 2870 Vitia
1129 2858 1163 2862 —
1185 2840 1351 2880 mouentes]
1379 2839 1495 2869 Laster
1520 2836 1611 2877 [sitt-

852 2882 938 2914 liche
968 2883 1260 2926 Verkehrtheiten]
1301 2882 1374 2913 sind
1409 2879 1613 2913 beharrliehe

851 2927 1015 2960 Zusta'nde
1028 2940 1036 2967 3
1057 2928 1111 2960 die
1124 2927 1404 2960 Leidenschaften
1418 2926 1496 2957 aber
1507 2924 1612 2956 wech-

851 2972 984 3013 selude,
1011 2972 1057 3005 uti
1083 2980 1174 3005 recte
1197 2972 1296 3004 vertit
1320 2972 1461 3003 Kernius.
