1863 3221
254 129 336 170 510

299 219 435 258 quidem,
456 222 508 247 ut:
532 213 747 247 absurdumid
760 212 892 251 quidem.
920 210 1011 249 L25,

297 263 352 295 61.
400 264 435 294 Id
460 262 541 301 quod
570 269 630 300 pro
660 256 799 299 simplici
832 257 913 296 quod
945 267 1011 287 non

298 307 440 350 ponitur.
466 307 505 335 11.
524 303 555 341 6,
579 302 629 335 16.
666 303 702 334 Id
724 305 826 342 ipsum
849 300 1012 333 infinitivo

299 352 464 394 praemiss.
489 350 514 379 Ι.
539 347 593 387 39,
615 347 668 380 93.

254 400 369 430 Idcirco
393 392 622 438 postpositum.
648 393 670 424 1.
694 391 748 430 32,
771 391 824 425 78.

255 445 338 475 Idem
369 451 449 483 pro:
485 439 512 469 is
533 440 634 477 idem,
668 439 695 468 is
714 439 795 469 item.
832 437 856 467 I.
880 436 932 475 20,
957 433 1012 468 46.

303 486 353 517 Cf.
382 486 419 515 11.
440 484 502 520 22,
525 483 578 514 52.
627 493 687 524 pro
721 484 803 513 idem
827 485 938 513 lamen.
973 483 1012 514 11.

297 531 350 567 27,
375 529 427 561 65.
472 529 556 560 Idem
577 530 642 567 ipse
668 534 701 558 et
723 529 804 558 idem
824 530 888 558 isle.
915 528 937 558 Ι.
963 526 1012 564 17,

298 574 352 606 -10,
376 574 409 605 in
428 575 466 605 V.
489 574 557 604 Ser.
608 574 668 611 Qui
687 573 779 604 idem.
806 573 860 602 1V.
885 571 940 612 36,
960 571 1012 605 77.

253 624 350 661 Igitur
369 619 403 650 in
426 617 661 650 enuntiationis
684 616 778 648 initio
802 616 956 659 positum.
991 617 1013 649 Ῐ.

299 665 330 703 6,
352 665 401 696 11.
427 663 525 695 tertia
547 662 624 693 sede
642 673 713 704 pos.
740 663 764 694 l.
785 662 839 702 27,
856 661 909 694 66.
948 661 1013 703 (Cf.

299 711 323 741 1.
340 709 371 747 6,
393 709 469 750 12,).
505 714 619 750 quarta
645 707 723 738 sede
746 718 815 749 p03.
843 709 866 739 l.
889 704 940 745 14,
960 707 1012 738 32.

295 756 351 792 29,
373 754 426 788 71.
459 752 513 792 5-1,
534 754 588 785 0'2.
637 752 749 794 quinta
774 752 851 783 sede
875 763 946 794 pos.
973 752 1012 782 V.

299 800 354 837 23,
375 797 429 831 66.
477 804 553 840 post
574 797 794 840 parenthesin.
820 798 873 828 IV.
896 797 943 835 15,
961 793 1013 828 34.

301 844 365 886 (Cf.
382 843 477 883 erqo).
510 842 646 874 inservit
664 842 806 874 orationi
823 841 1014 884 ingredien—

297 891 369 921 dae.
406 891 429 921 Ι.
453 888 494 926 9,
520 889 570 920 18.
621 887 663 918 ad
684 887 880 918 sententiam
905 892 1013 917 mente

298 933 513 977 supplendam
536 932 689 963 refertur.
715 934 771 963 IV.
792 932 846 969 31,
867 930 922 963 65.

253 983 340 1021 Ignes
361 981 504 1010 adhibere
525 988 606 1020 pro:
633 976 720 1008 faces
741 976 928 1008 admovere.
956 976 1013 1006 111.

302 1023 351 1062 16,
376 1023 429 1056 35.

255 1070 404 1110 Ignssuli,
428 1073 481 1098 ut:
508 1066 676 1097 virtutum.
701 1067 757 1097 Ill.
784 1065 811 1104 1,
835 1065 866 1097 2.

253 1115 408 1154 Iynoratio
432 1112 565 1144 alicuius
589 1111 646 1143 rei.
673 1112 698 1142 l.
727 1110 776 1148 16,
797 1109 850 1143 36.

253 1161 305 1191 Ille
325 1157 507 1190 collective.
532 1158 572 1188 V.
594 1156 648 1195 27,
673 1156 725 1188 7&-
763 1158 816 1188 Ille
837 1157 1014 1193 δεικτικῶς

298 1203 339 1235 de
372 1214 407 1235 re
440 1201 559 1244 insigni
589 1207 622 1232 et
653 1200 780 1233 illustri.
828 1200 910 1232 lbid.
961 1202 1014 1232 Ille

298 1251 364 1289 ‘ipse
398 1254 430 1279 et
461 1250 525 1287 ipse
549 1249 608 1278 ille.
645 1247 685 1277 11.
710 1245 748 1283 3,
775 1245 806 1279 7.
855 1248 907 1277 Ille
942 1257 1014 1277 cum

300 1292 511 1336 oppositione
527 1303 586 1334 pro
605 1293 657 1323 sed
672 1293 721 1322 ille
738 1290 892 1333 positum.
920 1292 942 1322 1.
958 1288 1012 1329 3-1,

298 1338 353 1372 85.
389 1340 442 1370 Ille
458 1339 552 1369 ethic
571 1336 603 1367 in
627 1346 743 1378 oppos.
768 1337 808 1367 V.
826 1347 878 1367 vv.
902 1337 959 1367 Hic
975 1353 1012 1359 —-

296 1386 358 1415 ille.
382 1402 425 1407 --
471 1385 523 1415 Ille
547 1381 580 1412 in
612 1392 728 1424 oppOS.
755 1392 793 1412 ex
814 1379 1014 1412 abundantia

301 1428 458 1471 quadam,
492 1426 550 1458 sed
573 1437 644 1457 cum
667 1425 698 1456 vi
721 1425 868 1456 additum
905 1425 1011 1466 (inge-

299 1473 395 1511 niosi,
421 1479 456 1503 ut
475 1491 526 1510 —,
553 1470 599 1502 sic
621 1470 691 1511 illi).
717 1471 772 1501 IV.
803 1468 850 1507 1-1»,
872 1468 924 1501 32.
961 1471 1014 1500 Ille

299 1529 361 1560 pro
383 1520 430 1549 hic
454 1516 495 1548 ad
515 1515 699 1558 proximum
720 1515 868 1546 relatum.
898 1515 935 1545 ll.
958 1514 1011 1551 21,

299 1562 353 1596 49.
400 1565 452 1594 Ille
474 1563 597 1601 quidem
617 1579 662 1584 —
683 1561 747 1599 sed,
771 1566 824 1590 ut:
850 1559 899 1590 vir
923 1558 1013 1600 opti—

300 1620 371 1640 mus
391 1610 441 1639 ille
462 1608 606 1646 quidem,
629 1606 682 1636 sed
704 1616 772 1636 non
794 1603 870 1636 satis
892 1611 1016 1636 acutus.

301 1655 325 1684 Ι.
348 1652 380 1692 3,
406 1651 437 1684 6.

255 1700 377 1732 Illidere
400 1696 514 1728 vulnus
539 1706 646 1726 manu.
671 1696 726 1726 111.
750 1693 802 1733 31,
826 1693 880 1728 76.

256 1745 436 1781 Imbecillis,
460 1741 567 1771 forma
592 1750 657 1770 non
681 1739 782 1770 Cicer.
807 1740 861 1771 IV.
883 1739 914 1779 7,
940 1739 991 1770 15.

254 1789 396 1826 Imitari,
422 1785 612 1828 exprimere.
637 1785 661 1815 Ι.
683 1784 737 1821 25,
757 1783 812 1816 63.

255 1834 460 1873 lmperativus
479 1842 538 1873 pro
558 1828 783 1861 enuntiatione
803 1827 1016 1860 conditionali

302 1877 447 1920 posituS,
472 1881 629 1918 sequente
652 1874 773 1905 futuro.
800 1875 823 1905 Ι.
846 1875 899 1913 22,
923 1872 977 1905 51.

256 1925 467 1963 Imperfectum
491 1922 675 1953 coniunctivi
706 1918 737 1949 in
773 1918 897 1961 protasi
931 1928 1013 1949 con-

302 1966 473 2005 ditionali,
520 1971 676 2008 sequente
717 1965 1014 2004 plusquamperfecto

303 2014 489 2045 coniunctivi
510 2010 542 2041 in
565 2008 713 2052 apodosi.
737 2010 760 2040 1.
788 2010 838 2047 12,
861 2009 914 2042 27.

258 2059 469 2098 Imperfectum
493 2057 679 2087 coniunctivi
704 2060 779 2095 post
799 2058 850 2094 ut,
881 2053 935 2085 ubi
955 2065 1014 2085 ex-

305 2109 433 2144 spectes
455 2111 617 2143 praesens.
645 2100 667 2130 1.
688 2098 719 2136 4,
743 2098 774 2131 7.

258 2149 468 2187 Imperfectum
492 2146 675 2176 coniunctim*
695 2149 772 2185 post
794 2155 957 2186 praesens,
981 2143 1015 2174 in

305 2202 370 2234 quo
391 2191 476 2222 inest
499 2189 546 2221 vis
571 2187 749 2231 praeteriti.
784 2189 839 2219 11Ι.
864 2187 916 2226 26,
940 2188 1014 2226 63.;

304 2243 381 2279 post
399 2246 503 2278 praes.
524 2246 584 2276 per
603 2233 840 2265 attractionem.
864 2233 903 2264 V.
916 2230 948 2271 4,
961 2231 1014 2265 33.

259 2283 426 2322 Imperfect.
451 2286 484 2311 et
505 2280 640 2319 plusqpf.
666 2280 849 2310 coniunctivi
878 2277 911 2308 in
938 2289 1013 2309 ora-

304 2326 404 2358 tionis
425 2324 576 2367 obliquae
598 2323 873 2355 enuntiationibus
897 2334 1015 2354 secun-

305 2371 413 2410 dariis,
438 2380 629 2413 praegresso
652 2375 802 2410 tempore
824 2367 1015 2410 praeterito,

305 2417 384 2449 licet
413 2414 577 2447 sententia
608 2413 786 2445 communis
814 2413 1012 2455 proseratur.

305 2464 329 2495 Ι,
357 2462 385 2499 1,
414 2463 439 2492 l.

263 2508 428 2546 Imperfect.
452 2510 484 2536 et
504 2506 642 2545 plusqpf.
665 2506 849 2536 coniunctivi
868 2505 1015 2536 conditio-

307 2552 376 2583 nale
400 2556 472 2592 post
494 2561 655 2592 praesens.
682 2550 721 2580 V.
743 2549 795 2585 33,
819 2548 873 2581 96.

263 2597 430 2635 Imperfect.
445 2601 476 2625 et
492 2596 628 2634 plusqpf.
642 2596 825 2625 coniunctivi
839 2599 915 2636 post
922 2603 1016 2634 quum

309 2639 385 2683 quid
411 2638 574 2670 differant.
602 2640 624 2669 l.
645 2640 677 2676 2,
699 2637 730 2670 -1,

264 2686 432 2725 Imperfect.
452 2689 487 2713 et
505 2685 639 2722 plusqpf.
656 2685 840 2715 coniunctivi
858 2682 890 2714 in
912 2694 1016 2714 enun-

308 2728 497 2761 tiationibus
527 2727 743 2766 secundariis,
780 2739 862 2771 quae
896 2727 1017 2760 cohae-

309 2780 384 2807 rent
423 2784 495 2804 cum
531 2771 752 2803 enuntiatione
791 2773 1015 2812 conditionali,

309 2831 370 2863 pro
399 2829 504 2860 praes.
526 2822 559 2847 et
581 2816 666 2858 perf.
687 2816 782 2848 indic.
817 2819 841 2849 1.
863 2819 894 2856 5,
917 2817 948 2850 9.
983 2824 1016 2849 et

309 2866 373 2903 25,
398 2864 459 2901 60,
497 2860 551 2892 ubi
585 2872 690 2903 praes·
724 2861 920 2894 coniunctivi
954 2873 1015 2905 pro

308 2908 439 2952 imperf.
463 2905 606 2950 positum
629 2911 689 2936 est.

266 2956 433 2995 Imperfecl.
457 2952 639 2984 coniunctim
670 2955 704 2981 et
731 2952 867 2990 plusqpf.
892 2953 1017 2984 coniun-

311 3001 382 3032 ctivi
412 2996 488 3041 quid
508 2995 664 3028 differant
685 3007 703 3027 a
719 2999 877 3035 praesente
896 3001 927 3026 et
947 3005 1017 3035 per-

712 132 854 165 INDEX
884 131 1035 164 RERUM
1060 132 1117 164 ET
1141 132 1367 166 NOMINUM.

1093 212 1169 251 fecto
1181 212 1378 251 coniunctivi,
1393 217 1445 243 ut:
1467 211 1596 252 vellem,
1611 211 1806 249 voluissem3

1093 255 1213 296 velim,
1237 255 1406 288 voluerim.
1432 257 1457 288 I.
1475 257 1529 296 27,
1550 256 1606 291 67.
1650 257 1683 288 in
1707 263 1806 300 opta-

1092 300 1145 331 tis.
1170 302 1211 332 V.
1232 301 1285 340 22,
1306 299 1361 334 63.

1048 347 1261 386 Imperfectum
1284 345 1444 389 excipitur
1464 348 1618 387 perfecto,
1651 353 1706 378 aut
1725 358 1808 379 con—

1093 391 1196 422 trario
1230 390 1342 422 modo.
1377 392 1402 422 Ι.
1425 392 1466 431 2,
1492 389 1523 424 -1,
1558 393 1582 422 1.
1607 391 1669 432 30,
1694 391 1747 425 72.
1782 394 1805 424 1.

1093 436 1154 474 35,
1180 435 1233 468 86.

1047 482 1259 521 Imperfectum
1276 483 1433 513 constabat
1452 492 1513 524 pro
1537 491 1643 524 praes.
1664 480 1808 523 positum

1093 526 1178 558 vdtr.
1206 527 1258 558 111.
1282 525 1335 564 27,
1358 525 1412 559 66.

1048 573 1262 611 Imperfectum
1295 570 1329 602 in
1364 571 1528 603 sententia
1561 570 1716 613 generali.
1763 571 1803 603 11.

1097 618 1153 654 lo',
1179 615 1232 648 43.

1048 663 1202 701 Imperia,
1235 660 1414 692 honoribus
1441 660 1613 704 opposita,
1645 667 1721 692 sunt
1742 660 1807 692 im—

1096 706 1184 748 peria
1206 705 1367 737 militaria.
1394 708 1448 737 111.
1472 709 1503 745 2,
1526 707 1557 739 3.

1048 753 1199 791 Impotens
1222 750 1356 783 laetitia.
1381 752 1420 783 V.
1445 751 1475 790 7,
1503 751 1552 784 17.

1049 798 1222 836 Imprimis,
1247 807 1312 827 non
1338 798 1491 837 inprimis.
1516 797 1539 827 Ι.
1563 793 1616 836 48,
1642 794 1715 829 116.

1047 843 1237 881 Imprimitur
1260 841 1396 873 animus.
1424 843 1447 872 1.
1471 842 1525 879 25,
1550 840 1605 874 61.

1047 887 1082 917 1η
1107 886 1266 917 omittitur
1289 886 1340 917 in:
1376 888 1439 918 told
1461 888 1565 925 terrd,
1596 889 1664 918 totis
1687 888 1807 925 castris,

1093 931 1223 962 additur
1245 931 1296 962 in:
1330 933 1363 963 in
1385 935 1447 962 tola
1477 933 1553 962 vita.
1590 932 1643 962 IV.
1669 931 1709 963 13
1723 956 1731 972 ‚
1751 930 1806 963 29.

1092 977 1196 1007 Media
1209 979 1280 1007 urbe
1301 982 1333 1006 et
1348 978 1379 1007 in
1393 977 1496 1006 media
1509 978 1591 1007 urbe.
1614 977 1652 1008 V.
1666 975 1720 1013 35,
1735 976 1807 1007 102.

1048 1021 1082 1050 In
1101 1023 1207 1059 aliqua
1227 1030 1258 1052 re
1280 1022 1422 1060 9loriari,
1446 1022 1532 1060 anyi.
1558 1021 1579 1050 Ῑ.
1603 1020 1655 1058 21,
1678 1017 1732 1052 48.
1772 1021 1808 1052 1η

1091 1067 1235 1104 vulnere,
1265 1067 1370 1096 morbo
1390 1064 1572 1095 lamentari.
1607 1065 1644 1095 11.
1669 1064 1724 1105 21,
1748 1061 1803 1097 49.

1092 1112 1128 1141 In
1141 1112 1245 1149 aliquo
1266 1116 1463 1152 potestatem
1484 1109 1617 1148 habere,
1641 1115 1808 1151 potestate

1094 1154 1151 1186 uti.
1188 1156 1210 1185 1.
1235 1155 1298 1192 35,
1323 1156 1377 1188 ὃὸ.
1424 1157 1459 1187 In
1487 1157 1594 1195 aliqua
1626 1165 1658 1186 re
1687 1156 1807 1194 vexari,

1094 1201 1231 1239 laudari,
1252 1202 1406 1232 admirari
1426 1211 1486 1242 pro
1498 1204 1633 1239 propter.
1655 1201 1695 1230 V.
1707 1198 1740 1239 9,
1753 1197 1807 1231 24.

1094 1247 1129 1276 In
1161 1247 1219 1276 (lie.
1256 1246 1296 1277 V.
1319 1245 1383 1283 35,
1411 1248 1481 1276 100.
1529 1247 1561 1276 In
1596 1256 1624 1276 c.
1649 1244 1712 1276 abl.
1744 1254 1806 1287 pro

1094 1301 1187 1332 gem,
1223 1296 1260 1321 ut
1288 1292 1322 1322 in
1351 1292 1459 1321 eadem
1489 1292 1637 1321 sententia
1665 1300 1745 1321 esse.
1782 1290 1807 1320 Ι.

1092 1334 1157 1373 39,
1180 1332 1233 1368 9-1».
1280 1337 1315 1367 In
1346 1338 1479 1375 aliquem
1508 1346 1569 1377 pro
1602 1334 1635 1365 in
1672 1333 1805 1366 alicuius

1091 1379 1231 1411 laudem.
1268 1382 1290 1412 1.
1314 1380 1379 1421 -12,
1406 1381 1479 1412 101.
1525 1382 1561 1412 In
1591 1382 1701 1420 vulgus
1725 1389 1807 1411 com-

1091 1427 1257 1456 mendatio.
1289 1425 1327 1456 V.
1352 1424 1406 1466 36,
1435 1424 1506 1456 103.
1552 1426 1588 1456 In
1609 1428 1676 1456 vila
1697 1423 1808 1456 homi—

1091 1480 1167 1500 num
1188 1469 1305 1500 afferre
1327 1480 1387 1511 pro
1411 1471 1443 1500 in
1463 1471 1571 1500 vitam.
1597 1470 1652 1500 111.
1678 1470 1729 1510 11,
1749 1468 1803 1500 25.

1091 1516 1126 1547 In
1143 1516 1240 1554 epulis
1263 1523 1379 1546 canere.
1407 1516 1429 1544 1.
1452 1516 1482 1544 2.
1505 1514 1576 1545 init.
1612 1516 1646 1545 In
1669 1522 1806 1545 sermone

1093 1559 1232 1602 aliquem
1258 1558 1431 1589 dimittere.
1460 1559 1485 1588 1.
1509 1558 1562 1595 31,
1587 1558 1639 1591 76.
1688 1560 1722 1590 In
1743 1562 1807 1590 stu.—

1094 1605 1146 1635 dio
1171 1608 1221 1635 est.
1249 1605 1287 1634 Il.
1312 1603 1362 1640 15,
1383 1602 1437 1635 36.
1484 1604 1518 1634 In
1538 1605 1624 1642 vitio,
1647 1605 1680 1634 in
1701 1604 1805 1640 laude,

1093 1651 1126 1680 in
1150 1651 1310 1688 opinione,
1343 1650 1376 1679 in
1398 1649 1481 1678 malo
1504 1657 1576 1680 esse.
1611 1648 1666 1678 ΙΙΙ.
1690 1646 1731 1689 9,
1756 1646 1805 1679 19.

1095 1693 1227 1735 Aliquid
1248 1692 1366 1723 dicitur
1386 1694 1419 1724 in
1443 1694 1572 1724 homine.
1598 1693 1652 1723 111.
1675 1691 1729 1730 26,
1753 1690 1806 1724 62.

1094 1741 1129 1770 In
1151 1740 1233 1770 diem
1255 1740 1365 1769 vivere.
1399 1738 1438 1768 V.
1462 1738 1510 1776 11,
1533 1737 1586 1769 33.
1632 1739 1667 1769 In
1686 1738 1807 1777 primis.

1095 1785 1120 1815 Ι.
1140 1782 1193 1821 4ὅ,
1220 1782 1292 1815 116.
1337 1784 1371 1814 1η
1402 1784 1485 1813 viola
1509 1786 1562 1813 aut
1585 1785 1617 1814 in
1643 1792 1713 1814 rosa
1744 1791 1804 1824 pro

1094 1827 1190 1860 violis
1208 1834 1263 1859 aut
1283 1827 1364 1859 rosis
1384 1827 1606 1858 circumfusus.
1628 1828 1667 1858 V.
1684 1825 1737 1866 26,
1751 1825 1805 1859 73.

1091 1876 1184 1914 Inque
1197 1885 1234 1904 ea
1247 1873 1326 1903 urbe
1336 1883 1396 1915 pro
1408 1872 1440 1903 in
1454 1883 1554 1915 eaque
1566 1884 1595 1902 u.
1614 1872 1669 1903 111.
1686 1871 1736 1910 12,
1749 1870 1804 1903 27.

1047 1922 1157 1952 Inanes
1178 1928 1266 1950 sonos
1284 1919 1420 1958 fundere.
1445 1918 1484 1949 V.
1508 1916 1562 1955 26,
1583 1917 1637 1950 73.

1047 1967 1172 1997 Incensa
1197 1965 1374 2003 cognitionis
1404 1964 1572 2003 cupiditate
1601 1962 1806 2002 philosophia.

1094 2011 1118 2041 1.
1143 2008 1192 2048 19,
1213 2007 1268 2041 45.

1048 2057 1200 2087 Inclinare
1223 2052 1435 2084 intransitive.
1460 2053 1516 2085 IV.
1538 2052 1592 2091 22,
1617 2051 1672 2084 52.

1049 2102 1272 2138 Incurviscere,
1295 2101 1512 2130 incurvescere.
1538 2099 1560 2128 1.
1581 2097 1635 2136 28,
1659 2095 1714 2129 69.

1049 2146 1189 2176 Indicare
1208 2150 1241 2174 et
1260 2145 1399 2174 iudicare
1420 2143 1566 2174 confusa.
1590 2142 1630 2174 V.
1654 2142 1707 2180 21,
1730 2139 1785 2174 61.

1050 2191 1240 2220 Indicativus
1271 2199 1331 2230 pro
1356 2194 1487 2218 nostrae
1512 2187 1640 2229 linguae
1664 2185 1804 2218 coniun-

1095 2233 1182 2264 ctivo
1202 2233 1252 2263 in:
1279 2234 1422 2271 lon9um,
1447 2233 1591 2272 difficile,
1615 2234 1710 2270 satis,
1731 2240 1804 2270 par,

1093 2282 1226 2317 rectum,
1251 2286 1401 2316 aequum,
1424 2279 1551 2315 melius,
1583 2278 1709 2315 aequius
1741 2281 1803 2305 etc.

1094 2327 1156 2362 est,
1181 2325 1263 2362 erat,
1287 2323 1363 2361 fuit,
1392 2322 1513 2361 fuerat,
1546 2331 1644 2363 porro
1669 2320 1702 2350 in
1727 2330 1804 2350 ver-

1093 2367 1142 2399 bis
1164 2376 1263 2407 posse,
1286 2368 1403 2405 debere,
1426 2371 1572 2406 oportere,
1594 2375 1710 2396 necesse
1732 2374 1805 2403 esse,

1093 2415 1217 2451 decere,
1254 2411 1393 2453 denique
1426 2411 1459 2442 in
1494 2409 1668 2454 participio
1704 2409 1804 2441 futuri

1093 2457 1223 2500 passivi.
1249 2458 1272 2488 1.
1295 2454 1348 2495 49,
1375 2455 1448 2489 116.

1049 2505 1238 2536 Indicatz'vus
1258 2502 1310 2533 in:
1344 2512 1440 2532 nemo
1464 2508 1532 2539 est,
1557 2511 1651 2543 quem
1672 2510 1737 2531 non
1757 2503 1805 2531 at-

1096 2550 1183 2587 !inyit
1207 2547 1312 2578 dolor.
1339 2547 1392 2577 lll.
1415 2547 1468 2585 25,
1491 2548 1544 2578 59.

1052 2594 1240 2626 Indicativus
1262 2591 1294 2622 in
1313 2590 1460 2622 oratione
1482 2591 1621 2633 obliqua.
1646 2590 1672 2621 I.
1700 2588 1730 2629 1,
1757 2588 1785 2620 1.

1050 2640 1241 2670 Indicativus
1262 2636 1311 2667 in:
1337 2638 1484 2676 quisquis,
1507 2638 1735 2676 qualiscunque,
1755 2636 1803 2664 ut-

1097 2692 1212 2721 cunque
1233 2685 1275 2713 est
1299 2687 1361 2712 etc.
1387 2682 1413 2711 1.
1433 2680 1486 2719 46,
1513 2681 1583 2712 110.

1051 2729 1241 2760 Inclz'cativus
1258 2726 1290 2757 in
1304 2725 1560 2768 interrogatione
1577 2735 1659 2766 quae
1677 2722 1725 2754 dr.
1739 2722 1801 2754 ob·-

1096 2772 1193 2815 liqua.
1228 2772 1267 2803 V.
1290 2769 1351 2809 41,
1377 2770 1449 2803 121.
1497 2770 1592 2801 Inclic.
1623 2767 1802 2811 praesentis

1095 2817 1127 2848 in
1151 2817 1326 2857 interrog,
1350 2815 1404 2846 ubi
1429 2820 1595 2856 exspectes
1620 2812 1804 2846 coniuncti-

1095 2873 1182 2894 vum.
1208 2862 1260 2893 IV.
1284 2862 1337 2898 25,
1360 2861 1412 2892 55.

1050 2908 1239 2940 Indicativus
1259 2903 1399 2948 perfecti
1420 2915 1452 2935 v.
1476 2905 1602 2944 Perfeci.
1624 2902 1723 2936 indic.

1050 2953 1217 2992 1ndi9nus,
1241 2961 1307 2982 non
1327 2947 1480 2987 meritus,
1504 2955 1549 2980 ut.
1574 2949 1627 2981 IV.
1649 2948 1702 2985 20,
1725 2944 1780 2980 46.

1053 2998 1197 3029 Inducere
1220 2997 1369 3028 animum.
1404 2994 1443 3024 V.
1466 2994 1524 3030 10.
1547 2993 1599 3027 30.
1647 2994 1802 3025 Inducitur
