1863 3221
212 81 295 123 296

782 89 949 119 Liessu
974 89 1032 119 111.
1057 87 1121 127 23,
1147 87 1199 121 57.

217 172 423 219 docentes,
466 183 580 222 quam
610 180 730 221 parva
755 173 794 206 et
829 180 941 219 quam
967 179 1086 220 pauca
1124 168 1224 217 sint,
1267 181 1365 221 quac
1395 176 1530 208 natura
1553 169 1772 219 desidere-[3

216 250 282 283 aut
311 256 333 282 a
367 241 584 296 disputandi
613 239 826 279 subtilitate
859 239 1076 279 orationem
1107 240 1153 279 ad
1184 240 1360 294 exempla
1388 241 1638 282 traducimus.

1704 240 1776 280 Hic

216 315 402 356 Socrates
433 320 780 363 commemoratur,
814 312 876 352 hic
905 311 1130 366 Diogenes,
1166 312 1226 352 hic
1258 310 1522 354 Caecilianum
1544 314 1659 354 illud:

475 390 594 439 Saepe
623 395 682 425 est
708 390 816 426 etiam
847 388 916 425 sztb
942 389 1099 438 palliolo
1125 389 1277 425 sordido
1307 390 1504 438 sapientia.

218 462 345 515 Quum
370 461 471 502 enim
504 460 740 515 paupertatis
769 474 843 500 uua
869 462 1081 513 cademque
1109 460 1160 499 sit
1188 459 1269 510 vis,
1315 460 1494 513 quidnam
1525 459 1601 499 dici
1629 467 1770 514 potest,

217 535 465 588 quamobrem
486 532 534 574 C.
555 532 736 573 Fabricio
756 533 968 573 tolerabilis
984 547 1028 572 ea
1046 532 1177 582 fuerit,
1203 532 1267 572 alii
1287 539 1434 586 negent
1449 546 1492 573 se
1511 534 1614 573 serre
1633 535 1775 587 posse?

217 615 284 650 57.
330 607 432 648 Huic
464 607 581 661 igitur
616 607 726 647 alteri
753 607 889 660 generi
918 606 1055 646 similis
1080 614 1138 646 est
1170 620 1217 646 ea
1244 606 1344 646 ratio
1380 606 1631 657 consolandi,
1677 620 1774 660 quae

216 683 329 722 docet
362 681 526 721 humana
555 694 667 732 esse,
709 694 803 734 quae
840 680 1067 720 acciderint.

1128 678 1222 719 Non
1250 679 1351 719 enim
1384 679 1507 719 solum
1536 680 1573 719 id
1601 680 1777 720 continet

217 769 260 794 ea
289 754 522 809 disputatio,
555 762 595 794 ut
619 754 879 808 cognitionem
905 754 1044 793 afferat
1068 753 1225 806 generis
1251 753 1434 804 humani,
1474 753 1542 793 sed
1566 753 1771 807 siguificat,

218 827 431 867 tolerabilia
462 841 575 878 esse,
609 841 708 881 quae
739 834 778 866 et
810 826 969 866 tulerint
999 833 1037 865 et
1069 827 1194 866 ferant
1224 826 1356 866 ceteri.

325 898 487 940 XXlV.

215 980 430 1013 morantur.

213 1053 251 1085 et
275 1046 425 1099 qui-lem
447 1052 605 1100 propter
624 1044 662 1083 id
684 1044 807 1098 ipsum
830 1043 1048 1094 beatiores,

553 898 611 939 De
634 906 856 953 paupertate
875 899 1024 951 agitur3
1060 898 1165 938 multi
1183 899 1372 952 patientes
1393 913 1582 954 pauperes
1606 912 1773 939 commc-

492 971 552 1012 De
586 972 869 1011 contemnendo
896 972 1069 1021 honore,
1113 972 1220 1011 multi
1251 972 1472 1011 inhonorati
1506 974 1772 1026 proferuntur,

1083 1058 1319 1098 eorumque,
1354 1045 1417 1098 qui
1442 1046 1629 1099 privatum
1654 1045 1772 1084 otium

215 1118 380 1172 negotiis
413 1117 572 1172 publicis
603 1117 893 1167 antetulerunt,
937 1116 1162 1156 nominatim
1191 1117 1271 1157 vita
1298 1118 1498 1169 laudatur,
1539 1132 1610 1158 nec
1638 1119 1776 1158 siletur

211 1191 301 1232 illud
320 1190 576 1246 potentissimi
598 1190 703 1244 regis
726 1198 977 1244 anapaestum
994 1192 1029 1241 1,
1061 1190 1124 1243 qui
1138 1192 1157 1216 ²
1176 1190 1307 1231 laudat
1327 1205 1459 1231 senem
1480 1198 1518 1231 et
1537 1192 1772 1232 fortunatum

212 1279 300 1305 esse
323 1264 436 1314 dicit,

300 1384 430 1415 XXIV.

211 1427 232 1459 2
258 1441 285 1460 v,
311 1428 395 1459 Adn.
442 1428 462 1459 3
490 1428 525 1458 R.
548 1428 581 1458 P.
609 1433 692 1469 sept.
720 1429 800 1458 Oxx.
825 1428 915 1458 Mon.
939 1426 970 1458 2.

474 1264 572 1317 quod
597 1263 786 1317 inglorius
803 1266 819 1289 3
845 1264 895 1304 sit
917 1271 1032 1317 atque
1054 1263 1234 1317 ignobilis
1253 1265 1300 1304 ad
1318 1278 1539 1319 supremum
1565 1266 1664 1305 diem
1686 1279 1773 1319 per-

468 1385 482 1414 1
512 1384 638 1414 Paucae
663 1381 739 1413 edd.
764 1388 843 1413 vett.
867 1389 900 1413 et
919 1381 985 1413 duo
1009 1382 1191 1414 deteriores
1216 1382 1312 1414 codd.
1338 1385 1583 1422 anapaesticum.
1621 1384 1660 1414 V.
1686 1383 1769 1414 Adu.

1009 1428 1094 1458 Gud.
1118 1426 1149 1460 2.
1178 1427 1280 1459 Rehd.
1308 1427 1419 1459 Duisb.
1440 1430 1648 1467 ingloriosus:
1682 1428 1769 1471 quod

211 1472 408 1504 vocabulum
432 1483 591 1515 nusquam
616 1483 667 1514 ap.
690 1472 828 1503 Latinos
853 1472 1030 1514 scriptores
1056 1473 1184 1514 legitur.

211 1551 281 1571 rum
306 1546 416 1571 mente
439 1538 639 1582 disputavit,
676 1539 741 1570 hoc
765 1546 873 1570 autem
896 1539 971 1571 1000

209 1584 417 1624 Stoicorum,
463 1585 515 1627 qui
550 1584 789 1626 aegritudinem
823 1588 971 1616 recentem

210 1629 401 1671 opinionem
433 1630 542 1671 magni
574 1629 650 1660 mali
682 1629 865 1671 praesentis
901 1641 970 1660 esse

208 1675 416 1709 statuebant,
442 1681 571 1705 secutus
596 1681 646 1704 est
670 1674 845 1705 rationem.

276 1720 304 1761 G.
320 1719 374 1752 56.
401 1721 500 1758 Saepe
520 1718 576 1761 est]
603 1720 660 1749 Est
682 1725 874 1750 tetrameter
895 1725 969 1750 tro—-

207 1764 336 1796 ehaicus
361 1763 580 1795 catalecticus.

274 1810 301 1842 (5.
315 1809 368 1842 57.
395 1811 474 1840 Huic
495 1810 584 1840 alteri
606 1808 724 1851 generi]
750 1810 888 1850 Sc.pe1
909 1820 969 1839 ex-

207 1854 315 1896 empla
338 1853 490 1885 docendi.
533 1854 615 1884 Nam
640 1854 710 1884 fere
732 1853 821 1884 idem
844 1860 893 1884 est
914 1853 969 1884 di-

206 1911 296 1930 cere:
323 1898 377 1930 hic
397 1898 449 1930 iel
472 1898 528 1929 ille
548 1898 648 1930 homo
670 1898 786 1929 infelix
808 1905 868 1936 est,
894 1905 966 1929 aut:

205 1944 354 1975 omnibus
376 1943 562 1975 hominibus
584 1943 704 1974 malum
728 1943 878 1975 accidere
902 1955 967 1986 po-

204 1995 288 2028 test,
314 2000 392 2030 ergo
419 1988 516 2019 etiam
542 1988 613 2019 tibi.
660 1991 797 2020 Neidz'us.

269 2036 470 2073 coynitionem
493 2035 611 2072 yeneris
633 2033 775 2075 humani]
811 2033 853 2063 H.
877 2044 905 2065 e.
931 2039 966 2064 ut

205 2088 459 2119 cognoscamus,
485 2077 570 2108 hanc
592 2087 662 2107 esse
683 2077 814 2108 humani
836 2078 964 2119 generis

204 2121 449 2162 conditionem,
486 2128 521 2151 ut
545 2120 682 2152 miseriis
708 2128 741 2152 et
767 2121 964 2153 calamitati-

202 2166 261 2197 bus
286 2166 464 2197 obnoxium
488 2166 542 2197 sit.

269 2212 346 2242 CAP.
361 2211 491 2242 XXIV.
516 2213 558 2242 De
579 2214 762 2250 paupertate
785 2211 902 2253 agyitur]
931 2211 963 2241 Si

202 2256 244 2287 de
266 2262 461 2298 paupertate
483 2255 599 2297 agitur.
639 2256 678 2286 V.
703 2255 745 2286 ad
771 2257 808 2286 ll.
834 2256 884 2292 1“,’,
908 2258 961 2287 2&-

265 2304 346 2341 re9is
364 2301 584 2343 anapaestum]
608 2300 860 2342 Agamemnonis
876 2299 962 2342 apud

200 2345 310 2388 Eurip.
334 2345 438 2388 Iphig.
463 2345 495 2376 in
522 2345 595 2377 Aul.
620 2357 649 2376 1.
678 2345 735 2377 15:

537 2389 642 2443 Ζηλω
665 2401 723 2442 σε,
746 2389 823 2432 γέρα
824 2402 852 2431 1,

289 2435 340 2476 Ζη
344 2436 390 2467 λῶ
416 2432 446 2469 3
471 2418 599 2475 ὧδεῶ)
625 2446 663 2472 ος
688 2431 854 2468 ακί1δυν<>1

286 2478 363 2511 Bao,
387 2476 560 2520 &ganipae
584 2476 694 2522 (Ξμώς
680 2504 714 2520 ,
741 2475 878 2521 (ἱκὶειῆς.

199 2526 411 2562 Anapaestum
433 2531 482 2554 est
501 2535 611 2555 1015115
632 2536 671 2555 ex
689 2525 872 2566 anapaestis
895 2536 958 2567 pe-

197 2567 294 2599 dibus
314 2568 526 2609 compositus,
553 2576 587 2599 ut
605 2571 658 2600 Or.
680 2569 733 2607 56,
758 2568 839 2602 190:
867 2572 956 2612 (ver-

197 2612 264 2653 sus)
291 2611 466 2655 plerosque
487 2613 643 2653 senaiios,
666 2613 725 2644 sed
751 2614 849 2645 etiam
872 2625 954 2647 ana-

194 2661 314 2708 paesta.
362 2656 464 2687 Ibida
492 2658 537 2686 lta
564 2638 669 2688 fictiis
694 2665 743 2689 est
768 2664 958 2699 anapaestus

195 2702 242 2739 is,
280 2701 333 2744 qui
364 2701 622 2742 Aristophaneus
657 2702 860 2734 nominatur:
902 2704 957 2735 ubi

197 2750 250 2777 Or.
275 2757 447 2789 perperam
473 2745 575 2776 edidit
607 2750 834 2785 anapaesticus.
882 2749 953 2780 Fin.

194 2792 234 2822 ΙΙ.
258 2790 290 2831 6,
315 2791 371 2823 15:
401 2790 529 2827 Graeci,
555 2790 607 2832 qui
630 2790 693 2821 1100
715 2797 884 2830 anapaesto
904 2794 952 2824 ci-

195 2842 322 2868 tantur:
349 2835 403 2867 ubi
424 2839 629 2874 anapaestum
656 2836 704 2876 (ut
729 2836 785 2865 Gr.
811 2848 847 2869 -0
874 2834 953 2871 0520ss-

382 2879 422 2914 ’ἀ
446 2876 532 2913 aad:-
524 2891 631 2912 stara
614 2879 645 2920 J.)
682 2886 730 2910 est
760 2891 889 2912 carmen
915 2894 951 2913 ex

690 2925 807 2955 Forma
844 2932 951 2957 autem

193 2893 251 2914 παι
254 2891 346 2919 στω,

192 2925 375 2968 anapaestis
410 2924 638 2968 compositum.

1007 1542 1226 1579 anapaesticus
1249 1539 1392 1571 abstinet
1419 1540 1553 1571 Cicero:
1590 1551 1684 1579 nam,
1723 1540 1769 1571 uti

1006 1592 1095 1615 recte
1121 1585 1308 1615 observavit
1334 1587 1484 1624 Orellius,
1521 1591 1597 1616 ante
1622 1585 1768 1616 Servium

1007 1637 1039 1660 et
1053 1629 1221 1660 Sidonium
1238 1629 1460 1672 Apollinarem
1477 1629 1558 1661 haec
1575 1630 1681 1661 forma
1701 1642 1767 1662 11011

1006 1674 1039 1705 in
1064 1685 1121 1705 usu
1147 1674 1246 1705 fuisse
1269 1674 1410 1706 videtur.
1459 1675 1511 1706 Sic
1533 1687 1629 1718 supra
1654 1676 1691 1706 ll.
1718 1674 1767 1714 16,

1006 1719 1067 1752 ὃῖς
1105 1730 1166 1750 nec
1190 1719 1364 1750 adhibetur
1397 1719 1460 1750 nlla
1492 1720 1561 1750 sine
1590 1723 1769 1760 anapaestis

1005 1763 1142 1806 pedibus
1184 1764 1385 1795 adhoitatio.
1443 1767 1591 1796 Davisius
1629 1764 1768 1796 contulit

1005 1809 1139 1840 Lucifhn
1172 1809 1406 1852 ltp17:
1455 1806 1571 1843 (ἱνα-Γ
1562 1809 1690 1842 αίστ
1702 1822 1738 1843 ον.
1752 1822 1767 1848 ς

1004 1853 1066 1895 μέτ
1070 1866 1104 1895 ρο
1109 1865 1136 1891 ,ς
1157 1853 1360 1897 εἷ’-,0711111511
1384 1865 1426 1887 τα.
1448 1853 1561 1888 rohai.
1599 1855 1671 1885 Pari
1691 1866 1766 1886 mo-

1002 1898 1044 1929 do
1067 1898 1224 1929 abstinuit
1249 1883 1363 1931 Cicero
1393 1899 1508 1930 f-01mis
1538 1901 1766 1939 philosophicus

1002 1951 1035 1974 et
1055 1946 1258 1983 philoloyicus
1283 1947 1325 1986 (v.
1347 1943 1514 1975 Adnotata
1537 1951 1649 1975 nostra
1670 1944 1700 1975 iu
1725 1945 1764 1975 V.

1001 1986 1054 2026 41,
1080 1989 1179 2028 ΗΓ).
1203 1991 1344 2020 klotzius
1363 1990 1403 2020 de
1419 1989 1474 2020 Gr.
1499 1989 1606 2020 forma
1628 2001 1764 2022 amatae·

1001 2030 1116 2070 στικός
1140 2034 1250 2064 attulit
1275 2036 1474 2075 Schaeferum
1499 2034 1541 2065 ad
1562 2034 1699 2077 Dionys,
1723 2034 1765 2065 de

1004 2078 1158 2119 Compos,
1184 2078 1284 2109 verb.
1311 2091 1343 2120 p.
1359 2079 1435 2112 337.

1068 2125 1120 2161 qui
1137 2124 1246 2153 laudat
1264 2124 1378 2166 senem]
1405 2123 1567 2154 Bentleius
1588 2123 1762 2165 legendum

1000 2167 1140 2197 coniecit
1164 2178 1223 2206 quo
1245 2179 1290 2198 sc.
1312 2175 1502 2209 anapaesto.
1551 2171 1595 2198 At
1617 2169 1761 2198 omnium

1000 2211 1097 2242 codd.
1129 2217 1160 2241 et
1193 2211 1269 2241 edd.
1300 2212 1480 2253 scripturae
1515 2212 1640 2243 lirinum
1670 2215 1760 2252 Wop-

999 2257 1081 2288 kens
1108 2256 1216 2286 Lectt.
1241 2256 1326 2288 Tull.
1354 2259 1378 2288 I.
1408 2258 1454 2288 1).
1482 2269 1512 2299 p.
1536 2258 1596 2288 11.)
1613 2268 1661 2299 sq
1695 2269 1756 2299 pa-

999 2301 1083 2331 rasit
1108 2312 1154 2342 pr.
1147 2300 1303 2332 aesidium
1330 2301 1440 2333 multis
1465 2301 1614 2332 excitatis
1644 2313 1757 2333 exem-

999 2345 1078 2387 plis
1116 2345 1148 2375 iu
1183 2345 1297 2388 quibus
1329 2347 1398 2388 paii
1428 2346 1556 2377 ratione
1585 2346 1757 2378 relativum

994 2401 1059 2421 non
1082 2390 1123 2421 ad
1144 2390 1394 2428 substantivum,
1420 2404 1438 2422 a
1463 2403 1527 2434 quo
1548 2391 1671 2433 pendet
1694 2403 1756 2434 ge-

993 2434 1123 2470 nitivus
1147 2435 1205 2466 sed
1228 2435 1269 2466 ad
1290 2437 1470 2478 genitivum
1491 2436 1596 2478 ipsum
1618 2436 1756 2469 relatum

993 2487 1052 2511 est.
1103 2480 1156 2511 Sic
1181 2492 1278 2523 supra
1303 2492 1330 2512 c.
1351 2484 1409 2518 23,
1434 2483 1486 2514 ὁ)
1512 2481 1665 2522 legimus:
1695 2483 1754 2520 Cy-

990 2528 1185 2557 renaicorum
1208 2532 1310 2556 restat
1333 2529 1497 2564 sententia,
1526 2527 1579 2565 qui
1602 2532 1669 2556 tum
1694 2537 1753 2556 ae-

991 2570 1190 2611 gritudinem
1220 2574 1339 2602 censent
1363 2570 1516 2600 exsistere
1549 2575 1612 2601 etc.
1661 2570 1752 2601 Infra

992 2616 1046 2646 1V.
1070 2616 1100 2653 5,
1126 2616 1182 2646 lu:
1207 2619 1336 2646 veterem
1356 2617 1444 2646 illam
1465 2613 1614 2656 equidem
1635 2616 1751 2653 Pytha-

991 2669 1084 2700 gorae
1115 2659 1276 2702 primurn,
1316 2658 1435 2690 deinde
1464 2660 1605 2690 Platonis
1638 2660 1751 2690 descri-

988 2706 1123 2744 ptionem
1159 2715 1293 2746 sequar,
1338 2706 1390 2743 qui
1424 2702 1565 2734 animum
1601 2702 1632 2733 in
1671 2703 1750 2735 (luas

991 2755 1099 2791 partes
1135 2749 1295 2780 dividunt.
1343 2749 1384 2778 V.
1412 2748 1460 2784 17,
1485 2748 1546 2779 51:
1583 2758 1647 2789 quo
1673 2748 1749 2780 loco

990 2805 1129 2836 quaero,
1157 2805 1254 2835 quam
1276 2792 1342 2823 vim
1362 2792 1481 2823 habeat
1503 2794 1580 2823 libra
1603 2794 1657 2823 illa
1681 2795 1749 2825 Cri-

988 2840 1073 2876 tolai,
1098 2841 1151 2878 qui
1173 2849 1271 2880 quum
1292 2837 1324 2868 in
1346 2836 1482 2867 alteram
1502 2836 1628 2868 lancem
1651 2837 1749 2869 animi

988 2883 1074 2914 bona
1098 2883 1246 2924 imponat
1270 2887 1365 2912 cett.:
1392 2881 1446 2912 ubi
1471 2893 1499 2913 v.
1524 2881 1607 2914 Adn.
1633 2883 1671 2914 V.
1697 2880 1746 2916 1-1.

988 2926 1047 2959 40:
1074 2929 1206 2959 Laconis
1227 2928 1304 2958 illud
1329 2927 1443 2957 dictum
1469 2945 1509 2949 —
1534 2929 1596 2965 qui.
