1863 3221
220 135 303 178 224

220 238 290 273 ea,
325 235 423 276 quae
447 235 520 262 una
544 220 686 260 ceteris
709 218 979 270 excellebat-⁹²,
1014 233 1149 259 omnes
1174 219 1394 260 nominatae
1417 220 1509 261 sint.

807 140 968 172 LIBER
994 141 1034 172 11.
1062 138 1202 180 t9‚44.

1572 218 1778 275 Appellata

221 303 281 336 est.
311 295 411 335 enim
445 307 498 334 ex
527 295 624 334 viro
655 293 803 343 virtus,
838 292 911 332 viri
937 299 1063 332 autem
1100 292 1256 346 propria
1283 293 1452 333 maxime
1488 300 1548 333 est
1574 293 1773 334 fortitudo.

221 367 344 409 Cuius
387 380 550 407 munera
592 366 665 405 duo
708 372 799 405 sunt
837 365 1034 415 maxima,
1082 365 1216 405 mortis
1258 365 1480 420 dolorisque
1523 366 1774 421 contemptio.

220 440 414 482 Utendum
443 447 503 480 est
528 439 647 493 igitur
673 438 754 488 his,
789 439 820 478 si
847 437 1002 478 virtutis
1035 445 1255 491 compotes,
1288 438 1351 478 vel
1382 439 1508 493 potius
1540 439 1573 478 si
1602 439 1675 479 viri
1707 453 1778 479 vo-

1597 509 1776 564 Quaeres

970 583 1106 624 Talem
1141 585 1242 624 enim
1274 584 1503 625 medicinam
1536 584 1778 639 philosophia

220 516 344 555 lumus
372 527 483 563 esse,
518 512 698 566 quoniam
727 526 749 552 a
773 510 869 551 viris
894 510 1018 552 virtus
1048 525 1188 551 nomen
1222 518 1282 551 est
1311 514 1533 552 mutuata4.

221 590 410 636 fortasse,
445 600 519 640 quo
543 586 680 636 modo3
717 591 754 624 et
785 592 908 624 recte.

220 661 436 715 profitetur.

330 731 453 772 XIX.
509 737 577 772 44.
615 730 735 772 Venit
761 730 978 786 Epicurus,
1015 731 1128 770 homo
1152 730 1308 770 minime
1335 731 1457 771 malus
1480 730 1542 771 vel
1567 729 1694 785 potius
1715 728 1779 771 vir

1272 803 1498 858 „Neglige,
1532 803 1677 857 inquit,
1711 803 1779 843 do—

1693 875 1779 917 Vix

943 948 1023 1000 „Si
1056 964 1227 989 summus
1261 950 1370 989 dolor
1393 957 1476 1000 est,
1509 949 1656 1003 inquit,
1689 948 1778 989 bre-

221 807 411 862 optimus,
445 812 592 845 tantum
615 811 768 854 monet,
803 811 985 858 qnantum
1012 803 1206 857 intelligit.

220 881 396 920 lorem.“
440 877 538 932 Quis
563 878 633 917 hoc
658 877 777 917 dicit?
817 875 938 927 ldem,
967 877 1029 930 qui
1052 877 1223 916 dolorem
1247 890 1435 916 summum
1459 877 1597 916 malum
1615 879 1650 916 1.

220 954 314 993 satis
343 958 585 992 constanter.
648 951 879 990 Audiamus.

218 1040 307 1066 vem
334 1038 497 1065 necesse
527 1030 586 1063 est
621 1025 800 1062 esse².“
834 1046 886 1051 ——
949 1022 1201 1062 Iteradmffl
1242 1022 1390 1062 eadem
1425 1023 1510 1062 ista
1545 1022 1669 1069 milzi;
1699 1035 1778 1061 non

219 1098 320 1138 enin]
341 1097 435 1137 satis
456 1095 647 1149 intelligo,
678 1095 767 1148 quid
789 1108 980 1134 summum
1006 1094 1111 1134 dicas
1134 1107 1236 1144 esse,
1267 1094 1354 1147 quid
1377 1094 1514 1134 breve.
1538 1118 1593 1124 —-
1626 1092 1778 1145 „Sum-

309 1215 330 1247 4
355 1214 480 1246 Verba:
507 1217 654 1254 quoniam
674 1223 694 1244 α
714 1223 743 1244 v.
764 1222 794 1244 v.
816 1224 847 1244 η.
867 1222 891 1244 6.
914 1216 1058 1244 mutuala
1083 1218 1116 1243 ut
1140 1211 1303 1255 glossema
1325 1212 1365 1243 ab
1389 1212 1459 1244 aliis
1482 1212 1571 1243 uncis
1594 1211 1710 1251 cincta,
1735 1211 1777 1243 ab

220 1261 288 1292 aliis
313 1259 528 1292 exterminata
552 1265 637 1289 sunt.
683 1259 854 1299 Leguntnr
873 1257 905 1287 in
929 1257 1077 1288 omnibus
1100 1257 1211 1295 codd.,
1235 1257 1288 1300 qui
1310 1257 1405 1289 nobis
1427 1257 1496 1289 noti
1517 1264 1613 1295 sunt,
1639 1257 1776 1288 Ursinus

220 1306 351 1348 quidem
374 1305 439 1337 ait:
466 1302 648 1342 „Nonnulli
674 1309 755 1333 vett.
780 1301 853 1333 libri
879 1301 961 1333 haec
987 1302 1086 1333 verbu
1111 1314 1176 1333 non
1201 1302 1369 1340 habent,“
1393 1302 1451 1333 sed
1475 1314 1555 1344 quos
1578 1301 1777 1333 intellexerit

220 1351 331 1388 libros,
358 1361 422 1381 non
444 1355 584 1380 constat.
633 1349 711 1378 Post
734 1347 833 1377 verba
856 1350 902 1377 vel
923 1349 1025 1386 polius
1044 1349 1071 1378 sz'
1092 1349 1152 1377 viri
1173 1357 1200 1378 v.
1223 1357 1285 1379 6336
1310 1347 1443 1377 minime
1465 1347 1578 1389 inepte
1601 1347 1776 1385 adduntur,

221 1395 267 1426 uti
289 1402 377 1427 recte
400 1400 512 1425 monet
535 1395 709 1430 Nissenius,
736 1397 768 1422 et
792 1402 870 1422 vero
896 1391 1002 1422 oratio
1026 1391 1208 1433 elegantior
1233 1398 1301 1430 est,
1329 1403 1422 1434 quam
1449 1403 1530 1434 quae
1551 1404 1569 1423 a
1593 1392 1776 1433 glossatore

220 1440 372 1482 profectu
398 1449 467 1469 esse
493 1437 650 1467 videatur.
709 1436 804 1466 XIX.
856 1435 869 1466 1
901 1436 938 1466 D.
966 1442 997 1466 et
1022 1437 1077 1466 W.
1104 1438 1248 1467 malum?
1297 1436 1395 1467 Male.
1443 1437 1517 1467 Non
1542 1437 1774 1477 interrogatur,

220 1484 277 1515 sed
303 1482 521 1525 respondetur
541 1481 583 1511 ad
609 1483 685 1519 Quis
708 1482 763 1512 hoc
783 1482 881 1512 dicit?
929 1479 950 1511 2
976 1480 1029 1511 Sic
1057 1480 1140 1511 Gud.
1160 1480 1185 1511 l.
1211 1480 1292 1511 11.2.
1319 1485 1400 1522 Aug.
1422 1480 1519 1512 Vind.
1537 1481 1565 1512 1.
1594 1481 1698 1511 Marb.
1725 1480 1776 1511 ed.

224 1531 261 1560 D.
281 1528 335 1567 2.;
358 1531 476 1560 brevem
497 1535 558 1557 esse
579 1535 696 1558 necesse
717 1529 758 1556 est
784 1525 893 1556 Duisb.
918 1531 950 1555 et
973 1524 1046 1556 edd.
1070 1532 1150 1556 vett.
1172 1525 1349 1567 plurimue3
1375 1536 1492 1557 necesse
1513 1529 1555 1556 est
1576 1528 1696 1557 brevem
1716 1534 1778 1557 esse

220 1576 273 1605 Or.
296 1585 321 1604 c.
349 1574 383 1603 P..
407 1572 554 1614 aliisque.
602 1570 622 1602 5
648 1570 701 1600 Sic
725 1572 779 1600 Or.
795 1581 820 1600 c.
842 1569 952 1600 multis
974 1569 1049 1600 edd.
1076 1576 1179 1605 vett.;
1208 1570 1243 1601 R.
1265 1570 1350 1601 Gud.
1367 1570 1394 1601 l.
1418 1572 1458 1601 Il.
1482 1569 1600 1612 aliique
1623 1569 1718 1602 codd.
1743 1575 1776 1600 et

219 1618 396 1649 nonnullae
419 1616 493 1648 edd.
518 1622 597 1646 vett.
635 1617 814 1646 uertendum
846 1617 953 1646 eadem
976 1621 1060 1645 etc.:
1097 1626 1179 1657 quae
1201 1614 1363 1657 scriptura
1395 1615 1464 1645 sine
1495 1614 1594 1646 dubio
1619 1626 1657 1645 ex
1682 1625 1776 1646 com-

220 1663 342 1706 pendio
367 1663 524 1694 Ilerfidu‘m
548 1667 619 1691 orta
645 1666 704 1691 est.

219 1729 309 1772 atqui
334 1740 452 1760 nomen
478 1727 607 1759 virtutis
642 1738 707 1758 non
737 1732 787 1757 est
810 1726 979 1769 proprium

220 1786 338 1806 nomen
364 1773 507 1805 omnium
529 1772 705 1809 virtutum,
731 1771 789 1802 sed
812 1772 851 1803 ab
876 1784 913 1803 ea
934 1791 976 1795 -—

219 1819 405 1850 nominatae
418 1824 503 1848 sunt.
528 1818 566 1847 V.
584 1817 751 1847 Adnotata
768 1816 798 1847 in
820 1818 841 1846 l.
857 1816 910 1853 34,
924 1816 977 1848 ὃὸ.

1014 1738 1110 1769 quam
1136 1727 1204 1758 fere
1234 1727 1433 1770 optimorum
1457 1727 1555 1759 codd.
1580 1727 1777 1759 auctoritate

1015 1772 1237 1803 confirmatur.
1285 1774 1325 1804 V.
1350 1774 1491 1812 Seyffert.
1515 1772 1556 1803 ad
1576 1772 1666 1804 Lael.
1698 1772 1719 1803 l.
1743 1771 1775 1804 d.

1014 1828 1045 1858 p.
1066 1815 1126 1848 441
1143 1828 1192 1858 sq.
1242 1817 1314 1848 Huc
1343 1817 1490 1857 accedit,
1527 1817 1614 1859 quod
1638 1817 1680 1848 ob
1704 1828 1773 1859 seq.

286 1873 364 1903 quae
386 1873 450 1894 una
473 1865 576 1893 celeris
597 1860 775 1903 excellebat]
799 1862 838 1892 H.
853 1872 880 1891 e.
897 1872 979 1903 quae

219 1908 357 1940 maxime
382 1906 573 1938 excellebat.
615 1906 668 1936 Sic
688 1905 877 1947 saepissime
900 1916 980 1937 unus

219 1953 364 1996 ponitur,
390 1959 424 1983 ut
444 1951 576 1983 alicuius
594 1951 641 1981 rei
662 1962 822 1982 summum
841 1950 978 1992 gradum

219 1998 391 2040 significet.
440 1997 480 2027 N.
505 1997 543 2026 D.
571 1997 609 2026 11.
631 1994 694 2033 29,
721 1994 782 2028 74:
817 2007 877 2027 nec
901 2006 978 2026 vero

218 2043 283 2073 hoc
304 2042 336 2072 in
360 2048 391 2072 te
416 2039 590 2077 convenit,
625 2050 722 2070 unum
746 2039 890 2070 moribus
916 2040 981 2071 do-

219 2085 362 2117 mesticis
385 2097 423 2116 ac
445 2091 632 2115 nostrorum
656 2083 822 2114 hominum
845 2084 980 2115 urbani-

219 2137 289 2162 tate
313 2130 469 2161 limatum.
522 2130 559 2159 V.
586 2128 627 2159 ad
654 2129 692 2159 ll.
718 2128 781 2166 26,
806 2126 858 2160 6-1.
909 2129 980 2159 Ob—

219 2174 398 2206 servandns
424 2180 475 2205 est
498 2184 571 2203 usus
597 2174 765 2212 [inperfecti
786 2172 818 2203 in
843 2180 980 2203 senten—

218 2220 264 2251 tia
284 2219 428 2261 generali
449 2229 525 2249 vere
536 2217 684 2248 Latinus.
719 2217 873 2248 Refertur
893 2217 979 2248 enim

220 2264 261 2296 ad
283 2264 363 2295 illud
388 2270 535 2305 tempUS‚
562 2273 627 2304 quo
649 2273 767 2292 nomen
789 2268 894 2293 ortum
920 2268 979 2293 est.

223 2310 274 2340 Cf.
294 2309 348 2340 IV.
369 2307 423 2346 24,
446 2306 499 2339 54.
521 2311 596 2339 erat..
629 2307 671 2338 N.
694 2308 731 2337 D.
756 2307 796 2338 11.
819 2305 872 2345 47,
897 2306 976 2339 123:

219 2365 333 2385 manus
354 2353 452 2384 etiam
474 2351 551 2383 data
574 2351 776 2393 elephantis,
801 2350 875 2393 qnia
898 2362 979 2393 pro-

221 2397 562 2441 ptermagnitudinem
579 2396 726 2438 corporis
741 2395 893 2427 difficiles
911 2395 979 2426 adi-

220 2450 272 2473 tus
294 2445 445 2474 habebant
465 2441 506 2472 ad
531 2447 668 2484 pastum.
717 2442 754 2472 V.
781 2452 840 2472 nos
865 2440 896 2471 in
922 2441 978 2471 Gr.

221 2488 259 2519 L.
288 2489 315 2527 ξ.
346 2487 414 2519 107.
449 2487 528 2517 Not.
549 2486 580 2519 7.
617 2492 650 2516 et
684 2487 843 2525 Wopkens.
872 2485 980 2516 Lectt.

220 2531 307 2563 Tull.
335 2532 373 2567 ll,
404 2532 450 2561 10.
478 2543 510 2571 p.
529 2530 594 2561 2-1ιῆἸ
609 2542 657 2572 sq.
697 2530 781 2562 Hinc
804 2529 980 2562 reiicienda

219 2575 380 2617 scriptura
417 2574 512 2605 codd.
547 2576 637 2606 Mon.
663 2575 689 2607 1.
725 2581 757 2605 et
793 2575 886 2606 unius
920 2577 978 2606 Ox.

219 2620 459 2660 multarumque
490 2618 564 2649 edd.
590 2626 671 2649 vett.
695 2622 840 2660 excellat,
876 2631 980 2662 neque

220 2664 408 2708 probandus
423 2665 565 2702 Treqder,
589 2663 641 2705 qni
663 2675 701 2694 ex
721 2676 822 2706 marg.
841 2665 978 2696 Lambb.

221 2717 254 2742 et
278 2709 378 2740 Goth.
405 2707 507 2738 edidit
529 2710 691 2747 excellent,
725 2708 766 2739 (16
789 2721 818 2739 v.
849 2713 978 2741 excelleo

221 2766 327 2796 comp.
351 2752 414 2784 Off.
440 2753 462 2782 l.
490 2751 547 2789 19,
573 2750 625 2783 6-1.
659 2752 689 2782 in
716 2753 822 2784 Pison.
845 2754 898 2792 33,
922 2751 977 2787 94.

221 2799 314 2831 Lael.
338 2798 391 2835 20,
414 2796 466 2830 73.
493 2795 602 2838 (codd.
624 2797 796 2838 Langian.)
822 2809 852 2839 p.
877 2798 976 2830 Balbo

220 2844 252 2881 6,
272 2844 321 2875 15.
352 2841 472 2885 (Ome),
498 2843 658 2872 antecelzeo
680 2852 728 2882 pr.
750 2842 833 2874 Mur.
857 2841 906 2880 13,
923 2844 976 2874 ’.ἐι

220 2887 361 2920 Omnino
393 2887 504 2917 forma·
529 2887 658 2917 excelleo
688 2886 719 2916 in
743 2885 910 2917 Ciceronis
934 2887 978 2917 li-

220 2933 304 2971 bris,
340 2942 523 2975 quanquam
546 2929 701 2962 Prisciani
729 2936 762 2960 et
798 2931 978 2972 Diomedis,

219 2977 517 3021 grammaticorum,
539 2974 736 3007 auctoritate
749 2974 871 3015 nititur,
898 2987 975 3006 nus-

1013 1864 1189 1892 nomz‘nalae
1217 1866 1287 1894 sunt
1319 1863 1353 1892 C.
1387 1861 1457 1892 sine
1490 1861 1590 1893 dubio
1621 1864 1777 1893 excelleret

1014 1905 1160 1936 dicturus
1191 1906 1263 1937 fuit.
1311 1908 1351 1938 V.
1373 1906 1415 1937 ad
1439 1907 1491 1937 lll.
1518 1904 1557 1946 4,
1581 1906 1614 1937 9.
1639 1906 1670 1936 in
1694 1907 1771 1937 Var.

1015 1952 1083 1981 Ser.
1135 1952 1181 1981 De
1205 1951 1328 1982 rariore
1357 1957 1520 1982 structura
1550 1952 1655 1982 cereris
1676 1952 1775 1982 excel-

1015 1998 1074 2026 lere
1110 1995 1249 2026 contulit
1283 1998 1382 2028 Moser
1416 1995 1457 2027 de
1492 1997 1561 2026 Inv.
1592 1997 1632 2026 11.
1668 1997 1707 2033 1,
1735 1995 1772 2026 1;

1015 2040 1155 2079 Zeuxin,
1192 2040 1245 2082 qui
1267 2048 1337 2072 tum
1359 2041 1456 2083 longe
1478 2040 1593 2072 ceteris
1616 2039 1776 2071 excellere

1016 2084 1272 2116 existimabatur.

1083 2131 1143 2160 viri
1163 2129 1307 2172 propria]
1331 2129 1371 2160 de
1386 2132 1475 2161 Orat.
1490 2130 1515 2160 Ι.
1537 2130 1589 2171 11,
1608 2126 1669 2162 49:
1696 2131 1776 2160 Ora-

1015 2172 1063 2203 tio
1086 2172 1217 2214 quidem
1241 2174 1311 2216 ipsa
1334 2174 1467 2216 propria
1491 2181 1541 2205 est
1566 2174 1659 2205 huius
1681 2172 1775 2205 unius

1015 2216 1161 2248 rationis.
1209 2218 1262 2249 Sic
1286 2230 1415 2260 semper
1441 2218 1554 2249 Cicero
1579 2218 1776 2249 adiectivum

1011 2264 1157 2301 proprius
1178 2261 1283 2294 iunxit
1306 2263 1462 2305 genitivo.
1514 2263 1596 2293 Nam
1623 2263 1662 2292 N.
1686 2264 1723 2293 D.
1750 2264 1775 2294 l.

1014 2306 1067 2343 57,
1090 2308 1161 2338 105.
1185 2307 1313 2338 dativus
1334 2307 1457 2350 pendet
1478 2320 1496 2339 a
1519 2319 1548 2339 v.
1566 2311 1618 2339 est.
1651 2308 1690 2338 V.
1715 2319 1773 2338 nos

1014 2350 1046 2380 in
1073 2351 1129 2382 Gr.
1155 2352 1191 2382 L.
1217 2354 1245 2396 ᾗ.
1267 2353 1345 2389 111,
1370 2352 1412 2390 2,
1438 2353 1480 2392 a).
1533 2352 1587 2383 Sic
1610 2352 1668 2383 Gr.
1689 2351 1776 2389 ἴδιός

1014 2406 1114 2434 τινος
1140 2408 1170 2426 ν.
1198 2408 1257 2427 nos
1277 2397 1308 2427 in
1333 2397 1390 2428 Gr.
1406 2397 1463 2428 Gr.
1488 2398 1527 2428 T.
1545 2398 1583 2429 ll.
1609 2396 1723 2439 §.512
1741 2398 1774 2429 3.

1018 2440 1088 2482 (Gr.
1111 2441 1213 2473 schol.
1248 2443 1275 2485 ᾗ.
1298 2441 1383 2480 273,
1410 2442 1455 2481 2.)
1503 2442 1664 2472 Neutrum
1695 2451 1774 2481 pro-

1012 2487 1117 2524 prium
1139 2497 1210 2516 cnm
1232 2486 1378 2528 genitivo
1398 2486 1606 2517 coniunctum
1620 2486 1772 2516 substan-

1016 2529 1074 2560 tivi
1097 2530 1183 2561 vices
1205 2530 1291 2573 apud
1319 2530 1508 2562 Ciceronem
1530 2529 1678 2561 sustinet.
1719 2529 1773 2561 Sic

1015 2574 1102 2605 infra
1124 2577 1178 2607 lll.
1200 2577 1232 2614 ὅ,
1258 2575 1307 2608 17.
1332 2574 1364 2613 9,
1390 2574 1440 2607 19.
1464 2575 1517 2613 30,
1535 2574 1595 2608 73:
1622 2580 1671 2604 est
1686 2573 1773 2605 enim

1015 2620 1182 2662 proprium
1204 2619 1371 2651 stultitiae.
1422 2619 1472 2651 Cf.
1492 2621 1590 2650 Beier.
1615 2617 1657 2649 ad
1677 2618 1773 2651 offic.

1016 2666 1100 2701 1.1,
1128 2667 1158 2696 2.
1186 2677 1216 2706 p.
1238 2663 1320 2707 6sq.

1085 2710 1270 2740 CAP.X1X.
1293 2712 1320 2752 ᾗ.
1336 2705 1389 2740 44.
1417 2710 1467 2739 vir
1485 2709 1632 2749 optimus]
1657 2707 1709 2743 Cf.
1728 2707 1770 2738 ad

1014 2754 1069 2785 Ill.
1091 2754 1144 2791 21,
1166 2754 1218 2786 50.
1256 2754 1304 2784 De
1325 2757 1456 2792 tantum,
1480 2756 1630 2792 quantum
1651 2764 1680 2784 v.
1702 2752 1774 2784 Ad-

1012 2804 1080 2831 not.
1105 2798 1136 2829 in
1164 2799 1176 2828 I
1216 2797 1275 2835 13,
1299 2797 1353 2828 29.

1081 2846 1200 2874 brevem
1222 2842 1298 2885 esse]
1327 2842 1373 2872 De
1396 2841 1458 2872 hac
1481 2841 1611 2883 Epicuri
1635 2848 1771 2873 senten-

1014 2888 1059 2919 tia
1084 2900 1113 2919 v,
1139 2887 1180 2918 de
1201 2886 1271 2917 Fin.
1298 2887 1338 2917 ΙΙ.
1362 2885 1426 2925 29,
1452 2883 1504 2918 9-1.
1531 2892 1563 2917 et
1587 2886 1640 2919 95.

1081 2933 1251 2973 Iteradum]
1278 2933 1414 2973 Sumpta
1429 2937 1505 2962 sunt
1521 2931 1603 2963 haec
1619 2931 1718 2963 verba
1733 2943 1771 2962 ex

1016 2976 1112 3008 Ennii
1137 2977 1247 3008 lliona.
1291 2975 1413 3008 Eadem
1433 2975 1585 3018 leguntur
1606 2976 1649 3008 ad
1668 2975 1768 3008 Attio.
