1863 3221
239 107 321 149 398

241 197 326 236 (lam
351 193 646 235 celebritatem⁶
677 203 729 231 ex
756 189 849 230 urbe
873 189 1022 243 aliqua,
1056 188 1112 229 sic
1137 188 1176 229 in
1203 188 1300 229 hano
1327 188 1445 229 vitam
1475 202 1527 230 ex
1551 189 1626 230 alia
1655 189 1736 230 vita
1759 195 1798 229 et

242 275 378 309 natura
413 267 606 322 profectos
645 262 741 303 alios
775 261 924 316 gloriae
955 261 1132 311 servire,
1177 260 1274 301 alios
1312 261 1526 315 pecuniae3
1567 276 1680 303 raros
1709 275 1798 302 esse

832 111 997 143 LlssER
1023 109 1206 151 v.4‚10.

241 341 448 396 quosdam,
494 338 580 391 qui,
628 334 770 376 ceteris
796 334 973 375 omnibus
998 349 1066 389 pro
1100 333 1218 374 nihilo
1245 333 1408 385 habitis,
1455 349 1586 375 rerum
1618 341 1796 375 naturam

240 414 411 454 studiose
444 412 710 461 intuerentur3
752 408 823 449 hos
849 422 891 448 se
915 408 1108 462 appellare
1146 406 1360 460 sapientiae
1385 408 1604 457 studiosos,
1646 407 1705 458 (id
1739 413 1799 446 est

240 487 373 527 enim⁷
401 484 691 539 philosophos3)
723 489 760 522 et
783 488 824 522 ut
845 481 920 521 illic
947 480 1259 520 liberalissimum
1283 487 1389 520 esset
1409 487 1586 534 spectare
1606 479 1699 519 nihil
1721 479 1797 519 sihi

238 558 525 612 acquirentem,
569 556 625 596 sic
648 556 686 596 in
715 555 796 596 vita
821 555 937 608 longe
961 553 1139 594 omnibus
1172 552 1308 592 studiis
1336 552 1702 606 contemplationem
1735 563 1811 591 re-·

238 647 322 672 rum
353 630 722 685 cognitionemque⁸
756 635 972 683 praestare.

350 703 424 746 lV.
468 709 535 744 10.
569 701 656 742 Nec
680 716 773 743 vero
796 700 1044 756 Pythagoras
1068 699 1236 740 nominis
1264 700 1389 740 solum
1413 699 1610 750 inventor,
1644 699 1713 739 sed
1737 712 1798 740 re-

239 793 323 818 rum
349 778 463 818 etiam
484 776 654 830 ipsarum
686 775 938 829 amplificator
957 774 1042 814 fuit.
1106 772 1184 826 Qui
1209 787 1324 826 quum
1350 780 1438 827 post
1459 772 1560 813 hunc
1583 771 1796 813 Phliasium

238 864 458 892 sermonem
480 849 519 889 in
538 847 687 888 ltaliam
711 848 902 898 venisset,
937 846 1146 888 exornavit
1168 860 1253 887 eam
1280 845 1503 897 Graeciam,
1538 859 1636 899 quae
1656 859 1797 898 magna

239 924 338 964 dicta
359 929 441 973 est,
487 929 525 962 et
551 921 732 976 privatim
758 927 797 961 et
823 920 974 975 publice
995 919 1342 973 praestantissimis
1367 926 1404 959 et
1428 918 1615 958 institutis
1641 924 1680 958 et
1704 918 1797 958 arti·

327 1047 349 1080 6
374 1048 427 1080 Sic
448 1049 500 1078 Or.
531 1058 556 1078 c.
584 1046 670 1078 Gud.
695 1047 736 1077 Il.
759 1044 790 1077 2.
819 1045 889 1077 Col.
912 1050 1015 1087 quatt.
1039 1046 1119 1075 Oxx.
1145 1043 1258 1074 Duisb.
1283 1043 1372 1075 Mon.
1388 1041 1417 1073 l.
1443 1041 1540 1073 Vind.
1562 1040 1593 1072 2.
1615 1040 1690 1072 edd.
1715 1046 1796 1072 vett.

237 1096 276 1126 L.
297 1093 402 1124 Gebh.
428 1104 499 1134 sqq.
519 1098 552 1122 et
572 1092 659 1122 Non.
687 1102 720 1133 p.
743 1088 829 1128 4313
865 1089 984 1121 eodem
1007 1089 1096 1120 ducit
1121 1088 1221 1119 lectio
1242 1089 1402 1127 quandam
1426 1089 1595 1118 celebritate
1618 1085 1651 1116 in
1675 1086 1714 1117 R.
1738 1086 1796 1122 P.;

241 1138 372 1181 plurimi
394 1137 491 1168 codd.
505 1161 512 1173 ,
539 1135 637 1166 etiam
659 1135 804 1176 Gud.1.,
829 1136 969 1175 quadam
989 1136 1178 1166 celebritate:
1203 1132 1292 1175 quod
1314 1132 1384 1163 sine
1405 1131 1505 1162 dubio
1527 1142 1566 1162 ex
1589 1141 1696 1172 comp.
1720 1131 1798 1169 (μιᾶ-

238 1185 312 1214 dam
334 1183 504 1214 celebritate
531 1187 637 1211 ortum
657 1186 718 1211 est.
766 1178 787 1212 7
812 1191 844 1211 v.
859 1179 944 1210 Adn.
992 1177 1014 1210 ὅ
1037 1179 1093 1210 Tr.
1111 1178 1186 1209 c.R.
1202 1178 1238 1208 P.
1262 1176 1348 1209 Gud.
1363 1176 1393 1207 1.
1418 1187 1482 1207 uno
1507 1178 1565 1206 Ox.
1587 1186 1689 1217 marg.
1707 1175 1795 1205 Crat.

237 1234 270 1259 et
301 1227 376 1258 edd.
400 1233 481 1257 vett.
526 1226 566 1257 V.
590 1224 674 1257 Rob.
703 1224 818 1267 Steph.
844 1224 953 1254 Herw.
989 1225 1279 1263 cogitationemque:
1313 1221 1403 1264 quod
1434 1220 1532 1252 etiam
1562 1220 1618 1251 Kl.
1648 1219 1682 1250 in
1711 1218 1795 1250 Add.

240 1284 273 1315 p.
290 1271 363 1304 182,
388 1269 613 1312 recipiendum
635 1276 766 1307 censet,
793 1280 853 1311 ego
875 1267 955 1299 nihil
979 1267 1077 1305 aliud,
1103 1266 1164 1297 nisi
1188 1277 1361 1309 operarum
1377 1277 1522 1296 errorem
1545 1276 1615 1295 esse
1638 1263 1798 1295 existimo.

241 1318 290 1348 De
310 1328 341 1348 v.
366 1318 496 1355 coynitio
521 1321 553 1344 et
576 1317 719 1354 coyitatio
742 1314 774 1344 in
797 1313 894 1345 codd.
917 1324 1016 1354 saepe
1039 1311 1183 1343 confusis
1206 1323 1236 1341 v.
1266 1312 1398 1342 Wesenb.
1423 1311 1493 1342 Em.
1516 1311 1571 1340 lll.
1599 1321 1631 1351 p.
1648 1306 1720 1347 17.,
1745 1306 1798 1350 qui

237 1361 325 1392 idem
357 1360 468 1391 multis
502 1359 630 1390 collatis
655 1358 811 1400 exemplis
846 1356 1105 1395 demonstravit,
1141 1368 1159 1387 a
1185 1355 1249 1386 Cic.
1276 1355 1317 1386 de
1341 1356 1383 1398 τῇ
1411 1353 1538 1398 ἓεωρίᾳ
1561 1364 1691 1396 semper
1717 1352 1798 1383 dici:

239 1407 454 1444 contemplatio
481 1409 548 1444 (aut
569 1404 784 1443 consideratio)
806 1412 909 1433 rerum
937 1406 963 1433 et
987 1403 1197 1441 cognitio,
1230 1406 1286 1430 aut
1310 1401 1501 1439 cognitio
1525 1408 1629 1430 rerum
1649 1403 1706 1428 aut
1728 1407 1799 1428 con-

239 1452 395 1490 templatio
414 1459 462 1488 r.,
487 1459 668 1490 nunquam:
696 1449 856 1487 contempl.
878 1457 904 1478 r.
929 1450 955 1478 et
979 1447 1188 1486 cogitatio
1213 1455 1319 1486 neque
1342 1445 1557 1484 cogitatio
1579 1452 1694 1474 rerum.

303 1538 340 1560 eoe
357 1530 421 1558 alta
437 1525 516 1568 vita]
542 1525 744 1568 Pythagoras
767 1525 853 1556 enim
875 1536 997 1567 μετεμ-

237 1572 389 1616 ῴΰχωσιν
413 1571 588 1602 statuebat.

303 1619 337 1648 id
359 1621 401 1648 est
421 1616 516 1656 enim]
541 1615 615 1646 Gud
639 1614 725 1646 11.2.
750 1614 856 1645 Marb.
879 1612 994 1644 Duisb.

235 1663 327 1693 Mon.
346 1662 372 1692 l.
394 1660 551 1691 omittunt
575 1662 666 1699 enim,
690 1665 724 1690 at
747 1671 778 1689 v.
807 1660 995 1698 Il'esenbery.

237 1706 357 1738 Adnot.
383 1706 481 1736 Tusc.
508 1716 539 1746 p.
557 1704 589 1736 3.
619 1710 653 1734 et
682 1705 821 1743 Madviy.
856 1702 898 1733 ad
922 1702 994 1732 Fin.

236 1752 290 1783 IV.
318 1749 376 1787 11,
400 1748 462 1781 26:
500 1752 656 1790 (quonam
679 1747 795 1788 modo)
831 1746 994 1784 efficiatis,

236 1802 270 1826 ut
292 1795 431 1825 honeste
450 1792 571 1831 vivere,
598 1794 630 1824 iol
652 1796 694 1823 est
712 1795 792 1823 enim
815 1791 867 1822 vel
889 1802 906 1821 e
926 1791 996 1821 vir-

234 1846 325 1878 tute,
366 1837 418 1868 vel
453 1844 588 1868 naturae
623 1843 843 1878 congruentur
876 1835 998 1877 vivere,

235 1893 393 1915 summum
430 1882 554 1913 bonum
588 1881 640 1912 sit.
700 1880 854 1911 Formula
890 1881 923 1911 id
957 1885 1000 1911 est

234 1931 314 1960 enim
333 1927 468 1958 inservit
488 1929 622 1965 sequenti
644 1925 740 1956 alicui
761 1924 922 1956 vocabulo
944 1924 999 1955 in-

235 1971 461 2014 terpretando,
488 1977 522 2001 ut.
542 1970 572 2001 h.
595 1970 628 2009 l.‚
653 1977 709 2001 aut
731 1969 912 2001 accuratius
937 1969 999 1999 de—

237 2016 400 2054 liniendo,
438 2023 472 2046 ut
496 2015 567 2045 Fin.
591 2014 611 2047 l.
634 2014 685 2053 d.‚
723 2021 758 2044 ut
782 2016 816 2045 id
847 2025 912 2044 non
938 2025 998 2055 pro

236 2061 404 2097 subiecto,
441 2059 498 2089 sed
526 2069 586 2099 pro
616 2058 808 2100 praedicato
831 2058 1000 2100 accipien—

237 2104 315 2135 dum
339 2110 370 2134 et
392 2103 534 2134 acutiore
557 2109 695 2132 accentu
719 2102 999 2143 pronuntiandum

237 2148 290 2179 sit.
328 2147 490 2178 Particula
514 2149 595 2178 enim
616 2157 682 2177 non
706 2153 773 2176 tam
798 2146 897 2188 ipsius
919 2157 999 2176 sen-

237 2192 361 2224 sentiae
403 2190 632 2234 praecedentis
674 2190 835 2222 rationem
876 2190 998 2229 reddit,

236 2248 333 2280 quam
356 2248 411 2267 cur
433 2236 594 2278 scriptor,
621 2235 709 2277 quod
732 2234 919 2277 praecedit,
945 2234 999 2264 di·-

237 2282 333 2313 xerit.
369 2281 421 2311 Cf.
444 2280 486 2311 ad
509 2282 532 2311 l.
553 2279 585 2317 6,
607 2281 655 2311 11.
679 2286 711 2310 et
732 2279 773 2310 ad
794 2280 833 2310 V.
854 2279 907 2317 ὃὸ,
927 2279 999 2310 111.

238 2326 301 2357 Hic
323 2325 423 2367 igitur
451 2324 543 2355 locus
567 2323 614 2354 sic
641 2323 910 2365 interpretandus
932 2329 998 2353 est:

236 2369 297 2401 hos
318 2382 353 2401 se
375 2369 543 2412 appellare
565 2379 633 2410 sap.
655 2368 840 2405 studiosos;
865 2367 1000 2410 sapien-—

237 2414 303 2445 tiae
338 2414 503 2445 studiosos
540 2412 637 2450 dico3
678 2412 712 2443 id
748 2415 828 2444 enim
865 2418 1001 2443 notatur

240 2458 400 2490 vocabulo
434 2457 659 2500 philosophos.
713 2457 867 2488 Formula
897 2459 931 2488 id
959 2460 1001 2488 est

236 2502 428 2545 plerumque
450 2502 585 2533 inservit
604 2501 855 2544 interpretando
871 2508 927 2532 aut
942 2513 998 2532 uc-

239 2546 378 2578 curatius
397 2546 584 2577 definiendo
602 2548 798 2585 praecedenti
819 2545 915 2577 alicui
936 2557 997 2577 vo-

239 2590 375 2629 cabulo,
401 2596 437 2620 ut
459 2592 492 2621 id
514 2590 651 2621 subiecti
674 2591 739 2622 vim
760 2591 899 2629 habeat3
923 2602 998 2622 raro

237 2634 475 2677 interpretatur
505 2641 560 2665 aut
592 2635 773 2666 accuratius
804 2635 920 2667 definit
943 2647 999 2666 se-

239 2690 340 2722 quens
373 2677 588 2715 vocabulum,
628 2686 663 2709 ut
693 2679 832 2711 vidimus
868 2680 910 2711 ad
939 2681 996 2711 ΙΙΙ.

237 2724 294 2763 27,
317 2723 371 2756 65.
419 2722 527 2753 Verba
548 2729 675 2753 autem:
712 2726 745 2754 id
767 2729 809 2756 est
829 2728 908 2756 enim
928 2727 997 2764 phi-

237 2769 389 2808 losophos,
411 2766 569 2798 suadente
594 2769 801 2807 Il'esenberyio
822 2769 843 2800 l.
865 2769 909 2807 d.,
936 2781 997 2811 pa-

238 2811 399 2845 renthesis
414 2811 512 2853 signis
529 2810 686 2852 sepsimus
701 2823 707 2846 ς
733 2819 807 2842 sunt
830 2813 915 2844 enim
933 2824 997 2844 non

238 2857 466 2900 Pythagorae,
500 2855 558 2886 sed
583 2854 765 2892 Ciceronis,
801 2857 877 2887 hinc
900 2858 998 2888 etiam

238 2901 431 2933 indicativus
465 2904 525 2940 est,
559 2910 639 2931 nou:
676 2901 709 2930 id
740 2909 800 2931 esse
833 2904 912 2932 enim
944 2904 996 2941 ph.

241 2945 452 2979 Accusativus
470 2945 665 2985 philosophos
687 2954 745 2986 per
765 2945 997 2976 attractionem

1032 1522 1195 1565 quandam
1230 1522 1272 1553 ob
1297 1521 1550 1553 antecedentem
1575 1518 1795 1552 accusativum

1031 1567 1157 1610 positus
1183 1573 1243 1598 est.

1102 1612 1178 1643 CAP.
1200 1612 1254 1643 IV.
1281 1612 1307 1653 §.
1334 1611 1384 1643 10.
1430 1612 1577 1641 institutis
1600 1613 1627 1641 et
1659 1607 1792 1651 artibus]

1031 1656 1180 1687 Alterum
1212 1667 1333 1687 nomen
1358 1654 1400 1685 ad
1423 1654 1607 1686 doctrinam
1634 1653 1674 1684 de
1698 1653 1795 1684 rebus

1031 1701 1073 1731 ad
1094 1700 1194 1731 vitam
1216 1700 1451 1742 spectantibus,
1476 1699 1614 1730 alterum
1636 1698 1678 1729 ad
1700 1698 1793 1728 litte—

1030 1757 1138 1776 rarum
1156 1745 1340 1788 artiumque
1360 1744 1566 1786 disciplinam
1585 1742 1795 1775 referendum

1034 1796 1093 1821 est.
1141 1790 1195 1820 Sic
1213 1789 1390 1832 iunguntur
1413 1791 1552 1820 instituta
1572 1792 1598 1819 et
1614 1791 1794 1828 praecepta,

1034 1841 1069 1865 ut
1093 1834 1135 1865 de
1157 1834 1252 1865 Offic.
1276 1837 1308 1872 Ι,
1335 1834 1364 1865 1.
1392 1833 1433 1864 de
1453 1833 1583 1864 Amicit.
1605 1837 1658 1872 4.,
1685 1832 1739 1863 ubi
1763 1843 1793 1863 v.

1035 1881 1178 1911 Ochsner.
1202 1890 1234 1921 p.
1255 1878 1330 1911 229.

1101 1925 1190 1955 aliud
1210 1928 1329 1963 tempus
1350 1922 1458 1965 suerit]
1484 1923 1524 1954 V.
1543 1921 1584 1953 ad
1600 1922 1639 1952 11.
1657 1920 1706 1960 11,
1729 1919 1792 1953 25:

1031 1970 1149 2000 videro.

1100 2023 1196 2052 usque
1216 2014 1259 2043 ad
1283 2010 1455 2054 Socratem]
1481 2013 1585 2053 Supra
1610 2012 1666 2042 ΙΙΙ.
1689 2007 1730 2049 4,
1753 2009 1794 2042 8:

1034 2067 1054 2087 a
1072 2067 1131 2096 quo
1156 2064 1212 2098 (sc.
1228 2057 1377 2096 Socrate)
1401 2059 1499 2087 omnis
1518 2066 1596 2095 quae
1617 2059 1659 2086 est
1677 2056 1714 2086 de
1730 2056 1796 2086 vita

1033 2105 1059 2132 et
1077 2103 1212 2132 moribus
1232 2103 1428 2140 philosophia
1444 2103 1595 2132 manavit.
1630 2100 1694 2130 Sed
1715 2099 1797 2130 haec

1033 2156 1099 2175 non
1122 2145 1167 2175 ita
1193 2145 1382 2186 accipienda
1405 2152 1500 2182 sunt,
1534 2156 1572 2176 ae
1596 2144 1622 2174 si
1642 2143 1794 2186 philoso-

1034 2189 1088 2230 phi
1109 2195 1185 2219 ante
1198 2191 1378 2226 Socratem,
1401 2188 1558 2230 physicae
1579 2194 1708 2218 tantum
1731 2188 1792 2218 de-

1034 2232 1113 2271 diti,
1138 2232 1381 2274 philosophiam
1403 2232 1560 2263 moralem
1584 2232 1681 2274 plane
1705 2232 1795 2262 inita·-

1035 2284 1120 2308 ctam
1143 2277 1353 2319 reliquerint3
1382 2288 1457 2307 nam
1481 2283 1513 2307 et
1536 2276 1739 2319 Pythagoras
1760 2282 1794 2306 et

1034 2322 1211 2353 Archelaus
1246 2321 1288 2352 ad
1319 2321 1403 2353 hanc
1438 2321 1623 2352 doctrinam
1660 2331 1794 2363 operam

1034 2366 1242 2408 studiumque
1263 2377 1355 2397 suum
1391 2365 1600 2397 contulerunt
1635 2368 1677 2408 (v.
1705 2366 1794 2396 lam—

1034 2411 1133 2443 blich.
1146 2411 1213 2442 Vit.
1226 2411 1323 2453 Pyth.
1338 2422 1365 2442 c.
1378 2410 1422 2443 30
1433 2422 1504 2454 sqq.
1526 2417 1559 2441 et
1574 2410 1669 2452 Diog.
1682 2410 1794 2442 Laert-

1036 2457 1085 2494 11,
1114 2455 1204 2495 16.);
1235 2461 1269 2486 at
1293 2457 1442 2486 Socrates
1466 2454 1588 2497 primus
1611 2455 1696 2486 hanc
1716 2454 1795 2496 phi—

1034 2499 1206 2541 losophiae
1222 2506 1348 2541 partem
1365 2500 1494 2541 egregie
1510 2499 1653 2530 excoluit
1667 2506 1700 2530 et
1716 2510 1792 2541 per-

1035 2545 1126 2578 fecit.
1174 2545 1260 2576 Hinc
1282 2545 1404 2576 factum
1429 2551 1495 2582 est,
1522 2550 1558 2574 ut
1577 2550 1705 2575 veteres
1730 2554 1793 2575 una

1033 2601 1116 2622 voce
1147 2590 1305 2621 moralem
1333 2588 1577 2631 philosophiam
1605 2594 1794 2630 repeterent

1033 2646 1051 2666 a
1075 2637 1221 2667 Socrate.
1270 2634 1321 2665 Cf.
1350 2634 1440 2666 Xen.
1469 2633 1687 2664 Commentar.
1709 2633 1735 2662 1.
1762 2634 1791 2672 1,

1035 2680 1087 2712 11.
1113 2685 1146 2710 et
1166 2678 1236 2710 aliis
1259 2678 1351 2710 locis.
1399 2678 1533 2709 Aristot.
1554 2678 1631 2708 Eth.
1657 2676 1700 2707 ad
1721 2677 1791 2707 Eu-

1033 2724 1119 2755 dem.
1147 2724 1182 2762 1,
1206 2724 1238 2756 5.
1285 2724 1396 2765 Magn.
1428 2723 1514 2753 Mor.
1540 2723 1587 2759 ll,
1613 2721 1643 2754 7.
1693 2720 1788 2763 Diog.

1032 2770 1182 2800 Prooem.
1204 2767 1254 2800 14.
1277 2767 1327 2800 Ῑδ.
1360 2768 1401 2805 ΙΙ,
1424 2765 1476 2798 16.
1495 2766 1548 2797 20.
1570 2766 1623 2797 ⁴21.
1657 2766 1714 2804 Ill,
1737 2767 1791 2799 ὀύ.

1037 2813 1103 2844 Cic.
1126 2814 1212 2842 Brut.
1237 2815 1278 2850 ὅ,
1303 2811 1378 2848 3l.,
1406 2809 1459 2840 ubi
1483 2822 1513 2842 v.
1529 2811 1661 2841 Ellendt.
1684 2821 1716 2852 p.
1734 2810 1789 2841 ⁴25.

1034 2857 1186 2888 Academ.
1209 2859 1229 2887 l.
1253 2857 1280 2895 1,
1300 2853 1330 2887 4.
1357 2855 1485 2893 Fiu.11‚
1509 2856 1535 2885 l.
1560 2855 1599 2886 V.
1614 2855 1791 2887 Thai-bechii

1034 2902 1124 2944 Disp.
1146 2900 1227 2942 phil.
1249 2900 1283 2931 in
1297 2898 1412 2931 Annal.
1429 2902 1483 2932 Ac.
1505 2899 1611 2941 Lugd.
1628 2901 1695 2931 But.
1713 2898 1789 2930 anni

1036 2947 1129 2978 stslts.
1155 2957 1186 2987 p.
1206 2945 1255 2978 13.
