1832 3137
620 92 785 124 LIBER
814 94 835 123 Ι.
864 92 926 130 30,
953 91 1007 125 73.

31 185 101 212 usu
129 171 257 220 venit,

29 251 72 284 ut
99 244 320 298 adspectum
348 244 506 283 omnino
537 245 781 294 ainitteren13

30 331 304 371 nonuunquam
333 317 534 367 hebescit,

1514 85 1588 125 127

304 170 365 224 qui
400 173 546 224 quum⁹
575 171 719 211 acriter
754 171 875 211 oculis
913 170 1154 211 deficientem
1181 172 1302 212 solem
1328 172 1589 223 intuerentur,

824 245 879 283 sic
910 244 1050 284 mentis
1076 245 1181 284 acies
1215 258 1257 284 se
1292 244 1372 300 ipsa
1391 248 1405 272 ¹
1434 245 1591 286 intuens

577 317 625 357 ob
651 330 812 370 eamque
841 331 1017 356 caussam
1044 318 1327 372 contemplandi
1353 319 1590 372 diligentiam

117 437 139 471 9
164 442 244 471 Oxx.
271 440 347 484 aliq
371 447 404 472 et
431 441 616 484 complures
641 440 716 471 edd.
740 445 822 470 v.ett
839 450 903 470 om.
927 449 1044 479 quum:
1070 441 1159 483 quod
1182 442 1408 484 probatVVeS.
1435 444 1458 474 Ι.
1482 455 1513 486 p.
1525 441 1591 479 32..

28 485 81 528 qui
106 487 297 517 intuerentur
323 487 603 528 frequent.·tivum
630 484 877 517 coniunctivum
906 495 976 515 esse
1000 484 1100 516 dicit:

27 541 116 565 sum·
140 542 170 560 v.
197 530 281 562 Adn.
332 532 405 564 lv.
431 530 516 562 Adn.

27 608 209 640 interiectis
239 609 310 640 aliis
342 608 509 640 vocabulis
543 608 668 640 dirimi:
703 607 792 652 quod

28 654 163 685 suerunt
196 654 250 696 qui
280 660 448 696 negarent.
498 654 549 684 Cf.
584 653 625 684 de
650 655 740 684 Orat.
767 654 790 683 1.

29 699 58 740 gi.
77 699 158 730 133:
185 698 274 741 quod
292 710 347 729 usu
365 698 523 729 memoria
543 705 672 740 patrum
689 697 789 729 venit.

27 743 71 774 N.
95 743 134 774 D.
160 744 183 773 Ι.
218 745 244 786 ᾗ.
265 742 328 774 59:
364 742 442 774 mihi
475 754 531 773 usu
564 755 662 786 saepe
687 742 788 774 venit.

27 786 100 818 Fin.
122 788 161 824 V,
187 786 226 819 4:
253 798 310 818 usu
334 787 400 818 hoc
424 787 546 819 venire.

94 834 147 871 qui
168 842 263 871 quum
283 835 395 863 acriter
414 851 458 855 —-
472 831 675 875 intuerentur]
701 832 792 863 Haec

27 875 70 908 ad
100 876 233 907 verbum
268 888 371 919 paene
396 888 547 952 expissssa
571 884 647 907 sunt
673 888 690 907 e
716 877 792 908 Pla-

26 920 115 952 tonis
142 921 317 952 Phaedone
342 933 373 963 p
393 921 445 954 (13·
473 923 518 952 D:
559 920 605 963 μὴ
639 919 708 955 πάξ
713 933 740 954 0¹.
744 933 792 964 μι,

27 962 56 1000 ὅ.
49 977 108 1007 ’τερ
131 965 160 999 οἱ
182 964 238 999 τὸν
258 963 312 1008 τ’]’λ
308 978 350 999 ο)
374 965 462 1000 ἐκὶεί
465 978 564 999 nsaw
588 967 756 1007 ‘semanim
760 978 794 1004 ες

27 1010 86 1044 καὶ
108 1008 342 1063 cuono-Susam·
368 1013 491 1065 δαφξε
497 1011 582 1052 {pour
586 1023 618 1044 α’,
638 1012 711 1065 γάο
731 1023 792 1044 που

29 1054 74 1088 ἔν.
78 1067 106 1088 0¹.
125 1053 167 1088 τὰ
188 1051 337 1097 ὄμματα,
364 1053 420 1088 ἐν.)
442 1069 488 1109 υζη
514 1055 545 1088 ἐ)
567 1052 652 1088 ύδατ
656 1052 711 1096 ιη’
733 1068 794 1089 τινι

27 1099 167 1142 τοιούτῳ
205 1101 358 1132 σκοπώντ
361 1112 394 1132 7-
430 1099 490 1139 τ·Γ“,ν
528 1098 641 1133 εἰκόνα
677 1098 790 1133 αὐτοὶ

30 1135 182 1175 Ceteru‘m
207 1144 233 1174 si
267 1144 359 1175 huius
385 1144 446 1175 loci
471 1145 651 1186 scriptura,
689 1145 792 1187 qualis

29 1188 60 1219 in
85 1188 160 1219 edd.
181 1189 280 1231 vulgo
305 1189 496 1227 exhibetur,
530 1201 605 1220 iera
628 1195 701 1227 est,
735 1189 793 1220 Ci—

30 1244 106 1264 cero
136 1240 288 1275 coeptum
319 1233 493 1265 verborum
527 1234 792 1265 consecutionem

28 1277 182 1308 deseruit.
226 1277 406 1308 Dicendum
429 1278 515 1309 enim
539 1285 626 1309 erat:
653 1280 735 1318 quod
755 1281 794 1310 iis

26 1331 118 1361 saepe
139 1332 196 1353 usu
216 1325 316 1361 venit,
351 1322 403 1364 qui
428 1325 539 1354 acriter
559 1341 604 1345 —
626 1325 793 1361 intuentur,

25 1370 59 1397 ut
79 1368 261 1405 adspectum
282 1369 405 1398 omnino
429 1370 600 1398 amitterent
629 1366 681 1398 vel
711 1369 792 1407 quod

23 1412 64 1441 iis
85 1421 176 1450 saepe
198 1421 256 1441 usu
279 1414 380 1451 venit,
413 1414 486 1451 qui,
520 1422 615 1452 quum
634 1430 675 1436 -—
694 1415 793 1444 intue-

23 1459 146 1495 rentur,
171 1457 350 1495 adspectum
375 1459 498 1488 omnino
520 1459 700 1488 auriserunt.
739 1457 790 1487 Cf.

26 1500 64 1530 V.
88 1501 156 1531 Ser.

92 1555 123 1576 se
146 1547 213 1584 ipsa
234 1545 369 1588 intuens]
396 1545 450 1577 Sic
467 1548 520 1578 01.
541 1558 567 1578 c.
585 1546 624 1577 R.
645 1547 730 1578 Gud
751 1546 789 1585 l.,

27 1595 139 1620 vetere
163 1589 236 1621 cod.
258 1590 428 1629 Lambini,
455 1591 504 1622 El.
532 1593 557 1624 1.
608 1593 669 1622 Exs
657 1598 790 1633 pecta-

27 1645 98 1665 mus
124 1634 198 1667 11.1.
222 1645 252 1666 se
274 1637 397 1674 ipsam,
422 1636 511 1687 quod
535 1636 633 1678 vulgo
653 1636 789 1678 legeba-

27 1685 99 1715 tur3
127 1690 201 1709 narn
226 1690 337 1710 nomin
342 1686 408 1710 1111
413 1691 447 1711 us
469 1683 539 1720 ipsa
563 1681 706 1723 ponitur,
733 1681 789 1712 ubi

26 1702 208 1755 subiectum
243 1724 392 1755 subiecto
430 1724 619 1767 opponitur
685 1728 788 1769 Supra

29 1780 60 1799 c.
75 1769 138 1806 23,
164 1769 217 1801 54.
240 1776 333 1800 recte
357 1770 520 1800 Bentleius
543 1771 684 1802 correxit
709 1781 788 1811 quae

25 1823 56 1844 se
76 1813 144 1856 ipsa
159 1833 203 1837 -—
219 1818 341 1845 moveat
364 1826 424 1857 pro
446 1815 531 1857 vulg.
555 1818 668 1855 ipsam.
705 1816 789 1847 Ani-

24 1869 95 1889 mus
117 1858 203 1889 euim
223 1861 287 1898 ipse
312 1862 390 1901 (non
412 1859 506 1899 alius)
529 1872 563 1891 se
581 1867 704 1892 movet.
738 1860 790 1891 Cf.

27 1914 53 1934 c.
74 1904 123 1939 11.
149 1902 203 1934 2-1.
254 1903 317 1934 Ubi
338 1911 447 1935 autem
470 1904 635 1935 obiectum
659 1905 789 1936 obiecto

27 1948 227 1990 opponitur,
252 1951 318 1987 ipse
340 1949 371 1979 in
396 1948 512 1979 eodem
535 1960 599 1991 quo
625 1950 790 1981 obiectum

25 2004 99 2023 casu
122 1992 274 2034 ponitur,
302 1993 346 2023 cf.
371 1994 424 2024 IV.
447 1993 510 2031 33.
537 1994 596 2027 71:
627 1994 705 2036 quid
729 1994 789 2025 de.-

25 2037 121 2079 nique
146 2036 295 2067 homines
318 2037 485 2069 lectissimi
508 2045 541 2069 et
563 2039 679 2070 summi
700 2039 741 2071 de
760 2050 790 2071 se

23 2084 99 2120 ipsis
131 2087 163 2112 et
197 2084 387 2113 carminibus
417 2082 525 2114 edant.
574 2085 612 2114 V.
644 2085 699 2121 12,
724 2083 787 2117 36:

27 2126 80 2157 ubi
114 2137 145 2157 v.
176 2125 261 2156 Adn.
284 2126 344 2165 26,
372 2128 424 2160 73.
472 2132 513 2158 At
548 2128 788 2160 observandum

25 2178 85 2209 est,
111 2170 198 2202 haud
223 2182 345 2213 paucos
368 2172 506 2214 reperiri
530 2172 631 2211 locos,
656 2174 687 2205 in
712 2173 787 2216 qui-

24 2215 104 2253 bus,
140 2215 267 2246 etiamsi
297 2217 482 2248 sententiae
511 2218 595 2250 latio
626 2219 784 2261 postulet,

25 2266 60 2290 ut
85 2260 248 2291 obiectum
274 2261 405 2293 obiecto
430 2271 635 2305 opponatur,
672 2271 783 2295 tamen

24 2305 244 2335 nominativus
280 2308 344 2344 ipse
378 2314 530 2348 ponatur.
591 2310 682 2347 Quae
723 2308 787 2340 fuit

27 2359 158 2385 caussa,
199 2355 233 2379 ut
256 2350 610 2390 praestantissimorum
636 2353 786 2385 codicum

25 2393 255 2424 auctoritatem
287 2393 319 2424 h.
342 2394 364 2426 l.
387 2395 585 2437 sequendam
620 2398 786 2429 ducerem.

27 2437 78 2469 Cf.
98 2437 139 2469 ad
163 2437 277 2470 Famil.
300 2439 321 2468 Ι.
347 2441 383 2476 1,
414 2440 446 2470 1:
476 2451 537 2480 ego
562 2442 649 2472 omni
674 2442 785 2474 officio

24 2493 62 2513 ac
96 2482 204 2525 potius
240 2482 362 2524 pietate
391 2495 466 2524 erga
497 2491 529 2515 te
554 2489 658 2517 ceteris
688 2487 785 2517 satis-

25 2527 113 2558 facio
136 2529 297 2566 omnibus,
322 2529 397 2559 mihi
419 2531 482 2567 ipse
506 2541 667 2571 nunquam
688 2531 787 2562 satis-

26 2571 124 2603 facio.
161 2573 213 2604 IV.
238 2572 287 2610 17,
313 2573 375 2605 37:
402 2575 458 2604 sibi
476 2576 540 2613 ipse
564 2575 721 2616 placatus.
747 2577 786 2607 V.

27 2628 87 2648 nos
107 2616 138 2647 in
161 2617 200 2649 L.
222 2617 277 2647 Gr.
300 2617 328 2659 §-
349 2618 421 2649 122.
449 2619 569 2650 Aduot.
596 2618 644 2651 14.
685 2621 787 2651 item-

28 2672 90 2703 que
120 2672 250 2703 semper
286 2662 506 2693 nominativus
542 2666 606 2703 ipse
642 2663 786 2705 ponitur,

27 2717 124 2748 quum
157 2706 343 2748 pronomini
369 2707 523 2738 reflexivo
554 2720 600 2750 pr
594 2708 787 2746 ammittitur,

27 2757 64 2780 ut
87 2750 158 2782 Fin.
181 2752 219 2783 V
248 2753 300 2790 10,
319 2750 383 2784 23:
409 2752 435 2783 si
461 2753 530 2794 quis
554 2756 617 2792 ipse
638 2753 729 2783 sibi
721 2753 786 2784 mi·-

27 2793 129 2825 micus
153 2802 218 2826 est:
245 2776 300 2828 ubi
321 2808 351 2827 v·
374 2799 511 2838 madviq.
541 2810 571 2839 1.)
589 2798 664 2831 663.
704 2797 784 2828 lbid.

27 2837 92 2870 29.
128 2841 189 2878 ipsi
219 2840 280 2872 sibi
314 2840 435 2872 bellum
469 2842 673 2873 indixissent.
722 2843 784 2875 30·

25 2884 92 2922 ipse
121 2894 155 2914 se
187 2884 305 2919 oderit.
353 2887 460 2925 Quare
490 2887 576 2918 iufra
604 2889 641 2918 ΙΙ.
667 2886 705 2926 4,
734 2889 785 2919 11.

27 2926 202 2969 legendum
225 2936 291 2961 est:
326 2931 379 2973 qui
400 2931 606 2974 obtemperet
627 2935 692 2972 ipse
714 2931 785 2971 sibi,

1139 487 1228 529 quod
1252 487 1394 530 probare
1418 499 1484 520 non
1510 500 1593 532 pos—

828 606 974 649 quamvis
997 606 1114 649 optimi
1137 608 1234 640 codd.
1257 609 1294 640 R.
1318 617 1351 641 et
1372 611 1457 644 Gud.
1478 611 1505 644 1.
1529 611 1590 643 ad-

827 658 1007 683 versentur.
1044 652 1108 683 Ubi
1132 653 1282 685 enclitica
1304 659 1363 685 met
1385 662 1440 686 aut
1460 660 1487 687 te
1510 668 1591 698 pro-

827 696 951 728 nomini
977 697 1139 739 personali
1162 697 1340 735 adhafflet,
1368 700 1482 731 Cicero
1504 713 1592 732 sem-

826 753 886 783 per
912 741 981 772 feie
1007 741 1211 784 pronominis
1240 746 1304 782 ipse
1335 743 1476 775 foimam
1507 745 1592 776 illius

827 786 954 817 formae
973 787 1257 823 accommodavit,
1283 799 1321 818 ac
1341 795 1430 819 recte
1450 789 1592 842 quidem,

826 831 1093 874 quandoquidem
1125 838 1194 863 tum
1228 833 1448 875 oppositionis
1478 834 1526 865 vis
1559 835 1593 866 in

829 875 960 907 obiecto
984 876 1092 918 posita
1116 884 1175 908 est.
1226 878 1276 908 Cf
1304 879 1326 910 1.
1349 878 1402 916 3-1»,
1424 878 1486 911 ὃὸ·
1521 890 1594 911 nos-

827 925 887 952 met
907 923 991 960 ipsos
1014 940 1057 945 ——
1083 922 1244 953 consolati
1267 934 1386 954 sumu&
1426 921 1480 960 -16
1510 924 1566 956 111
1585 936 1591 954 r

827 977 868 997 ne
890 970 1005 997 nosmet
1026 969 1110 1005 ipsos
1129 978 1238 998 amare
1262 968 1441 999 videamur.
1477 970 1516 999 11.
1538 969 1591 1007 21,

827 1010 889 1043 47:
928 1022 968 1041 ne
1000 1014 1147 1043 nobismet
1171 1014 1248 1051 ipsis
1276 1012 1484 1055 imperemus
1533 1015 1591 1044 Ill.

863 1054 1000 1091 ‚6:11t
1024 1060 1139 1086 nosmet
1161 1059 1220 1096 ipsi
1243 1057 1337 1087 nobis
1361 1057 1486 1089 mederi
1510 1069 1592 1100 pos—

827 1100 936 1130 simus.
984 1100 1048 1136 29,
1075 1100 1134 1132 73:
1170 1106 1286 1132 nosmet
1318 1104 1402 1141 ipsos
1435 1114 1590 1135 amemus.

829 1144 926 1175 Pauci
959 1125 1048 1186 apud
1078 1144 1270 1176 Ciceronem
1304 1147 1459 1178 contrarii
1491 1159 1591 1190 repe—

827 1189 956 1220 riuntur
976 1188 1051 1225 loci,
1079 1195 1112 1219 ut
1136 1189 1199 1221 Off.
1224 1192 1245 1221 1.
1264 1191 1319 1229 32,
1342 1192 1426 1229 115„
1451 1192 1505 1223 ubi
1526 1193 1591 1223 flu-

829 1240 958 1264 ctuatur
981 1233 1112 1276 quidem
1134 1234 1315 1276 scriptura,
1346 1235 1404 1266 sed
1428 1237 1593 1268 sententia

827 1277 965 1320 requirit
996 1280 1145 1310 nobismet
1169 1281 1248 1318 ipsi,
1288 1280 1333 1310 uti
1366 1287 1456 1311 recte
1488 1281 1592 1313 edidit

826 1324 924 1354 Beier.
984 1322 1094 1364 (Apud
1126 1323 1207 1353 alios
1235 1324 1413 1366 scriptores
1446 1338 1496 1357 res
1528 1326 1592 1358 ali-

827 1373 878 1398 ter
900 1378 935 1397 se
956 1366 1075 1404 habet,
1103 1374 1137 1398 ut
1159 1367 1236 1399 Sall.
1262 1369 1330 1410 lug.
1358 1371 1407 1407 13,
1434 1370 1473 1403 7:
1492 1376 1592 1403 -semet

825 1414 887 1451 ipsi
910 1411 1068 1442 Numidas
1092 1412 1314 1454 appellavere.
1363 1415 1401 1445 V.
1426 1416 1523 1446 Kritz.
1550 1415 1592 1446 ad

828 1456 905 1488 Sall.
932 1457 1002 1488 Cat.
1028 1457 1089 1493 20,
1114 1456 1147 1490 6.
1181 1469 1213 1499 p.
1240 1458 1327 1498 100.)
1377 1458 1469 1490 Idem
1503 1460 1591 1491 valet

827 1502 868 1533 de
892 1501 1000 1532 forma
1033 1511 1106 1533 sese.
1155 1502 1243 1534 Hinc
1274 1514 1371 1545 supra
1405 1515 1431 1535 c.
1453 1504 1506 1543 27,
1534 1504 1590 1538 67.

825 1546 987 1588 scriptura
1017 1556 1080 1577 sese
1106 1549 1170 1586 ipse
1202 1559 1219 1578 a
1255 1547 1349 1579 nobis
1380 1548 1503 1580 reiecta
1529 1555 1589 1581 est.

826 1590 1059 1633 Exemplorum
1092 1591 1125 1622 in
1160 1592 1274 1634 quibus
1298 1595 1363 1632 ipse
1395 1600 1488 1625 recto
1515 1606 1590 1626 casu

824 1635 960 1678 ponitur
979 1635 1098 1667 nubem
1120 1644 1298 1679 coegerunt
1318 1640 1438 1670 Cortius
1454 1638 1496 1670 ad
1515 1639 1590 1671 Sal-

824 1681 898 1712 lust.
923 1680 1017 1712 Catil.
1038 1682 1091 1712 20.
1141 1684 1340 1722 Oudendorp.
1372 1683 1414 1714 ad
1438 1684 1529 1715 Caes.
1555 1686 1587 1715 Β.

826 1727 864 1757 G.
892 1727 941 1764 ΙΙ,
968 1726 1022 1757 25.
1076 1728 1247 1759 Vester-hou.
1269 1727 1312 1757 ad
1332 1729 1468 1759 Terent.
1490 1729 1590 1761 Andr.

826 1771 880 1802 111.
911 1773 944 1808 1,
975 1771 1023 1803 15.
1069 1773 1242 1803 Burmann
1272 1771 1313 1802 ad
1338 1772 1432 1803 Ovid.
1455 1775 1589 1805 Metam.

823 1817 878 1853 X,
903 1815 978 1847 523
1014 1814 1079 1846 alii.
1127 1816 1193 1847 Sed
1226 1816 1259 1847 hi
1295 1815 1444 1859 plerique
1477 1829 1589 1850 omnes

823 1859 950 1901 magnis
984 1858 1016 1890 in
1049 1860 1210 1891 eiroribus
1236 1867 1418 1893 versantur.
1464 1863 1589 1894 Nostra

825 1904 955 1935 demum
970 1905 1124 1936 memoria
1141 1905 1308 1948 utriusque
1321 1912 1505 1939 structurae
1518 1907 1590 1939 dis-

827 1949 948 1980 crimen
972 1955 1062 1979 recte
1087 1949 1302 1981 constitutum
1326 1957 1385 1982 est.
1438 1953 1483 1983 Ut
1507 1953 1589 1985 alios

826 1994 985 2030 omittam,
1009 1993 1040 2024 in
1064 1994 1176 2036 primis
1202 1995 1414 2036 comparandi
1435 2004 1510 2028 sunt
1530 2000 1589 2029 Er-

823 2042 938 2070 nesuus
953 2038 1041 2070 Clav.
1060 2051 1090 2070 v.
1108 2042 1183 2078 ipse.
1212 2041 1297 2082 (cum
1319 2052 1383 2083 quo
1405 2041 1448 2073 cf.
1463 2044 1587 2074 Sctuuz.

825 2085 905 2114 Lex.
938 2083 1018 2124 Cic..)
1076 2086 1217 2116 Bremius
1252 2085 1294 2116 ad
1329 2085 1394 2117 Cic.
1427 2086 1470 2117 de
1506 2087 1588 2118 Fato

825 2140 852 2160 c.
880 2130 928 2160 11.
967 2139 999 2170 p.
1026 2126 1069 2161 47
1094 2140 1166 2172 sqq.
1243 2132 1378 2162 Octzsner
1414 2131 1481 2163 Ecl.
1520 2132 1586 2164 Cic.

823 2185 855 2215 p.
881 2174 924 2205 33
947 2184 996 2215 sq.
1052 2176 1142 2205 Beier
1173 2173 1214 2205 ad
1249 2175 1345 2206 Osfic.
1374 2177 1397 2206 1.
1423 2176 1487 2214 32,
1517 2177 1588 2208 115.

823 2230 853 2260 p.
869 2216 934 2250 246
949 2229 997 2261 sq.
1034 2220 1172 2251 Kritzius
1191 2218 1233 2250 ad
1258 2219 1335 2251 Sall.
1361 2220 1382 2251 1.
1407 2220 1438 2251 d.
1475 2223 1587 2253 Rams-

820 2265 908 2295 horn.
947 2264 984 2293 L.
1014 2263 1072 2294 Gr.
1109 2264 1136 2298 (ἵ.
1167 2264 1240 2297 157.
1299 2266 1426 2295 Kiihner
1462 2266 1499 2296 L.
1527 2266 1587 2296 Gr.

821 2308 848 2350 ςῑ.
878 2308 959 2345 122,
984 2310 1015 2340 ὅ.
1109 2301 1117 2306 ’

888 2355 932 2384 sic
945 2354 1054 2383 mentis
1067 2355 1148 2383 acies
1162 2354 1241 2391 ete]
1265 2352 1372 2383 Etiam
1386 2353 1467 2384 haec
1480 2365 1586 2386 enun-

820 2397 916 2428 tiatio
942 2396 1158 2437 negligentius
1184 2396 1338 2428 adiuncta
1363 2404 1423 2428 est.
1473 2399 1586 2431 Oratio

821 2444 864 2474 ad
891 2440 1122 2483 grammaticae
1151 2452 1254 2471 norm
1249 2452 1299 2472 im
1330 2442 1377 2473 sic
1402 2444 1586 2486 composita

822 2498 892 2518 esse
891 2466 1077 2515 ”debebam
1113 2487 1195 2524 quod
1226 2488 1265 2517 iis
1297 2497 1387 2526 saepe
1411 2498 1469 2520 usu
1492 2492 1585 2529 venit,

821 2533 874 2571 qui
893 2533 1005 2560 acuiter
1025 2532 1121 2560 oculis
1142 2531 1330 2569 deficientem
1351 2535 1443 2564 solem
1464 2537 1585 2566 intuen-

821 2580 880 2606 tur.
929 2575 1008 2605 Nam
1036 2577 1067 2604 ut
1089 2575 1121 2604 hi
1143 2576 1321 2614 adspectum
1346 2580 1511 2618 amittunt,
1541 2581 1585 2610 sic

822 2620 930 2649 mentis
950 2621 1030 2650 acies
1055 2624 1118 2650 etc.
1156 2620 1260 2658 Quem
1275 2622 1415 2658 Klotzius
1437 2634 1453 2654 e
1471 2625 1584 2656 Rams-

821 2665 899 2694 horn
936 2663 973 2693 L.
998 2663 1054 2694 Gr.
1075 2664 1101 2706 ᾗ.
1125 2665 1200 2696 205.
1226 2665 1337 2696 attulit
1358 2666 1486 2698 locum:
1514 2668 1584 2700 Fin.

823 2708 1060 2745 111.11‚3‹5.,
1094 2708 1174 2739 alius
1205 2710 1334 2751 generis
1359 2718 1418 2742 est.
1468 2712 1582 2743 Cicero

822 2763 880 2794 per
893 2754 936 2784 sic
958 2751 1139 2785 orationem
1161 2754 1375 2794 contiuuaxit,
1399 2768 1583 2807 quanquam

822 2809 887 2828 nou
923 2797 1105 2829 enuntiatio
1141 2800 1363 2841 comparatixi
1406 2801 1582 2843 1)1a‹1nissa

822 2848 890 2880 (st,
915 2841 973 2873 sed
996 2843 1199 2886 comparatio
1226 2851 1352 2875 tantum
1374 2845 1443 2887 11131
1466 2846 1495 2875 in
1519 2856 1580 2876 ’111-

822 2886 1047 2919 tecedentibus
1068 2888 1174 2920 verbis
1198 2888 1292 2920 latet.
1339 2890 1430 2920 Haec
1452 2889 1580 2932 saepius

821 2938 870 2963 est
895 2943 1007 2964 caussa
1031 2932 1190 2965 orationis
1214 2930 1398 2967 ἀνακοὶου..
1381 2939 1450 2966 “··.ο.1
