1863 3221
198 84 281 125 280

201 171 394 213 solatione
414 177 592 221 sanctur3
627 168 790 223 primum
808 166 910 220 quod
929 179 1046 220 posse
1067 165 1244 206 accidere
1263 165 1327 206 diu
1345 166 1577 220 cogitaverit
1591 168 1608 193 ³
1627 183 1636 206 z
1662 177 1758 219 quae

203 243 386 299 cogitatio
410 257 484 283 una
507 241 676 282 maxime
693 239 892 280 molestias
912 253 1048 280 omnes
1066 245 1257 279 extenuat
1275 246 1313 279 et
1331 238 1464 290 diluit3
1498 239 1635 279 deinde
1658 238 1758 293 quod

203 319 400 359 hunlana³
429 315 586 356 ferenda
610 313 813 367 intelligit,
847 320 1044 368 postremo
1066 313 1166 366 quod
1192 312 1296 352 videt
1320 312 1460 353 malum
1485 313 1627 352 nullum
1652 324 1755 361 esse,

774 88 942 119 maun
969 89 1025 119 111.
1052 85 1112 126 ιθ,
1137 86 1191 119 35.

205 391 278 432 nisi
305 390 452 444 culpam
469 392 511 441 ³3
546 388 692 442 culpam
715 394 843 427 autem
870 387 1010 426 nullam
1039 399 1152 435 esse,
1187 400 1300 439 quum
1323 386 1383 436 id,
1417 386 1516 440 quod
1535 385 1581 425 ab
1605 386 1759 425 homine

206 478 281 504 non
321 463 490 518 potuerit
525 461 739 516 praestari,
785 460 974 501 evenerit.
1039 466 1107 500 55.
1141 457 1243 499 Nam
1277 459 1477 498 revocatio
1512 459 1602 507 illa,
1648 471 1760 511 quain

204 538 342 587 affert,
387 550 501 589 quum
536 549 557 575 a
589 534 819 574 contuendis
857 548 927 574 nos
961 533 1069 573 malis
1105 539 1267 583 avocat,
1313 532 1417 572 nulla
1445 538 1519 572 est.
1579 529 1674 571 Non
1703 537 1763 571 est

204 610 304 650 enim
330 610 367 649 in
388 616 520 649 nostra
541 614 733 663 potestate
747 639 757 659 ,
793 606 1049 647 fodicantibus
1071 605 1118 646 iis
1141 605 1256 646 rebus
1270 637 1280 656 ‚
1314 618 1409 659 quas
1430 605 1552 645 malas
1571 617 1660 645 esse
1681 604 1763 659 opi-

205 697 364 733 nemur,
397 682 652 722 dissimulatio
676 681 739 722 vel
764 680 930 721 oblivio:
974 680 1168 729 lacerant,
1210 686 1380 729 vexant,
1426 679 1603 719 stimulos
1630 678 1763 718 admo-

1282 751 1334 792 Et
1371 759 1410 792 tu
1434 751 1611 792 oblivisci
1636 750 1760 801 iubes,

206 830 304 884 quod
331 836 466 869 contra
487 835 662 868 naturam
687 834 769 877 est,
803 827 865 880 qui
887 827 985 881 quod
1007 841 1027 866 a
1049 832 1187 866 natura
1212 826 1340 866 datum
1364 827 1456 866 est4
1482 825 1670 865 auxilium
1692 838 1764 864 ex-

205 763 322 807 vent‚
355 756 466 809 ignes
492 754 697 805 adhibent,
738 754 935 808 respirare
964 767 1042 794 non
1073 753 1219 793 sinunt.

207 904 422 956 torqueas⁵
454 900 661 942 inveterati
692 900 868 940 doloris?
925 898 1000 939 Est
1024 898 1125 939 enim
1149 899 1258 939 tarda
1288 898 1351 939 illa
1379 898 1532 953 quidem
1554 898 1760 948 medicina,

295 1013 317 1046 4
341 1013 395 1045 Sic
416 1013 448 1045 h.
469 1013 490 1046 l.
513 1013 598 1044 bene
622 1011 809 1044 emendavit
833 1012 890 1043 Tr.
912 1022 930 1042 e
950 1010 1046 1042 codd.
1070 1010 1228 1052 vestigiis.
1275 1010 1382 1052 Vulgo
1404 1009 1575 1052 legebatur
1596 1013 1659 1050 est,
1681 1012 1764 1050 quod

207 1070 228 1091 a
248 1062 314 1091 nal.
337 1060 445 1089 datum
468 1062 510 1089 est
530 1068 626 1097 auoe.,·
651 1058 688 1090 R.
708 1058 742 1088 P.
755 1058 832 1088 Vat.
859 1055 945 1087 Gud.
962 1055 988 1087 1.
1012 1057 1051 1086 Π.
1075 1055 1105 1086 b.
1132 1056 1239 1086 Marb.
1259 1062 1324 1086 tres
1347 1058 1427 1086 Oxx.
1452 1054 1530 1086 Pall.
1543 1053 1575 1086 3.
1593 1052 1624 1087 4.
1651 1059 1692 1087 est
1712 1057 1765 1096 qui

207 1114 228 1135 a
253 1105 322 1147 (aut
343 1103 432 1144 quia)
454 1106 519 1134 nat.
541 1104 651 1134 datum
675 1105 716 1133 est
741 1111 837 1141 aux.,·
873 1102 928 1131 Or,
954 1112 981 1131 c.
1006 1100 1095 1133 Med.
1120 1100 1232 1131 Duisb.
1254 1099 1338 1131 Lall.
1362 1104 1424 1139 est,
1448 1102 1501 1139 qui
1523 1110 1542 1130 a
1565 1103 1628 1131 nat.
1654 1101 1764 1132 datum

207 1158 305 1188 auoe.;
330 1147 380 1179 El.
404 1147 430 1178 1.
454 1151 516 1187 est,
541 1150 615 1187 quia
641 1157 660 1178 a
682 1148 756 1179 md.
773 1155 871 1185 aux.,·
897 1145 998 1177 Bouh.
1021 1157 1047 1176 c.
1075 1145 1126 1176 ed.
1142 1152 1207 1176 vet.
1230 1156 1287 1176 sua
1308 1151 1342 1176 et
1364 1144 1464 1176 duob.
1488 1144 1603 1176 Leidd.
1621 1143 1762 1188 Guelph.

206 1193 304 1225 duob.
332 1194 413 1223 ΟΠ.
434 1193 525 1223 Mon.
544 1191 571 1223 1.
596 1194 676 1233 Aug.
701 1191 733 1223 b.
767 1190 812 1234 (in
835 1191 951 1233 marg.)
976 1194 1038 1230 est,
1072 1192 1155 1230 quod
1187 1194 1290 1222 autem
1314 1200 1334 1221 a
1357 1202 1387 1222 η.
1414 1191 1445 1222 ἁ.
1468 1193 1510 1221 est
1532 1200 1606 1222 aux.
1664 1190 1684 1221 5
1709 1189 1764 1221 Sic

208 1240 263 1270 Or.
283 1250 310 1270 c.
333 1236 480 1280 plurimis
504 1236 611 1277 codd„
638 1236 736 1268 etiam
759 1236 796 1267 R.
822 1237 855 1267 P.
878 1237 952 1268 Vat.
980 1235 1064 1268 Gud.
1088 1235 1114 1267 1.
1142 1236 1182 1267 ΙΙ.
1205 1235 1254 1274 b.;
1278 1235 1373 1278 pauci
1397 1234 1484 1278 iique
1507 1233 1688 1267 deteriores
1711 1244 1766 1267 erc·

205 1287 337 1324 torques.

207 1374 268 1405 pus
287 1361 459 1405 significat.
506 1362 578 1393 Nos
601 1361 732 1404 quidem
752 1361 851 1393 talem
873 1361 968 1392 abla-

205 1407 309 1439 tivum
334 1407 519 1438 absolutum
544 1406 683 1437 reddere
714 1417 886 1449 possumus
909 1417 969 1448 per

208 1451 486 1495 praepositionem
510 1453 565 1483 bei.
602 1453 707 1493 Supra
732 1453 752 1482 Ι.
774 1451 805 1490 5,
825 1450 882 1482 10:
907 1450 969 1482 tibi

206 1496 268 1539 ipsi
300 1507 360 1539 pro
384 1502 418 1527 te
451 1496 514 1527 erit
545 1498 686 1527 maxima
711 1506 823 1527 corona
858 1507 970 1527 caussa

207 1541 358 1575 dicenda.
404 1542 467 1579 25,
492 1539 554 1573 60:
588 1542 642 1572 hoc
664 1543 807 1572 nebuloso
836 1546 869 1571 et
893 1544 970 1572 cali-

205 1589 314 1628 ginoso
332 1588 422 1618 coel0.
468 1583 530 1624 40,
555 1584 618 1617 963
651 1585 727 1616 lusit
748 1585 798 1616 vir
821 1585 969 1627 egregius

207 1635 340 1663 extremo
373 1633 496 1671 spiritu.
555 1631 592 1661 ΙΙ.
622 1629 681 1671 16,
705 1630 768 1662 3³:
805 1632 864 1661 levi
897 1633 968 1661 ictu.

207 1677 250 1708 N.
275 1676 315 1707 D.
337 1677 385 1713 11,
411 1676 472 1708 35:
499 1680 574 1717 post
597 1681 706 1706 autem
728 1677 904 1706 certioribus
926 1678 968 1705 si-

207 1723 295 1761 9‘nis‚
327 1720 422 1763 quale
444 1719 486 1750 sit
508 1719 561 1757 id,
595 1719 636 1749 de
657 1730 722 1761 quo
747 1719 965 1758 dubitaverat,

206 1765 322 1808 incipit
344 1764 512 1807 suspicari.
560 1764 649 1795 Infra
670 1765 724 1794 IV.
750 1763 790 1801 6,
819 1766 877 1796 12:
913 1774 967 1795 ra-

205 1813 285 1842 tione
297 1811 431 1841 aduersa
447 1807 690 1840 sollicitandum
707 1819 773 1839 non
788 1815 849 1840 est.
881 1809 966 1840 Con-

206 1855 275 1886 sule
298 1854 339 1885 de
360 1854 424 1885 hoc
448 1853 582 1885 ablativi
606 1865 663 1884 usu
686 1855 843 1884 Bromium
865 1853 907 1884 ad
926 1854 963 1884 C.

204 1900 291 1942 Nep.
314 1899 474 1931 Themist.
501 1899 595 1935 VllI,
621 1900 653 1929 2.
686 1900 900 1938 Heindorfium
923 1898 966 1929 ad

205 1945 248 1976 N.
272 1945 311 1975 D.
337 1945 376 1976 Il.
397 1944 450 1982 21,
476 1942 529 1975 54.
564 1944 697 1974 Ellendt.
721 1943 763 1974 ad
788 1943 854 1974 Cic.
877 1944 965 1977 Brut.

205 1989 333 2026 LXIX,
357 1986 433 2021 242.
473 1990 612 2020 Ottonem
631 1987 673 2018 ad
697 1987 762 2020 Cic.
786 1987 828 2018 de
851 1987 922 2019 Fin.
943 1990 965 2019 Ι.

207 2033 268 2071 10,
294 2033 347 2066 33.
394 2035 483 2064 Held.
506 2032 548 2063 ad
573 2032 700 2062 Caesar.
727 2033 760 2063 B.
788 2033 822 2063 C.
851 2033 885 2070 Ι,
910 2032 963 2065 85.

204 2079 334 2117 August.
362 2076 405 2108 ad
438 2076 548 2107 Eiusd.
583 2077 617 2106 B.
644 2077 685 2107 G.
711 2078 762 2113 ll,
788 2076 817 2108 9.
867 2078 967 2108 Kritz.

204 2121 248 2152 ad
273 2121 350 2153 Sall.
377 2122 446 2154 Cat.
474 2122 524 2158 11,
550 2119 581 2152 4.
607 2127 639 2152 et
661 2120 703 2151 ad
725 2120 778 2160 39,
804 2121 836 2154 3.
880 2123 966 2153 Kah-

203 2176 267 2199 τιον.
293 2166 332 2197 L.
355 2166 412 2197 Gr.
439 2166 571 2208 §.115.
595 2166 626 2197 8.

268 2213 408 2250 primum
424 2212 505 2251 quod
521 2211 713 2251 coyitauerz't]
736 2211 882 2242 Davisius
895 2210 966 2241 alii-

204 2266 266 2298 que
291 2261 325 2286 et
348 2267 453 2298 nuper
475 2256 627 2295 Treyder,
661 2261 796 2286 auctore
823 2257 966 2294 Bentleio,

204 2312 243 2332 ex
277 2311 342 2332 uno
366 2299 459 2331 huius
485 2300 559 2331 cod.
584 2299 785 2342 scripserunt
809 2302 966 2339 coyitauit,

203 2344 278 2388 quia
298 2344 445 2388 sequitur
463 2347 603 2385 intelligit
624 2350 657 2375 et
675 2346 768 2376 videt.
815 2347 858 2375 At
879 2344 964 2375 scri-

202 2395 299 2432 ptura
323 2389 481 2421 tentanda
503 2401 569 2420 non
596 2396 675 2421 erat.
724 2388 855 2420 Scilicet
883 2392 965 2429 cogi-

202 2436 313 2466 taverit
331 2445 397 2465 non
417 2434 642 2466 coniunctivus
662 2434 803 2476 perfecti
824 2440 883 2472 est,
906 2433 964 2465 sed

204 2478 348 2509 futurum
372 2485 532 2517 exactum,
558 2479 646 2521 quod
667 2479 743 2510 huic
763 2479 838 2510 loco
858 2479 964 2521 aptis—

202 2522 318 2553 simum
342 2529 402 2554 est.
449 2524 618 2554 Sententia
639 2530 689 2555 est
710 2523 813 2555 enim:
840 2524 865 2554 si
887 2523 965 2566 quid

202 2566 352 2608 accidet,
388 2566 422 2597 id
455 2567 604 2598 accidere
632 2580 729 2610 posse
754 2568 809 2599 diu
835 2569 965 2611 cogita—-

202 2611 297 2643 verit.
347 2613 498 2650 Orelhus,
531 2612 726 2644 sententiam
760 2625 866 2644 meam
898 2613 964 2644 im-

202 2656 357 2698 probans,
383 2655 543 2697 explicat:
570 2658 611 2687 da
632 2668 663 2688 er
679 2660 716 2697 ja
734 2660 814 2689 wohl
835 2660 965 2698 yedacht

203 2703 275 2740 har,
307 2703 365 2732 wie
387 2703 445 2731 wir
470 2710 526 2731 uns
547 2702 633 2731 leicht.
653 2705 811 2734 vorstellen
833 2705 963 2735 hannem.

203 2745 311 2776 Etiam
339 2746 497 2784 Wopkens.
522 2745 628 2775 Lectt.
651 2745 738 2776 Tull.
760 2758 792 2788 p.
814 2749 876 2779 1οδ
890 2759 961 2790 sqq.

202 2790 234 2821 in
266 2801 376 2821 errore
400 2795 549 2821 versatur
583 2795 616 2819 et
651 2789 778 2821 diversa
813 2793 962 2834 exempla

203 2834 403 2877 permiscuit.

267 2890 331 2912 una
353 2879 504 2921 maxime]
529 2879 569 2911 V.
596 2877 678 2910 Adn.
702 2878 735 2909 in
761 2879 801 2909 ΙΙ.
825 2878 880 2919 26,
905 2878 959 2913 64.

267 2926 405 2956 humana
425 2923 567 2965 serenda]
593 2922 646 2955 Sic
666 2923 698 2953 in
721 2922 870 2954 omnibus
891 2924 961 2956 fere

1005 1359 1112 1397 codd,
1138 1360 1237 1391 etiam
1262 1359 1346 1390 Gud.
1366 1360 1393 1391 1.
1416 1360 1454 1391 ΙΙ.
1471 1359 1491 1390 b
1508 1385 1517 1401 ‚
1541 1359 1671 1401 legitur.
1706 1360 1766 1391 In-

1005 1405 1055 1436 fra
1079 1406 1117 1436 V.
1138 1404 1169 1443 6,
1194 1405 1250 1437 17:
1278 1404 1331 1447 qui
1351 1404 1459 1435 omnia
1478 1406 1635 1443 humana,
1660 1415 1764 1447 quae-

1005 1461 1131 1492 cunque
1151 1448 1300 1481 accidere
1319 1456 1467 1491 possunt,
1492 1449 1676 1481 tolerabilia
1702 1449 1767 1480 du-

1005 1501 1068 1527 cat.
1116 1496 1297 1526 Bouhierius
1327 1500 1496 1536 comparat
1528 1494 1570 1525 ad
1594 1497 1664 1525 Att.
1687 1495 1766 1527 XV.

1003 1540 1067 1578 20,
1092 1539 1131 1572 3:
1168 1539 1233 1570 Sed
1256 1542 1395 1571 humana
1424 1541 1563 1579 ferenda.
1611 1538 1767 1581 Exquisi-

1003 1584 1126 1615 tissima
1152 1591 1201 1614 est
1225 1584 1387 1626 scriptura
1421 1583 1543 1626 egregii
1571 1584 1644 1615 cod.
1668 1584 1767 1616 Vati-

1004 1629 1094 1660 cani:
1120 1631 1258 1660 humana
1281 1630 1415 1660 humane
1435 1630 1491 1668 fer.
1533 1629 1587 1660 Sic
1605 1640 1702 1672 supra
1725 1631 1766 1661 ΙΙ.

1002 1674 1055 1712 27,
1080 1673 1144 1706 (ἧς
1181 1673 1280 1704 iidem
1304 1673 1436 1704 morbos
1461 1673 1642 1706 toleranter
1665 1681 1764 1717 atque

1001 1720 1135 1749 humane
1155 1720 1272 1759 ferunt:
1308 1718 1361 1749 ubi
1387 1719 1444 1749 Gr.
1465 1714 1680 1760 εἰνὸρωτῑίνως
1703 1718 1764 1762 φέ-

1002 1774 1067 1804 ρειν
1090 1761 1151 1800 τὰς
1174 1760 1298 1806 τύχας,
1324 1761 1361 1796 τὸ
1387 1762 1606 1806 συμβεβηκὸς
1628 1770 1661 1795 et
1683 1764 1763 1795 Plu-

1000 1807 1105 1839 tarchi
1128 1808 1235 1839 locum
1260 1807 1441 1850 scripturae
1462 1808 1641 1839 Vaticanae
1665 1808 1763 1851 plane

999 1853 1163 1895 geminum
1186 1851 1297 1895 φέρειν
1317 1850 1359 1886 τὰ
1382 1849 1573 1894 ἀνθρώπινα
1594 1850 1761 1894 ἅνθρωπί*

999 1902 1065 1935 vose„-
1089 1897 1295 1929 contulimus.
1343 1897 1406 1928 Pal.
1428 1899 1453 1928 Ι.
1485 1897 1586 1929 habet
1607 1900 1763 1930 humanae

1002 1943 1062 1985 (sic
1084 1943 1183 1974 etiam
1210 1943 1268 1981 R„
1300 1942 1358 1974 sed
1381 1949 1518 1975 correct.
1541 1942 1572 1974 in
1594 1943 1760 1984 humane):

999 1988 1032 2018 in
1071 1999 1133 2030 qua
1168 1987 1329 2030 scriptura
1364 1994 1536 2030 utrumque
1567 1988 1764 2019 vocabulum

1000 2034 1118 2064 Mosero
1151 2033 1254 2064 latere
1287 2033 1427 2063 videtur.
1475 2033 1511 2064 P.
1536 2033 1661 2076 Gryph.
1697 2039 1763 2064 tres

1000 2077 1080 2107 Pall.
1110 2077 1265 2108 exhibent
1297 2079 1442 2109 humane.
1490 2078 1581 2109 Haec
1613 2077 1763 2109 codicum

1001 2120 1172 2153 fluctuatio
1203 2122 1294 2153 ducit
1326 2121 1571 2164 quodammodo
1602 2122 1643 2153 ad
1677 2122 1762 2154 scri-

1000 2172 1132 2207 pturam
1153 2166 1258 2197 Vatic.
1307 2165 1416 2198 Facile
1447 2167 1555 2206 enim,
1591 2167 1638 2197 uti
1666 2174 1762 2198 acute

999 2216 1113 2241 monet
1132 2213 1243 2250 Moser,
1265 2210 1400 2249 librarii,
1425 2210 1451 2241 si
1477 2223 1550 2242 casu
1572 2211 1620 2242 bis
1644 2211 1762 2242 eodem

999 2255 1100 2286 modo
1137 2255 1294 2297 scriptum
1330 2261 1415 2286 esset
1451 2257 1590 2287 humana
1621 2257 1761 2288 humana

999 2306 1054 2330 aut
1073 2302 1205 2332 humane
1219 2302 1363 2340 humane,
1384 2299 1576 2331 alterutrum
1597 2312 1662 2332 non
1683 2312 1761 2333 cor-

998 2344 1180 2387 rigendum,
1201 2344 1259 2375 sed
1279 2344 1475 2376 eiiciendum
1494 2344 1679 2377 existimare
1696 2357 1762 2389 po—

999 2395 1119 2421 terant.
1178 2391 1248 2420 Hae
1281 2390 1426 2422 rationes
1462 2396 1560 2433 atque
1596 2397 1761 2422 momenta

997 2441 1064 2466 tam
1086 2434 1197 2476 gravia
1219 2441 1314 2473 sunt,
1341 2441 1395 2473 ut,
1419 2434 1445 2466 si
1468 2435 1560 2466 unius
1585 2435 1761 2467 alteriusve

1000 2479 1122 2511 codicis
1142 2479 1320 2511 auctoritas
1340 2479 1521 2517 accederet,
1548 2479 1637 2511 nullo
1659 2479 1760 2511 modo

1000 2524 1184 2555 dubitarem
1206 2525 1292 2556 hanc
1305 2524 1454 2555 Vaticani
1474 2536 1534 2556 scr.
1559 2535 1630 2555 cum
1654 2524 1760 2555 Gebh.

1003 2571 1040 2600 D.
1070 2571 1144 2601 Ern.
1178 2570 1262 2601 Mos.
1299 2569 1356 2600 Kl.
1393 2568 1426 2599 in
1457 2568 1543 2600 Add.
1571 2580 1603 2611 p.
1632 2566 1692 2601 134
1709 2580 1759 2612 sq.

998 2625 1154 2656 recipere.

1066 2661 1184 2690 malum
1206 2661 1325 2690 nullum
1347 2667 1427 2697 esse,
1453 2659 1514 2689 nisi
1529 2657 1668 2701 culpam]
1694 2659 1758 2690 Da-

997 2706 1105 2743 visius,
1129 2710 1262 2735 auctore
1281 2705 1425 2741 Bentleio,
1449 2701 1548 2743 legit:
1573 2704 1634 2734 m'si
1653 2704 1757 2743 culpa.

1000 2752 1043 2779 At
1066 2755 1156 2779 recte
1180 2749 1378 2780 Camerarius
1406 2753 1439 2777 et
1463 2747 1621 2786 Wopkens.
1647 2748 1758 2779 Lectt.

997 2793 1084 2824 Tull.
1110 2794 1134 2831 Ι,
1155 2790 1204 2824 14.
1228 2804 1259 2834 p.
1282 2793 1350 2823 112.
1377 2797 1492 2822 contra
1512 2791 1643 2831 docent,
1669 2792 1760 2835 quod

997 2837 1107 2868 Latini
1141 2838 1265 2876 culpam
1295 2835 1462 2873 vocarint,
1498 2834 1532 2866 id
1566 2847 1626 2868 nos
1659 2836 1759 2868 hodie

996 2884 1115 2913 malum
1138 2883 1255 2913 morale
1290 2881 1360 2923 (Gr.
1386 2877 1573 2922 ἁμάρτημα
1596 2881 1689 2921 ἴδιον)
1726 2887 1760 2913 et

995 2923 1069 2959 κατ’
1083 2923 1199 2968 ἐξοχὴν
1220 2928 1382 2965 peccalum
1402 2924 1522 2965 dicere,
1549 2931 1584 2956 ut
1605 2925 1647 2957 ad
1669 2926 1758 2957 Fam.
