1832 3137
662 109 825 142 LIBER
851 110 876 142 1.
905 108 964 149 13,
988 108 1043 142 30.

1563 100 1613 142 77

56 202 218 244 quorum
243 188 560 229 demonstrantur
578 190 595 215 ³
620 188 799 242 sepulcra
830 188 868 228 in
893 186 1086 239 Graecia3
1118 188 1373 230 reminiscere
1390 221 1400 241 ,
1434 189 1615 244 quoniam

54 275 98 303 es
119 262 293 302 initiatus
309 294 318 312 ‚

53 342 203 391 pateat,
236 335 446 389 intelliges.

53 409 149 450 ctari
184 416 320 464 coepta
357 411 510 459 suut3‚
545 407 702 463 physica
738 406 988 458 didicissent,

353 275 450 315 quae
472 261 675 301 tradantur
691 264 707 287 ³
733 261 954 315 mysteriis:
989 269 1066 302 tum
1089 261 1279 316 denique,
1313 276 1424 316 quam
1448 262 1520 303 hoc
1538 263 1616 304 late

510 333 590 376 Sed
618 334 680 389 qui
707 334 877 374 nondum
905 348 973 386 ea,
1008 349 1105 388 quae
1134 335 1262 376 multis
1286 343 1374 390 post
1398 335 1511 377 aunis
1540 343 1617 378 tra-

1032 415 1178 448 tautum
1213 408 1286 449 sibi
1320 417 1613 464 persuaserant,

53 490 237 538 quantum
268 490 405 523 natura
435 483 664 522 admonente
690 487 984 534 cognoverant,
1027 481 1199 522 rationes
1228 489 1266 522 et
1293 496 1454 524 caussas
1484 497 1616 524 rerum

53 571 131 598 non
156 556 367 607 tenebant,
409 556 505 596 visis
536 554 763 609 quibusdam
787 567 905 608 saepe
929 553 1212 605 movebantur,
1255 556 1379 610 iisque
1397 559 1418 583 4
1443 557 1616 598 maxime

53 630 278 681 nocturnis,
320 636 362 670 ut
389 629 614 670 viderentur
636 627 687 679 ii,
728 627 792 681 qui
818 627 894 668 vita
921 634 1203 679 excesserant,

143 764 165 796 3
191 776 221 795 V.
243 763 328 796 Adn.
375 761 396 796 4
421 763 475 795 Sic
500 769 590 794 recte
615 766 670 794 Or.
697 775 724 794 c.
751 763 788 794 R.
814 762 846 794 b.
873 763 966 793 Mon.
992 762 1012 794 ‘2

53 841 124 885 ipse
156 841 320 885 mysteriis
354 842 500 873 initiatus
533 853 569 872 ea
596 841 816 884 compluribus

55 887 136 918 locis
161 887 294 918 summis
320 888 417 918 estest
440 886 600 918 laudibus.
649 887 752 928 Legg.
774 887 814 917 ll.

54 931 107 970 14,
125 929 187 965 36:
210 932 289 963 mihi
310 943 408 975 quum
429 931 532 964 multa
553 931 669 963 eximia
684 931 814 963 divina·

54 989 117 1020 que
134 977 306 1009 videantur
323 977 471 1009 Athenae
488 983 563 1008 tuae
581 976 747 1019 peperisse
762 984 816 1009 at—

53 1034 116 1065 que
139 1022 170 1053 in
194 1022 260 1053 vita
274 1022 444 1053 homiuum
465 1022 625 1063 attulisse,
651 1028 719 1053 tum
736 1021 816 1053 nihil

52 1067 167 1098 melius
190 1067 253 1098 illis
275 1066 460 1108 mysteriis,
494 1067 610 1109 quibus
633 1078 672 1097 ex
696 1066 817 1108 agresti

54 1111 252 1154 immanique
280 1111 344 1143 vita
370 1111 489 1143 exculti
512 1111 554 1143 ad
579 1111 817 1142 humanitatem

55 1163 89 1188 et
113 1155 253 1198 mitigati
287 1167 414 1192 sumus3
452 1156 609 1206 initiaque
641 1163 675 1187 ut
698 1155 817 1198 appel—

54 1201 183 1240 lantur,
222 1201 268 1232 ita
298 1212 333 1232 re
358 1212 434 1232 vera
459 1200 619 1243 p1incip1a
643 1201 729 1232 vitae
756 1212 814 1232 co-

53 1246 239 1289 gnovimus,
264 1257 370 1287 neque
389 1245 494 1277 solum
521 1257 593 1277 cum
613 1245 739 1277 laetitia
764 1245 817 1276 vi-

54 1291 152 1323 vendi
186 1290 347 1322 rationem
383 1290 590 1332 ‹1ccepin1u5‚
626 1290 684 1321 sed
719 1290 816 1321 etiam

55 1348 128 1368 cuin
147 1347 206 1377 spe
220 1334 355 1366 meliore
372 1334 554 1366 moriendi:
581 1334 634 1365 ubi
659 1347 689 1366 v.
706 1336 816 1366 Datis.

55 1388 88 1412 et
108 1392 189 1423 quos
211 1379 324 1456 lauldat
347 1382 485 1411 Cieuzer.
507 1391 539 1422 p
553 1376 630 1410 269.
681 1380 730 1411 Cs.
752 1382 817 1411 Da-

53 1428 112 1457 vis.
136 1424 229 1457 adh.
255 1425 276 1456 l.
338 1426 459 1456 Schinz
488 1391 568 1455 Llex.
601 1424 667 1456 Cic.
692 1436 723 1455 v.
749 1435 817 1464 my-

53 1473 201 1510 sterium,
227 1472 347 1502 Miiller.
372 1469 414 1500 ad
436 1469 477 1500 de
503 1471 592 1500 Orat.
613 1471 667 1502 [ll.
688 1467 782 1508 20,·
769 1469 815 1502 15.

53 1527 85 1557 p.
104 1513 181 1547 475.
204 1522 237 1546 et
261 1526 342 1557 quos
365 1517 464 1546 Moser
488 1514 599 1546 laudat
628 1517 817 1546 Sanctocru-

53 1563 137 1592 cium
169 1562 230 1591 Sur
262 1560 309 1591 les
344 1560 503 1602 mysteres
538 1560 580 1590 du
617 1561 814 1602 pagunisme.

54 1605 154 1637 Paris.
191 1603 287 1638 1817.
322 1604 382 1636 Ed.
405 1606 442 1636 ll.
493 1607 721 1645 Ouwarosfium
755 1606 816 1635 Sur

54 1650 100 1681 les
125 1656 222 1692 myst.
247 1649 418 1682 d'Eleusis.
449 1649 548 1681 Puris.
579 1647 673 1681 1516.
709 1648 801 1680 ed.'‘
782 1661 815 1682 o.

122 1700 187 1727 lum
210 1695 353 1738 denique]
381 1695 531 1732 Gravius,
557 1706 653 1737 quum
675 1698 738 1726 lum
763 1696 816 1726 de-

53 1751 170 1772 mum.-
198 1740 297 1771 Recte
319 1742 486 1780 Seyfferlus
505 1739 547 1770 ad
569 1740 656 1771 Lael.
682 1739 736 1776 22,
761 1738 816 1771 64.

54 1798 86 1828 p.
102 1782 185 1817 4159:
214 1789 301 1823 „lum
321 1786 462 1825 denique,
485 1787 570 1816 daun
590 1787 723 1823 endlich,
748 1784 816 1815 bez.

54 1830 87 1862 d.
111 1830 262 1861 Rcsultat
295 1829 348 1861 od.
374 1830 406 1860 d.
430 1830 561 1861 Schluss
585 1830 674 1861 einer
697 1828 817 1860 Haud-

53 1875 130 1917 luug
166 1875 219 1907 od.
254 1875 342 1906 eines
366 1875 566 1913 Zustandes:
604 1874 719 1916 dageg.
753 1878 818 1905 lum

53 1922 198 1959 demum,
223 1922 308 1952 daim
333 1924 410 1958 ersl,
436 1920 536 1950 licisst
556 1919 687 1960 spinos,
714 1919 760 1950 als
784 1929 817 1948 es

52 1965 239 2008 geschcheu
273 1964 371 1995 sollte
409 1963 463 1994 od.
501 1964 663 1995 konute.“
728 1963 818 1994 Infra

55 2009 152 2047 c.3l,
178 2008 232 2041 Τι’).
273 2010 326 2040 111.
352 2008 416 2046 31,
443 2006 502 2039 75:
536 2020 618 2051 quae
643 2013 706 2040 lum
732 2010 817 2040 deni-

55 2064 112 2094 que
137 2065 201 2084 uon
228 2053 412 2096 appellatur
437 2065 571 2091 recens,
598 2065 695 2096 quum
720 2060 816 2084 vetu-

55 2105 141 2130 state
176 2098 312 2129 exaruit.
360 2098 453 2129 Plura
487 2100 635 2141 exempla
671 2098 817 2140 college-

55 2150 131 2176 runt
156 2145 288 2176 Ochsner
314 2143 380 2175 Ecl.
406 2144 470 2176 Cic.
498 2156 528 2185 p.
545 2142 599 2176 70.
656 2146 756 2176 Moser
776 2143 817 2174 ad

54 2189 158 2231 Legg.
184 2190 224 2227 ΙΙ,
249 2186 280 2220 4.
307 2200 338 2231 p.
360 2186 433 2221 178.
481 2191 612 2221 Ellendt.
633 2189 676 2220 ad
699 2188 739 2220 de
763 2190 816 2219 Or.

55 2234 97 2266 ΙΙ.
124 2232 187 2271 72,
212 2232 288 2266 293.
316 2233 388 2265 Vol.
405 2235 445 2265 Il.
474 2245 506 2276 p.
524 2234 592 2265 318
609 2241 690 2265 extr.
732 2233 817 2264 Mile

55 2278 165 2320 lapsus
197 2285 247 2309 est
277 2278 308 2309 iu
333 2278 382 2310 his
408 2279 514 2310 verbis
538 2281 608 2311 Joa.
632 2281 751 2311 Bukius
774 2278 817 2310 ad

56 2323 159 2364 Legg.
187 2324 225 2354 11.
252 2321 292 2361 4,
324 2323 395 2362 1Ο.,
421 2324 474 2365 qui
499 2324 675 2366 legendum
707 2330 818 2355 censet

58 2370 122 2398 tum
147 2369 280 2398 demum.

126 2413 179 2451 qui
199 2429 242 2434 —
265 2412 457 2442 didicissent
484 2413 533 2443 De
554 2413 763 2445 coniunctixo
787 2425 817 2445 v

59 2457 186 2488 Ramsh.
215 2455 252 2486 L.
270 2456 326 2487 Gr.
360 2455 486 2498 §.1332
533 2459 668 2489 Kiihner.
691 2461 719 2517 §.
743 2455 816 2496 146,

57 2499 89 2533 3.
115 2501 158 2541 e3.
206 2500 255 2530 De
280 2500 418 2542 praemis
421 2512 457 2530 so
481 2511 518 2532 ea
544 2513 572 2532 v.
594 2502 636 2533 ad
659 2514 685 2533 c.
701 2502 732 2534 ὀ.
744 2503 815 2533 init.

125 2547 254 2577 tractari·
285 2549 391 2585 coepta
423 2548 505 2589 sunt]
543 2545 595 2576 Sic
629 2558 655 2577 c.
685 2547 743 2578 '11
777 2546 818 2577 de

60 2590 248 2622 coniectura
271 2592 364 2622 Keilii
389 2590 423 2632 (l.
451 2590 481 2622 d.
510 2602 540 2633 p.
565 2591 641 2629 XI.)
669 2597 702 2622 et
726 2593 818 2623 Mad-

58 2637 134 2676 vigii
160 2644 203 2676 gv.
228 2637 370 2675 Tregderi
392 2635 495 2677 praef.
520 2648 549 2677 p.
567 2636 673 2669 XVU
692 2635 817 2677 scripsi.

61 2680 97 2712 R.
125 2679 209 2711 Gud.
236 2679 264 2711 1.
290 2681 329 2711 ll.
352 2680 456 2712 Marb.
477 2680 574 2712 vind.
600 2679 630 2711 2.
653 2679 718 2711 duo
736 2682 816 2711 Oxx.

59 2725 213 2756 exhibent
238 2728 372 2756 tractare
395 2729 580 2765 coepissenl‚·
606 2727 658 2756 01.
688 2737 716 2756 c.
741 2724 818 2755 reli-

62 2769 130 2811 quis
153 2769 242 2800 libris
265 2773 395 2802 tractari
417 2774 591 2810 coepissent.
631 2770 769 2801 COEPT
772 2772 818 2800 Λ-

63 2814 178 2847 SVNT
197 2814 294 2846 facile
312 2827 329 2845 a
345 2814 484 2846 librariis
505 2814 691 2857 permisceri
712 2813 820 2857 potuit

64 2868 136 2888 cum
160 2859 438 2892 COEPISSENT.
487 2860 629 2892 1'1imum
655 2859 732 2902 quid
757 2858 819 2890 sibi

62 2901 142 2934 velit
163 2903 346 2935 coniunctiv
351 2916 386 2936 us
407 2908 583 2945 coepissent,
608 2904 745 2936 difficile
770 2911 820 2936 est

61 2946 104 2978 ad
123 2947 390 2990 intelligendum;
416 2949 477 2981 nisi
497 2950 585 2982 forte
608 2956 745 2993 propter
763 2961 818 2982 se-

1458 637 1529 672 50.
1562 630 1618 673 Ut

1243 628 1379 670 vivere
1387 661 1396 670 .

1018 788 1023 795 .
1048 773 1110 805 pro
1136 762 1222 805 vulg.
1248 765 1363 804 hisque.

852 852 954 884 quens
974 842 1154 873 didicissent
1175 853 1234 884 per
1254 842 1488 874 attractionem
1509 854 1618 886 quan-

852 886 949 926 dam,
985 886 1026 917 de
1051 897 1113 929 qua
1138 898 1168 918 v.
1194 887 1236 918 ad
1262 899 1288 919 c.
1318 887 1374 926 16,
1400 887 1474 928 37.,
1508 888 1617 920 dictus

850 931 1025 963 statuitur:
1052 942 1134 974 quae
1155 938 1265 964 tamen
1287 932 1372 964 ratio
1392 932 1432 964 ab
1453 933 1485 965 h.
1501 933 1536 973 l.,
1561 933 1617 965 ubi

852 988 902 1008 res
919 976 1007 1007 fucta
1019 976 1213 1019 simpliciter
1228 985 1516 1017 commemoratur,
1533 979 1617 1010 alie—-

852 1021 985 1052 nissima
1005 1021 1135 1052 videtur
1160 1034 1240 1054 esse.
1290 1023 1416 1054 Deinde
1436 1023 1617 1055 vehemen-

851 1073 904 1097 ter
929 1066 1070 1097 offendit
1095 1066 1202 1098 forma
1226 1067 1334 1098 activa
1352 1071 1519 1107 coepissent
1543 1080 1617 1100 cum

851 1110 1016 1141 infinitivo
1040 1111 1161 1152 passivi
1183 1115 1313 1143 tractari
1335 1113 1535 1145 consociata.
1575 1114 1616 1145 V.

852 1157 1037 1187 Ramshorn.
1063 1156 1099 1188 L.
1120 1156 1177 1187 Gr.
1202 1156 1321 1198 §.1614
1345 1157 1426 1189 Not.
1448 1157 1480 1190 3.
1527 1159 1617 1190 Kim-

852 1210 915 1231 ner.
938 1200 976 1231 L.
1003 1200 1060 1231 Gr.
1094 1203 1123 1242 ᾗ.
1145 1200 1219 1233 127.
1255 1201 1334 1232 Not.
1352 1201 1383 1234 3.
1444 1202 1616 1234 Constanti

853 1244 939 1275 euim
963 1256 1021 1275 usu
1044 1244 1158 1276 Cicero
1179 1245 1377 1277 infinitivum
1395 1247 1515 1288 passivi
1532 1259 1618 1279 cou—

852 1289 916 1319 iun
909 1289 957 1331 git
979 1301 1050 1320 cum
1068 1289 1220 1330 perfecto
1241 1290 1371 1332 passivo
1392 1296 1513 1332 coeptus
1537 1303 1617 1324 sum.

853 1335 944 1364 Unus
969 1334 1147 1365 infinitivus
1172 1336 1240 1375 fieri
1259 1334 1413 1367 adsciscit
1432 1337 1617 1379 perfectum

854 1378 953 1410 activi
971 1381 1068 1418 coepi,
1093 1379 1167 1421 quia
1183 1379 1317 1410 ve1bum
1339 1382 1379 1420 fio
1398 1392 1529 1424 proprie
1548 1393 1615 1414 non

853 1431 902 1455 est
927 1423 1102 1466 passivum,
1152 1424 1187 1456 C.
1208 1425 1299 1456 Brut.
1322 1425 1383 1464 27,
1413 1427 1493 1460 100·
1521 1426 1617 1458 Plura

852 1470 920 1509 fieri
935 1468 1054 1500 iudicia
1072 1480 1192 1511 coepe1
1196 1476 1263 1500 unt
1311 1470 1424 1502 Altera
1440 1482 1518 1503 vero
1533 1471 1618 1503 scri-

852 1521 948 1556 ptma
969 1518 1102 1546 tractare
1122 1517 1298 1565 coepissent,
1323 1526 1421 1557 quum
1442 1528 1506 1548 non
1527 1516 1617 1548 aliud

851 1559 1034 1590 subiectum
1059 1559 1159 1590 statui
1184 1560 1309 1601 possit,
1334 1560 1394 1592 nisi
1420 1561 1509 1604 quod
1532 1561 1617 1594 latet

851 1603 884 1634 iu
909 1606 1106 1643 didicissent,
1130 1604 1270 1635 absurda
1295 1612 1364 1644 est,
1390 1618 1495 1650 neque
1521 1607 1616 1650 quic-

851 1660 947 1691 quun
973 1649 1040 1680 luci
1043 1661 1135 1680 ιιιιιιιι·
1159 1652 1285 1689 Κῖοίιίὶ,
1309 1651 1363 1693 qui
1386 1663 1457 1683 eam
1479 1652 1617 1695 1ecepit‚

854 1694 1049 1725 Geimauica
1084 1694 1375 1736 iuterp1etatioue:
1418 1699 1492 1729 Wez‘l
1524 1708 1615 1729 man

851 1741 976 1771 damals
1001 1741 1049 1770 die
1073 1742 1190 1779 Dinye,
1223 1742 1334 1772 uelihe
1359 1752 1432 1773 mem
1460 1746 1520 1774 ersi
1541 1745 1618 1774 viele

851 1786 944 1816 Johre
968 1786 1102 1815 nachher
1135 1795 1173 1815 zu
1198 1786 1366 1817 behaudeln
1396 1789 1522 1827 anfiny,
1558 1797 1618 1818 aus

852 1831 884 1860 d.
907 1831 1024 1868 Physih
1047 1831 1123 1860 noch
1141 1831 1222 1861 nicht
1242 1832 1356 1869 yelernl
1376 1833 1478 1871 halle;
1498 1843 1573 1862 nam
1589 1831 1616 1863 si

854 1874 969 1904 Cicero
994 1873 1192 1904 seutentiam
1225 1874 1266 1904 ad
1294 1875 1480 1907 uuiversum
1513 1887 1616 1918 genus

853 1918 1023 1949 hominum
1047 1918 1172 1949 referre
1197 1918 1364 1956 voluisset,
1390 1921 1524 1952 dubium
1548 1933 1616 1953 non

854 1969 913 2001 est,
935 1963 1012 2005 quin
1036 1963 1219 1994 orationem
1240 1963 1337 2006 longe
1358 1965 1453 1996 aliter
1476 1966 1615 1998 confor-

853 2015 997 2039 maturus
1020 2008 1131 2039 fuerit.
1168 2009 1269 2040 Recte
1292 2009 1374 2040 vidit
1392 2013 1511 2042 Keilius
1530 2011 1551 2044 l.
1571 2011 1615 2052 d.‚

852 2053 933 2084 illud
955 2056 1007 2093 qui
1031 2064 1097 2084 non
1131 2053 1172 2084 ad
1198 2065 1310 2085 omnes
1336 2054 1484 2086 homines
1509 2056 1618 2098 perti-

853 2098 1021 2136 11e1e,sed
1043 2098 1085 2129 ad
1104 2110 1159 2129 eos
1181 2105 1320 2137 tautum,
1346 2101 1399 2142 qui
1422 2108 1490 2131 tum
1511 2108 1615 2142 ciant,

852 2143 907 2186 qui
926 2144 992 2186 phy
995 2144 1060 2174 sica
1078 2150 1163 2175 tract
1167 2156 1222 2175 are
1240 2156 1404 2188 nunquam
1423 2154 1614 2189 coeperunt.

919 2188 1064 2231 qhysica]
1103 2189 1144 2220 H.
1179 2200 1206 2220 e.
1241 2189 1452 2233 philosophia
1487 2199 1544 2223 aut
1578 2204 1616 2224 ea

853 2234 1082 2276 philosophiae
1119 2245 1339 2277 parS‚q11ae
1377 2236 1615 2277 posteiioribus

851 2286 981 2331 tempoi
984 2278 1054 2309 ibus
1068 2281 1279 2318 melaphysica
1291 2278 1434 2311 vocitata
1448 2287 1506 2311 est.
1531 2283 1616 2320 Phy-

851 2327 907 2356 sici
931 2324 1016 2355 enim
1037 2323 1288 2366 appellabautm
1311 2324 1437 2374 antiqui
1463 2324 1617 2366 philoso—

853 2369 919 2412 phi,
946 2369 1019 2420 quia
1043 2369 1065 2399 ii
1089 2368 1233 2399 omnium
1257 2379 1365 2399 ierum
1391 2368 1484 2400 initia
1509 2381 1527 2400 a
1551 2381 1616 2402 na-

854 2421 925 2445 tutu
949 2411 1063 2454 (φυσει
1055 2412 1076 2452 3
1098 2412 1272 2450 ducebant,
1301 2420 1335 2443 ut
1354 2413 1394 2444 ab
1413 2425 1507 2457 aqua,
1528 2414 1615 2457 igne.

919 2462 1039 2488 tautum
1063 2475 1105 2480 -—
1131 2458 1296 2499 quantum]
1333 2458 1423 2491 Haec
1456 2460 1616 2493 vocabula

852 2514 951 2544 saepe
971 2502 1034 2531 xim
1053 2500 1263 2532 deminuendi
1283 2502 1470 2536 adiunctam
1491 2504 1615 2537 habent

856 2550 926 2589 (nur
949 2557 982 2577 so
1005 2548 1084 2585 viel,
1109 2546 1181 2587 als).
1231 2548 1271 2578 ll.
1299 2546 1354 2587 19,
1391 2546 1453 2582 44:
1490 2550 1614 2592 Epicu-

853 2603 905 2622 rus
934 2597 1061 2621 tuntum
1094 2598 1227 2630 mouet,
1266 2600 1423 2635 quantum
1447 2594 1614 2638 intelligit.

856 2636 890 2666 C.
919 2636 1007 2667 lam.
1034 2636 1089 2667 IV.
1118 2636 1147 2669 7.
1174 2643 1256 2668 extr.
1290 2642 1321 2680 (a
1347 2641 1464 2671 Mosero
1489 2639 1540 2671 all
1535 2641 1612 2681 1t3

853 2680 957 2722 g1atia
982 2685 1101 2712 lantum
1126 2692 1318 2723 possumus,
1344 2689 1495 2724 quantum
1524 2685 1613 2719 victi.

855 2727 893 2757 V.
921 2727 1062 2758 Ochsner.
1089 2726 1154 2757 Ecl.
1178 2727 1243 2759 Cic.
1272 2740 1302 2770 p.
1323 2728 1395 2760 lOl.
1445 2731 1493 2760 De
1517 2730 1614 2761 simili

856 2782 911 2801 usu
939 2770 994 2804 Gr.
1018 2772 1194 2811 τοσοῦτος,
1221 2768 1348 2810 ὅσοςν.
1370 2775 1614 2806 Slallbaumium

854 2815 895 2847 ad
913 2815 992 2847 l'lut.
1012 2816 1072 2857 Rp.
1087 2817 1133 2847 Χ
1153 2829 1182 2858 p.
1201 2816 1277 2850 60&-
1297 2820 1329 2850 Β.
1352 2824 1385 2849 et
1408 2821 1460 2851 Fr.
1476 2822 1512 2850 A.
1533 2820 1613 2850 Wol-

853 2862 929 2901 fium
962 2860 1003 2892 ad
1033 2861 1202 2892 Demosth.
1229 2862 1361 2904 Leptin.
1386 2862 1470 2899 407,
1507 2863 1534 2905 {3-
1558 2863 1611 2897 ‘'7-

853 2917 885 2956 Ρ.
901 2905 976 2938 313.
1023 2906 1074 2937 De
1098 2910 1218 2938 tantum
1242 2909 1325 2946 quod
1350 2919 1376 2938 c.
1403 2907 1612 2940 coniunctivo

852 2949 969 2983 iunctis
994 2963 1023 2982 v.
1047 2950 1089 2982 ad
1113 2952 1151 2982 V.
1175 2951 1238 2991 32,
1264 2950 1316 2983 91.
