1863 3221
217 137 296 180 146

220 223 359 265 dicitur
380 220 452 262 alia
477 218 639 273 quadam
663 216 822 257 notione
844 213 969 255 verbi.

801 134 962 168 LIBER
990 135 1013 166 1.
1037 130 1104 173 37,
1130 130 1185 165 89.

1030 210 1186 253 Dicitur
1206 210 1307 251 enim
1331 210 1407 252 alio
1430 211 1544 252 modo
1566 210 1681 252 etiam
1706 222 1777 252 ca-

219 309 345 345 rere,
376 307 490 347 quum
516 290 658 345 aliquid
682 303 760 329 non
781 287 925 328 habeas
954 293 993 326 et
1011 299 1088 326 non
1116 284 1261 324 habere
1285 290 1322 324 te
1345 284 1516 335 sentias,
1550 284 1664 324 etiam
1683 284 1716 324 si
1737 284 1774 323 id

221 370 331 411 facile
354 366 515 422 patiare.
584 362 749 403 Carere
764 360 804 400 in
825 367 949 400 morte
966 361 983 385 5
1006 373 1082 398 non
1104 357 1267 407 dicitur3
1310 370 1383 396 nec
1400 356 1502 396 enini
1525 362 1630 396 esset
1646 356 1778 396 dolen·

222 444 334 492 du1n3
357 437 632 481 diciturillud:
667 435 768 475 bono
790 445 961 482 carere,
993 431 1092 485 quod
1114 437 1173 471 est
1193 429 1349 469 malurn.
1393 427 1471 470 Sed
1493 442 1541 468 ne
1560 427 1673 468 vivus
1697 427 1779 482 qui-

222 516 306 556 dem
338 514 440 554 bono
473 517 608 559 caret,
648 508 680 548 si
719 521 765 547 eo
806 521 881 546 uon
919 505 1080 558 indiget.
1144 501 1222 543 Sed
1256 502 1294 541 in
1329 502 1421 543 vivo
1456 501 1619 554 intelligi
1653 508 1779 541 tamen

223 593 371 642 potest,
414 597 536 638 reguo
568 584 639 623 te⁶
673 593 833 631 carere3
878 578 951 618 dici
977 584 1104 618 autem
1135 577 1206 616 hoc
1233 575 1273 615 in
1299 581 1337 615 te
1362 574 1458 615 satis
1485 573 1679 614 subtiliter
1702 587 1780 613 non

223 666 372 716 potest3
404 663 537 713 posset
552 658 571 682 ⁷
595 654 635 695 in
657 652 889 707 Tarquinio,
923 665 1037 704 quum
1060 663 1181 703 regno
1201 655 1306 689 esset
1323 647 1532 702 expulsusz,
1567 654 1606 687 at
1621 646 1660 686 in
1677 660 1780 686 mor-

224 743 289 774 tuo
315 745 364 772 ne
391 728 557 783 intelligi
587 727 738 782 quidem
759 728 804 776 83
837 737 974 765 carere
1001 723 1100 763 enim
1129 723 1334 763 sentientis
1359 727 1444 772 est,
1477 734 1549 761 nec
1576 733 1716 761 sensus
1741 724 1781 760 in

225 811 402 854 mortuo3
437 806 518 843 ne⁹
553 814 691 841 carere
722 798 874 853 quidem
906 797 1024 851 igitur
1053 797 1092 836 in
1124 802 1277 836 mortuo
1307 801 1382 835 est.

335 873 563 917 XXXVII.

226 965 339 1006 quum
360 963 442 990 rem
461 962 540 988 non
560 959 699 1000 magno
721 957 837 998 opere
857 942 1098 997 philosophia
1118 954 1235 995 egere
1252 941 1482 982 videamus?
1523 938 1691 992 Quoties
1706 952 1785 978 non

626 879 696 914 89.
731 870 960 924 Quanquam
996 869 1084 923 quid
1117 882 1214 923 opus
1244 867 1365 909 estin
1403 866 1474 907 hoc
1503 864 1780 920 philosophari,

225 1024 339 1064 modo
370 1023 551 1061 ductores
583 1018 733 1067 nostri,
775 1017 842 1056 sed
881 1015 1053 1055 universi
1090 1015 1205 1054 etiam
1232 1013 1432 1053 exercitus
1457 1013 1501 1052 ad
1528 1026 1605 1051 non
1631 1011 1783 1051 dubiam

226 1101 389 1135 mortem
415 1096 697 1132 concurrerunt
713 1091 726 1115 ¹
747 1089 757 1128 l
819 1086 932 1140 Quae
958 1086 1109 1140 quidem
1133 1086 1166 1126 si
1186 1086 1411 1134 timeretur,
1445 1098 1523 1124 non
1545 1082 1596 1124 L.
1618 1081 1782 1134 Brutus,

225 1180 365 1208 arcens
392 1178 480 1205 eum
506 1162 634 1204 reditu
657 1168 890 1216 tyrannum⁷
922 1173 1034 1213 quem
1056 1158 1137 1212 ipsc
1159 1158 1390 1212 expulerat,
1423 1157 1461 1197 in
1485 1156 1632 1211 proelio
1655 1156 1787 1198 conci·

227 1240 370 1290 disset3
403 1252 482 1278 non
505 1250 592 1276 cum
609 1233 764 1275 Latinis
791 1233 997 1274 decertans
1020 1238 1130 1286 pater
1150 1230 1321 1282 Decius,
1355 1244 1442 1271 cum
1464 1228 1646 1270 Etruscis
1667 1230 1784 1280 filius,

319 1346 339 1377 ἶ)
363 1344 417 1376 Sic
439 1344 477 1374 R.
502 1342 588 1374 Gud.
612 1342 641 1373 1.
662 1342 703 1373 11.
734 1340 854 1382 aliique
882 1339 977 1370 multi
1001 1337 1116 1373 cod‹l.;
1154 1339 1227 1369 Vat.
1252 1337 1373 1381 aliique
1396 1337 1490 1369 multi
1513 1340 1622 1370 Carere
1650 1339 1731 1368 enim
1753 1338 1788 1368 in

229 1395 344 1429 morum·
369 1391 422 1420 Or.
439 1400 465 1420 c.
479 1388 511 1418 b.
534 1394 566 1418 et
587 1385 661 1417 edd.
685 1391 765 1417 vett.
787 1385 870 1416 S.E.
899 1386 1011 1416 Carere
1034 1385 1066 1414 in
1087 1385 1195 1423 τηαῐος
1219 1393 1342 1425 paucae
1367 1382 1442 1413 edd.
1466 1389 1546 1414 vett.
1574 1384 1684 1414 Carere
1706 1383 1787 1412 euim

231 1439 263 1467 in
291 1436 395 1473 mal03
430 1432 513 1463 aliae
542 1441 664 1473 paucae
691 1432 802 1462 Carere
830 1431 910 1461 enim
933 1430 1039 1468 malo5
1071 1428 1129 1458 Tr.
1155 1438 1172 1458 e
1198 1427 1282 1458 coni.
1309 1427 1454 1469 Madvig.
1482 1428 1595 1469 [malo]
1629 1435 1733 1458 carere
1756 1427 1790 1457 i‘n

230 1482 345 1511 morte:
381 1476 470 1520 quod
491 1475 611 1518 probat
635 1477 711 1506 Wes.
733 1476 756 1505 Ι.
781 1485 814 1516 p.
830 1473 902 1510 15.;
937 1472 1026 1503 Keil.
1049 1471 1071 1503 l.
1093 1471 1124 1503 d.
1147 1483 1178 1514 p.
1198 1473 1307 1503 Xvn.
1336 1472 1420 1504 coni.
1449 1474 1532 1503 iam
1557 1480 1660 1503 carere
1680 1472 1788 1501 malo

232 1526 263 1556 in
283 1526 398 1554 morte:
424 1520 512 1564 quod
528 1519 585 1551 Kl.
605 1519 639 1550 in
655 1518 736 1550 Add.
761 1530 793 1561 p.
803 1516 856 1550 44.
880 1517 928 1549 sic
947 1524 1074 1548 mutare
1098 1516 1209 1547 malit:
1238 1519 1348 1549 Carere
1368 1519 1481 1548 malo
1502 1519 1533 1548 in
1555 1519 1658 1547 morle.
1698 1515 1790 1546 Con-

232 1568 356 1600 iectura
380 1578 446 1598 non
472 1571 522 1596 est
543 1575 634 1607 opus,
683 1565 723 1595 V.
742 1562 828 1595 Adn.
885 1559 907 1593 6
929 1562 982 1593 Sic
1005 1564 1059 1593 Or.
1083 1573 1110 1593 c.
1131 1562 1167 1592 R.
1193 1561 1277 1593 Gud.
1293 1562 1320 1593 1.
1348 1563 1388 1592 ΙΙ.
1405 1560 1437 1592 2.
1465 1561 1495 1592 b.
1521 1560 1657 1602 aliisque
1678 1558 1790 1590 multis

235 1612 332 1644 codd.
380 1610 489 1652 Vulgo
511 1614 538 1642 Ie
559 1608 684 1647 omitt.,
712 1607 801 1651 quod
822 1607 965 1649 probant
984 1606 1100 1637 iniuria
1120 1607 1246 1648 Wopk.
1269 1613 1302 1637 et
1322 1605 1430 1637 Hand.
1455 1618 1486 1648 p.
1500 1603 1554 1637 75.
1602 1603 1623 1637 7
1647 1606 1724 1636 Ern.
1747 1603 1790 1635 de

235 1657 319 1689 coni.
342 1658 499 1697 potuisset.
547 1655 690 1685 Frustra.
737 1654 777 1685 V.
799 1652 841 1683 ad
863 1664 890 1683 c.
916 1650 967 1689 1⁴2,
992 1650 1045 1684 27.
1093 1650 1115 1682 8
1139 1651 1193 1682 Sic
1213 1653 1266 1682 Or.
1283 1662 1309 1682 c.
1326 1652 1363 1682 R.
1380 1650 1465 1682 Gud.
1484 1650 1510 1684 1.
1535 1652 1575 1682 ΙΙ.
1592 1649 1622 1681 2.
1647 1649 1680 1680 b.
1702 1648 1790 1680 mul·-

234 1701 340 1744 tisque
370 1700 439 1732 aliis
472 1698 591 1735 codd.;
624 1697 682 1729 sed
705 1708 818 1729 omnes
850 1697 922 1728 fere
941 1695 1015 1727 edd.
1039 1702 1120 1727 vett.
1152 1697 1275 1735 quidem
1302 1700 1408 1735 potest.
1464 1693 1486 1727 9
1514 1694 1680 1727 Immerito
1702 1695 1787 1725 Mos.

233 1745 363 1788 scripsit
387 1755 442 1777 uec
464 1755 490 1775 e.
515 1743 600 1774 Gud.
627 1744 650 1774 I.
674 1743 713 1773 ΙΙ.
734 1741 765 1773 2.
791 1745 872 1784 Aug.
894 1740 1000 1772 Marb.
1020 1741 1157 1783 aliisque
1178 1740 1270 1771 mult.
1297 1740 1393 1772 codd.
1420 1746 1452 1771 et
1478 1740 1588 1771 multis
1609 1739 1685 1770 edd.
1707 1744 1792 1770 vett.

235 1802 295 1834 pro
318 1789 403 1832 vulg.
424 1799 482 1827 ne,
506 1787 594 1830 quod
621 1787 720 1818 etiam
745 1787 783 1818 R.
808 1792 931 1817 tuetur.
977 1786 1018 1817 V.
1039 1785 1081 1817 ad
1103 1797 1132 1817 c.
1154 1783 1216 1824 29,
1242 1783 1297 1816 71.
1344 1786 1526 1816 XXXVII.
1575 1784 1589 1815 1
1618 1797 1649 1816 v.
1671 1783 1755 1816 Adn.

299 1866 402 1889 carere
429 1858 461 1887 in
480 1858 574 1886 morte
602 1864 662 1885 mm
684 1854 812 1895 dicitur]
843 1855 997 1891 Inmmorle

234 1909 284 1934 est
307 1904 333 1934 si
355 1903 424 1941 quis
446 1903 585 1931 mortuus
607 1902 660 1930 est.
707 1897 879 1929 Sententia
896 1897 996 1939 igitur

234 1948 316 1979 haec
338 1952 404 1977 est:
432 1946 467 1976 In
490 1950 636 1975 mortuos
659 1954 725 1974 non
750 1942 837 1974 cadit
859 1942 994 1974 verbum

235 1990 388 2028 carendi;
412 2000 487 2021 nam
509 1988 535 2019 si
558 1987 678 2019 mortui
700 1986 764 2018 dici
786 1994 921 2029 possent
938 1999 993 2019 ca-

236 2047 318 2073 rere,
344 2045 400 2065 eos
421 2033 535 2064 dolere
553 2042 687 2063 necesse
709 2037 814 2071 esset,
840 2031 913 2074 quia
937 2043 995 2063 ca—

236 2091 307 2112 rere
327 2079 392 2110 hoc
413 2077 596 2119 significat:
622 2087 718 2119 egere
739 2086 778 2107 eo
791 2100 798 2114 ‚
824 2076 913 2118 quod
932 2076 994 2107 ha-

237 2125 316 2156 bere
339 2121 443 2160 velis,
478 2127 553 2159 aut,
579 2120 668 2162 quod
692 2119 780 2150 idern
805 2126 874 2159 est,
906 2120 997 2151 bono

239 2179 368 2204 carere;
393 2177 503 2197 carere
517 2171 626 2196 autem
640 2165 729 2195 bono
746 2163 780 2194 id
795 2170 844 2195 est
858 2164 976 2195 mulum
990 2177 996 2201 3

238 2212 329 2255 atqui
349 2210 470 2242 mortui
490 2209 569 2241 nihil
589 2209 753 2246 sentiunt3
779 2220 857 2250 ergo
880 2220 921 2240 ne
946 2220 998 2239 ca-

237 2268 310 2289 rere
333 2254 465 2299 quidem
489 2253 609 2285 mortui
633 2253 698 2285 dici
723 2259 871 2295 possunt.
920 2253 996 2284 Dis-

237 2302 340 2345 plicet
363 2300 469 2337 ratio,
495 2310 556 2341 qua
581 2300 712 2330 Orellius
730 2297 829 2329 verba
849 2300 881 2329 in
903 2302 999 2329 morte

239 2345 406 2389 explanari
438 2355 536 2387 posse
567 2349 697 2374 censet:
739 2343 871 2382 „Nemo
902 2342 998 2373 facile

240 2390 360 2422 dixerit
382 2393 476 2422 morte
501 2398 611 2427 careo,
635 2398 674 2419 eo
697 2387 770 2429 ipso
791 2398 907 2425 sensu,
933 2398 997 2429 quo

239 2436 344 2466 minus
361 2434 494 2477 proprie
510 2432 646 2464 dicimus
657 2433 733 2471 febri
746 2442 855 2472 σαν-ειη
877 2431 998 2474 quippe

240 2490 338 2522 quum
360 2490 447 2510 mors
477 2490 518 2509 ne
540 2489 579 2509 eo
602 2476 733 2520 quidem
760 2488 855 2508 sensu
878 2476 998 2508 malum

241 2523 303 2559 sit,
329 2535 435 2565 neque
457 2522 556 2564 igitur
577 2521 754 2553 dolendum
768 2546 776 2560 ‚
799 2528 907 2553 morte
931 2532 997 2552 uon

243 2579 364 2607 carcre,
391 2573 425 2597 ut
450 2567 530 2597 febri
555 2578 617 2596 non
645 2570 791 2597 carere.“
840 2568 896 2608 (At
920 2567 999 2597 Hor.

243 2613 278 2644 C.
302 2613 342 2643 ΙΙ.
373 2610 416 2648 8,
444 2611 500 2642 12:
544 2612 638 2642 Divos
660 2615 756 2642 morte
779 2615 916 2643 carentes
937 2611 999 2642 alia

242 2655 428 2690 sententia.)
472 2654 587 2686 luiuria
610 2654 663 2686 hic
684 2654 775 2686 locus
797 2655 895 2686 variis
916 2667 998 2688 con-

241 2700 373 2733 iecturis
407 2711 425 2731 a
450 2700 519 2731 VV.
545 2699 614 2731 DD.
641 2705 690 2729 est
721 2706 876 2733 tentatus.
925 2701 999 2732 vid.

243 2748 281 2778 V.
305 2748 375 2776 Ser.

297 2792 360 2822 Sed
372 2799 409 2821 ne
424 2788 528 2829 vivus]
557 2786 667 2818 Paullo
683 2793 759 2827 post
775 2788 912 2819 recurrit
926 2791 999 2821 sed:

242 2834 332 2879 quod
351 2834 436 2866 male
467 2843 527 2863 nos
550 2831 670 2862 habere
699 2842 765 2862 non
789 2832 898 2863 debet.
946 2833 1000 2865 Sic

243 2879 404 2923 repetitur
427 2878 468 2909 de
486 2877 556 2908 Fin.
572 2877 609 2908 V.
624 2874 678 2913 29,
693 2875 753 2907 &92
781 2876 833 2907 ubi
856 2880 998 2910 Goerenz.

244 2937 276 2967 p.
292 2924 369 2957 645.
394 2934 500 2964 comp.
526 2921 567 2952 de
593 2919 689 2951 offic.
712 2921 737 2951 1.
770 2919 820 2960 lb,
844 2920 897 2952 (ΞΟ.
946 2922 997 2955 Cf.

242 2969 283 3001 ad
309 2981 335 3000 o.
352 2968 415 3008 22,
440 2969 493 3000 52.
521 2972 552 2997 et
577 2964 722 2997 Iudicem
746 2976 776 2995 v.
798 2966 953 3005 Repetitio.

1097 1861 1134 1884 ne
1154 1854 1284 1893 intelligi
1298 1851 1437 1895 quidem]
1456 1853 1504 1882 Ex
1519 1851 1792 1882 antecedentibus

1030 1896 1244 1938 repetendum
1264 1901 1373 1936 potest,
1396 1897 1485 1939 quod
1507 1896 1583 1928 edd.
1606 1902 1688 1928 vett.
1706 1895 1792 1927 male

1030 1941 1167 1972 addunt.
1211 1943 1405 1973 V.Goerenz.
1418 1941 1459 1972 ad
1471 1942 1543 1973 Fin.
1559 1943 1582 1972 Ι.
1604 1943 1655 1980 18,
1671 1942 1724 1973 58.
1748 1940 1791 1972 ad

1031 1986 1134 2018 Acad.
1160 1987 1202 2017 ΙΙ.
1226 1985 1281 2018 3¹2.
1306 1997 1339 2028 p.
1362 1987 1432 2019 155.
1457 1988 1498 2019 ΙΙ,
1524 1983 1575 2025 14,
1600 1984 1654 2018 44.

1100 2031 1371 2062 CARXXXVH.
1399 2030 1493 2072 §.8st
1527 2041 1622 2071 quum
1645 2031 1723 2072 rem]
1749 2031 1790 2062 V.

1030 2075 1071 2106 ad
1096 2076 1159 2113 21,
1184 2073 1249 2107 49:
1274 2074 1370 2113 vide,
1396 2074 1473 2117 quid
1492 2075 1618 2107 homini
1637 2075 1790 2106 tribuam.

1098 2129 1159 2150 non
1182 2121 1273 2150 modo
1296 2121 1438 2151 ductores
1457 2123 1565 2159 nostri,
1585 2122 1638 2152 sed
1657 2122 1796 2152 maiversi

1032 2166 1123 2195 etiam
1144 2163 1306 2205 exercitus]
1341 2163 1390 2194 Ob
1412 2175 1440 2194 v.
1463 2167 1598 2196 universi
1622 2171 1791 2206 exspectes

1033 2207 1175 2239 fortasse
1195 2217 1256 2238 ποη
1275 2209 1366 2239 modo
1390 2226 1444 2246 -,
1467 2210 1532 2247 sed,
1557 2208 1676 2240 omisso
1698 2211 1792 2240 etiam

1035 2254 1079 2294 (v.
1104 2263 1163 2282 nos
1186 2251 1217 2282 in
1242 2252 1297 2283 Gr.
1322 2252 1360 2283 L.
1385 2252 1499 2294 §.135
1522 2252 1602 2284 Not.
1618 2252 1706 2293 14.);
1731 2251 1792 2284 sed

1033 2303 1123 2328 recte
1147 2295 1293 2328 additum
1324 2303 1373 2327 est
1397 2299 1508 2336 etiam,
1543 2297 1617 2340 quia
1641 2296 1791 2328 ductori-

1032 2341 1091 2373 bus
1118 2341 1278 2384 (singulis)
1304 2348 1516 2384 opponuntur
1546 2344 1682 2374 universi
1705 2351 1792 2375 exer-

1031 2389 1119 2418 citus.

1099 2430 1330 2473 concurrerunt]
1357 2430 1438 2462 Cod.
1465 2430 1587 2469 Ursini,
1613 2442 1693 2462 unus
1718 2432 1790 2468 Ox„

1034 2475 1180 2507 nonnull.
1215 2475 1292 2506 edd.
1324 2481 1406 2506 vett.
1437 2475 1551 2517 legunt
1581 2478 1794 2513 cucurreram,

1035 2520 1181 2551 nonnull.
1215 2519 1290 2551 edd.
1323 2526 1401 2551 vett.
1426 2530 1594 2552 cucurrere.
1645 2521 1792 2550 Praestat

1033 2564 1103 2595 sine
1127 2564 1228 2596 dubio
1261 2563 1500 2606 compositum,
1536 2563 1624 2606 quod
1648 2564 1793 2595 Handz'us

1033 2609 1075 2640 ud
1088 2610 1268 2652 XVopkens.
1285 2610 1392 2639 Lectt.
1407 2608 1492 2640 Tull.
1508 2609 1531 2638 Ι.
1547 2610 1578 2639 9.
1593 2620 1623 2650 p.
1636 2607 1688 2640 76.
1702 2614 1792 2639 recte

1035 2654 1176 2696 explicat
1199 2656 1236 2686 de
1253 2663 1402 2685 concursu
1419 2654 1529 2692 proelii
1546 2654 1578 2683 in
1596 2654 1648 2683 via
1670 2653 1712 2683 od
1730 2662 1792 2684 non

1034 2701 1163 2731 dubiam
1188 2703 1322 2730 mortem.
1379 2696 1521 2728 Eandem
1553 2708 1621 2728 rem
1646 2706 1793 2728 comme-

1034 2751 1142 2775 morat
1165 2743 1251 2774 infra
1276 2741 1337 2780 42,
1365 2742 1444 2774 lOl:
1479 2741 1532 2771 ubi
1555 2753 1586 2771 v.
1612 2741 1791 2774 Adnotata.

1103 2791 1129 2820 si
1150 2791 1306 2819 timeretur
1327 2805 1370 2810 —-
1394 2787 1588 2827 concidisset]
1622 2787 1662 2817 V.
1686 2786 1728 2817 ad
1761 2797 1790 2818 c.

1036 2832 1095 2871 1⁴2,
1123 2833 1176 2866 27.

1099 2887 1170 2909 cum
1182 2877 1300 2915 Pyrrho
1319 2876 1426 2916 nepos]
1454 2874 1508 2906 Sic
1524 2874 1590 2907 Fin.
1606 2876 1647 2906 II.
1665 2874 1714 2915 19,
1726 2874 1787 2908 61:

1034 2933 1163 2964 „neque
1185 2931 1284 2963 porro
1309 2931 1347 2951 ex
1372 2930 1411 2950 eo
1431 2926 1543 2957 natus,
1569 2931 1642 2951 cum
1662 2919 1789 2963 Pyrrho

1034 2965 1155 2998 belliun
1175 2975 1301 3008 gerenS,
1317 2964 1430 2996 consul
1451 2963 1622 2997 cecidisset
1637 2964 1669 2996 iu
1686 2974 1785 3007 proe-
