1832 3137
616 133 778 166 Linea
806 134 859 167 ιν.
887 132 951 175 38,
976 132 1030 168 83.
1053 132 1107 167 84.
1551 124 1624 167 391

79 211 138 252 vis
169 216 229 250 est
261 223 334 250 nec
366 210 526 250 multum
557 211 685 251 differt
714 211 761 252 ab
793 213 984 264 anientia,
1028 220 1154 253 tamen
1179 213 1265 253 ita2
1296 222 1472 266 eeteros,
1512 230 1626 269 quum

80 286 201 323 ειιιιῑ3
228 283 267 322 in
289 282 413 336 aliqua
447 283 737 337 perturbatione
761 291 826 324 aut
858 292 982 324 metus
1009 292 1074 326 aut
1101 286 1270 326 laetitiae
1301 294 1367 328 aut
1389 287 1623 343 cupiditatis,

78 363 293 397 commotos
316 356 428 396 modo
451 364 488 396 et
513 357 758 410 perturbatos
783 357 911 396 dicere
937 358 1132 409 solemus3
1166 366 1205 399 at
1224 373 1317 411 eos,
1351 359 1412 414 qui
1435 374 1478 401 se
1501 362 1627 415 aegri-

77 428 197 469 tudini
241 429 495 480 dediderunt,
548 430 711 470 miseros
730 461 740 479 ,
790 430 950 469 afflictos
967 462 976 480 ,
1036 444 1314 484 aerumnosos,
1363 433 1623 474 calamitosos.

74 507 143 542 85.
179 499 314 555 ltaque
340 516 415 542 non
439 502 596 542 fortuito
623 503 760 542 factum
788 502 961 551 videtur,
996 503 1062 542 sed
1091 518 1112 543 a
1137 511 1173 544 te
1196 506 1346 546 ratione
1371 506 1624 561 propositum,

75 581 118 614 ut
136 575 344 629 separatim
372 575 418 614 de
445 574 687 628 aegritudine
717 582 756 614 et
779 575 826 614 de
854 575 996 615 ceteris
1030 576 1383 629 perturbationibus
1412 580 1627 634 disputare-

76 662 184 698 mus,
226 648 264 688 in
289 661 334 688 ea
362 655 421 688 est
444 662 544 688 enim
579 649 664 687 lons
687 647 930 687 miseriarum
960 654 997 686 et
1020 655 1145 702 eaput.
1211 647 1288 690 Sed
1311 658 1347 690 et
1375 652 1630 704 aegritudinis

76 727 115 760 et
136 721 372 775 reliquorum
394 720 510 761 animi
531 720 752 760 morborum
774 734 850 760 una
867 721 1019 760 sanatio
1037 728 1113 771 est,
1146 735 1281 761 omnes
1303 723 1516 776 opinabiles
1540 738 1627 766 esse

75 801 111 834 et
140 793 381 834 voluntarios
417 807 463 833 ea
503 796 657 847 reque4
691 792 858 847 suscipi,
901 793 1001 846 quod
1033 792 1085 833 ita
1122 800 1272 834 rectum
1306 808 1394 835 esse
1435 797 1625 837 videatur.

73 865 188 906 Hunc
209 879 399 917 errorem,
435 866 542 920 quasi
568 866 736 906 radicem
759 866 945 906 malorum
967 866 1153 917 omnium,
1187 866 1363 921 stirpitus
1390 868 1627 923 philosophia

75 952 118 979 se
140 946 406 979 extracturam
435 939 653 994 pollicetur.
717 944 786 980 84.
821 937 971 979 Demus
995 939 1145 992 igitur⁵
1176 953 1248 979 nos
1278 940 1364 980 huic
1390 942 1629 982 excolendos

74 1012 338 1067 patiamurque
372 1026 444 1052 nos
477 1012 624 1053 sanari.
686 1010 760 1052 His
796 1011 897 1051 enim
934 1011 1044 1051 malis
1076 1012 1357 1064 insidentibus,
1399 1028 1477 1054 non
1517 1017 1629 1056 modo

73 1085 191 1136 beati,
226 1086 292 1125 sed
315 1099 363 1125 ne
386 1085 468 1126 sani
486 1085 637 1138 quidem
658 1098 745 1125 esse
768 1099 988 1140 possumus.
1050 1085 1132 1125 Aut
1152 1085 1268 1138 igitur
1286 1098 1489 1140 negemus,
1524 1090 1629 1143 quic-

72 1172 186 1212 quam
217 1159 370 1199 ratione
394 1158 554 1209 confici,
596 1172 711 1212 quum
740 1164 875 1199 contra
902 1157 995 1197 nihil
1020 1157 1104 1198 sine
1127 1158 1281 1199 ratione
1303 1166 1410 1200 reete
1434 1161 1516 1201 fieri
1542 1175 1629 1216 pos—

73 1232 146 1283 sit,
187 1239 275 1283 aut,
318 1246 433 1286 quum
457 1231 695 1286 philosophia
726 1245 778 1271 ex
812 1230 1004 1270 rationum
1039 1230 1245 1271 collatione
1275 1239 1448 1284 constet,
1492 1234 1538 1274 ab
1567 1248 1626 1285 ea,

72 1306 104 1345 si
135 1312 174 1346 et
190 1305 280 1346 boni
302 1313 339 1345 et
360 1305 459 1345 beati
478 1304 656 1345 volumus
686 1318 797 1357 esse,
832 1303 961 1345 omnia
983 1303 1206 1346 adiumenta
1226 1311 1265 1345 et
1284 1305 1430 1346 auxilia
1454 1313 1627 1362 petamus

73 1379 172 1420 bene
200 1379 392 1432 beateque
421 1377 594 1419 vivendi.

162 1478 184 1512 3
208 1479 262 1512 Sic
287 1481 340 1510 Or.
362 1490 390 1510 c.
408 1479 448 1510 R.
469 1479 505 1510 P.
529 1478 614 1510 Gud.
641 1478 670 1510 1.
695 1479 735 1510 11.
757 1478 789 1510 b.
814 1477 969 1521 aliisque3
995 1477 1049 1510 alii
1072 1481 1142 1510 sint.
1188 1478 1287 1510 Male.
1335 1476 1356 1511 4
1381 1478 1435 1510 Sic
1459 1482 1512 1511 Or.
1539 1491 1564 1512 c
1590 1482 1627 1512 R.

76 1526 112 1557 P.
137 1524 222 1556 Gud.
240 1524 269 1556 1.
296 1523 362 1567 (hic
387 1533 466 1564 quae
488 1535 550 1566 pro
572 1524 641 1565 que)
667 1523 803 1566 aliisque
825 1530 858 1554 et
879 1522 1043 1554 nonnullis
1066 1523 1141 1557 edd.
1165 1529 1248 1556 vett.
1267 1535 1327 1566 pro
1354 1523 1440 1565 vulg.
1462 1534 1557 1565 eaque
1577 1535 1630 1565 re,-

74 1570 201 1609 „verba
220 1579 255 1602 ea
277 1579 310 1602 re
332 1568 365 1600 in
389 1580 487 1600 unum
509 1569 598 1611 quasi
622 1569 757 1600 verbum
780 1568 982 1608 enahim-,unt
1008 1575 1043 1600 ut
1068 1578 1176 1609 quare,
1200 1570 1377 1609 quomodo“
1401 1569 1456 1600 W.
1503 1569 1523 1600 5
1548 1570 1630 1601 Tres

74 1617 153 1648 Oxx.
178 1621 213 1646 et
234 1614 357 1646 multae
382 1613 457 1645 edd.
482 1619 564 1645 vett.
590 1623 671 1654 ergo.

73 1683 128 1714 der
151 1693 170 1713 e
193 1681 233 1712 R.
259 1687 292 1712 et
316 1682 349 1712 P.
373 1680 504 1724 scripsit
526 1682 726 1720 quadriduo,
761 1679 836 1721 quia

72 1727 106 1758 in
130 1726 168 1757 iis
193 1725 380 1764 vocabulis,
417 1737 501 1768 quae
523 1737 540 1756 a
564 1728 710 1765 quattuor
733 1724 836 1756 duce—

74 1778 197 1811 rentur,
223 1782 353 1813 semper
375 1770 644 1813 pronuntiaretur
668 1771 688 1800 d
711 1775 788 1800 ante
809 1780 837 1810 r,

74 1822 107 1848 ut
131 1817 355 1856 quadraginta,
375 1817 606 1855 quadringenti,
630 1816 837 1854 quadruplus,

71 1863 345 1902 quadrupertitas,
368 1862 525 1900 quadrare
550 1859 619 1891 rell.

139 1905 197 1948 ita]
225 1907 387 1937 Schu'tzius
400 1905 485 1936 hanc
507 1904 658 1936 voculam
681 1910 717 1935 ut
739 1903 836 1946 plane

74 1951 214 1984 otiosam
239 1950 386 1981 exsulare
409 1949 512 1987 iussit,
537 1950 594 1981 W.
616 1955 649 1979 et
671 1951 723 1979 Or.
745 1948 834 1979 uncis

72 1996 262 2032 cinxerunt,
287 1995 387 2025 etiam
412 1996 599 2033 Wesenbery.
621 1995 690 2024 Em.
713 1995 738 2024 Ι.
759 2004 789 2035 p.
804 1992 835 2025 6.

74 2040 247 2072 delendam
270 2045 382 2070 censet
406 2045 442 2069 ut
461 2050 499 2069 ex
525 2041 661 2070 amentia
685 2044 761 2081 post
786 2041 834 2069 la-

70 2095 141 2117 men
155 2084 313 2116 additam.
352 2084 393 2114 Et
410 2094 488 2114 sane
500 2083 593 2114 abest
615 2094 651 2114 ea
672 2094 690 2114 a
704 2081 789 2113 Gud.
803 2083 835 2114 2.

71 2129 182 2162 Ceteri
206 2128 281 2160 libri
308 2135 342 2161 et
365 2128 479 2171 scripti
505 2134 538 2159 et
563 2127 643 2159 editi
667 2126 833 2159 mordicus

74 2186 145 2206 eam
168 2180 303 2214 tenent,
346 2184 408 2204 nee
433 2173 496 2204 ulla
531 2179 580 2204 est
605 2184 738 2211 caussa,
777 2182 835 2203 cur

74 2218 282 2262 repudiemus
333 2218 420 2250 hanc
475 2217 690 2260 scripturam,
751 2227 835 2260 quae

75 2264 220 2297 omnium
246 2264 324 2305 (uno
347 2264 499 2305 excepto)
533 2262 691 2294 librorum
717 2267 835 2293 aucto-

75 2309 174 2341 ritate
197 2308 334 2347 nititur,
366 2307 424 2339 sed
448 2308 546 2339 etiam
569 2314 601 2339 et
622 2306 779 2339 latinitati
804 2312 837 2338 et

73 2353 257 2386 sententiae
277 2352 618 2384 accommodatissima
637 2359 697 2383 est.
732 2354 837 2405 Saege

76 2397 162 2430 enim
194 2397 307 2429 vocula
328 2400 394 2436 ita,
429 2397 471 2428 ad
492 2403 665 2439 sequentes
699 2395 837 2428 coniun—

77 2442 220 2474 ctiones:
245 2451 362 2482 quum,
386 2443 424 2480 si,
447 2445 481 2472 ut
504 2442 628 2477 relata,
653 2441 753 2472 habet
772 2440 836 2471 vim

78 2486 296 2519 restrictivam
320 2485 544 2528 significatque
569 2489 712 2524 eatenus,
737 2486 838 2517 hacle-

78 2542 155 2572 nus,
179 2533 238 2563 hac
256 2533 396 2570 ratione,
420 2532 478 2562 hac
500 2532 682 2569 conditione,
703 2531 839 2569 insosern

73 2576 160 2619 (als,
198 2577 318 2617 wenn).
366 2575 432 2606 Cic.
454 2576 545 2606 Brut.
577 2573 644 2612 6²,
669 2574 753 2606 222.
790 2574 837 2605 Μ.

79 2622 233 2659 Drusum,
258 2639 299 2644 —
311 2631 478 2662 ‚gravem
501 2626 666 2651 oratorem
682 2621 727 2650 ita
751 2617 839 2649 dun-

78 2672 190 2705 taxat,
216 2675 312 2706 quum
341 2665 382 2696 de
407 2676 476 2708 rep.
497 2664 642 2702 diceret,
666 2674 727 2694 nur
745 2662 839 2694 inso-

81 2710 153 2742 fern
178 2710 230 2742 ein
263 2709 477 2752 gewichtiger
500 2709 651 2749 Redner,
687 2718 780 2738 wenn
806 2718 841 2738 er

84 2773 126 2778 —
150 2755 280 2797 sprach.
328 2754 426 2786 offic.
448 2756 472 2786 Ι.
496 2753 528 2793 9,
553 2756 614 2786 2ὅῑ
650 2753 714 2784 hoc
735 2751 841 2794 ipsum

83 2801 127 2831 ita
148 2799 269 2831 iustum
283 2805 342 2838 est,
369 2799 458 2841 quod
479 2805 571 2830 reete
591 2798 637 2836 fit,
662 2800 688 2829 si
713 2803 763 2828 est
778 2807 842 2828 vo-

83 2843 268 2875 luntarium.
297 2844 338 2875 de
362 2844 436 2875 Fin.
462 2844 518 2875 IV.
542 2844 573 2881 2,
597 2841 637 2874 4;
665 2841 719 2884 qui
745 2852 843 2884 quum

82 2887 246 2927 viderent,
269 2891 314 2920 ita
337 2899 397 2920 nos
419 2899 490 2920 esse
510 2894 616 2925 natm,
640 2891 673 2918 ut
697 2893 730 2917 et
753 2896 841 2918 com—

84 2933 229 2964 muniter
249 2932 291 2964 ad
311 2944 365 2965 eas
386 2932 524 2966 virtutes
541 2931 609 2975 apti
623 2942 764 2963 essemus
781 2936 844 2962 etc.

871 1679 913 1711 de
935 1682 1066 1712 Senect.
1093 1680 1151 1712 11:
1175 1684 1221 1712 ita
1243 1680 1329 1712 enim
1349 1687 1500 1712 senectus
1522 1681 1629 1713 hone-

871 1732 921 1756 sta
942 1731 1010 1763 est,
1045 1728 1071 1757 si
1094 1725 1143 1756 ius
1168 1737 1260 1757 suum
1284 1725 1424 1764 retinet,
1461 1729 1487 1758 si
1509 1727 1630 1758 nemini

871 1769 1076 1812 emancipata
1107 1776 1174 1808 est,
1208 1773 1235 1802 si
1259 1769 1300 1801 ad
1326 1776 1506 1802 extremum
1530 1771 1630 1813 spiri—

870 1822 940 1846 tum
973 1814 1118 1846 vindicat
1150 1815 1198 1846 ius
1233 1825 1336 1845 suum.
1385 1816 1424 1846 V.
1449 1817 1631 1849 Ramshorn.

872 1861 946 1891 Lat.
961 1860 1017 1891 Gr.
1034 1860 1062 1901 ς.
1076 1858 1153 1891 203.
1165 1860 1187 1890 Ι.
1209 1859 1289 1890 Not.
1304 1859 1335 1891 2.
1363 1861 1499 1891 Kuhner.
1515 1862 1541 1902 ᾗ.
1558 1858 1630 1892 142.

871 1905 952 1935 Not.
977 1902 1028 1936 14.
1084 1905 1215 1935 Ellendt.
1249 1903 1290 1934 ad
1325 1904 1414 1934 Brut.
1448 1905 1528 1942 LII,
1556 1903 1628 1936 195.

871 1960 903 1991 p.
930 1947 992 1981 139
1009 1959 1057 1990 sq.
1103 1949 1200 1979 Beier.
1233 1947 1275 1978 ad
1307 1948 1403 1979 Offic.
1438 1949 1462 1980 1.
1490 1948 1552 1988 25,
1575 1948 1628 1982 87.

870 1993 992 2036 p.¹.¹OO.
1027 1994 1188 2032 Heindorf.
1211 1992 1253 2023 ad
1277 1992 1319 2024 N.
1334 1994 1374 2024 D.
1397 1994 1421 2024 Ι.
1446 1992 1479 2034 2,
1499 1992 1533 2025 3.
1555 1993 1630 2035 p.5.

870 2045 903 2069 et
925 2037 957 2069 in
978 2037 1091 2080 primis
1112 2039 1312 2077 Stitrenbury.
1335 2037 1378 2068 ad
1398 2048 1445 2068 or.
1459 2047 1520 2080 pro
1535 2036 1631 2070 Arch.

869 2094 901 2125 p.
913 2083 958 2115 &0
971 2094 1019 2125 sq.
1041 2088 1074 2114 et
1094 2081 1126 2113 in
1141 2081 1359 2113 commentat.
1382 2083 1407 2122 1,
1430 2081 1461 2115 2.
1479 2081 1520 2114 ad
1535 2081 1630 2114 Offic.

935 2150 1162 2211 perturbatione
1178 2190 1214 2195 —
1228 2175 1326 2204 metus
1339 2190 1377 2196 -
1390 2174 1524 2204 laetitiae
1538 2182 1631 2205 -cu-

868 2219 1025 2258 piditatis]
1055 2218 1104 2249 De
1122 2216 1205 2247 his
1183 2216 1337 2259 genitivis
1350 2228 1381 2248 v.
1395 2216 1476 2248 adl.
1490 2216 1543 2256 45,
1558 2215 1630 2249 109.

939 2262 966 2297 G.
979 2262 1033 2294 53.
1068 2265 1101 2293 in
1120 2270 1156 2293 ea
1177 2265 1218 2293 est
1236 2258 1332 2303 enini}
1359 2260 1412 2292 Sic
1433 2262 1456 2293 1.
1479 2260 1542 2299 3²,
1567 2260 1630 2294 78.

871 2310 904 2339 in
927 2308 975 2338 his
999 2311 1041 2338 est
1065 2308 1155 2338 enim.
1206 2305 1301 2336 Oflic.
1322 2289 1346 2335 i.
1369 2306 1431 2342 Ὀ,
1454 2304 1507 2336 67
1542 2308 1574 2336 in
1598 2314 1631 2336 eo

872 2356 914 2383 est
930 2354 1010 2383 enim
1028 2352 1127 2382 illud:
1153 2349 1206 2380 ubi
1219 2351 1307 2381 Beier
1320 2348 1417 2380 affert
1430 2348 1520 2379 Lael.
1539 2359 1565 2379 c.
1577 2348 1630 2380 27.

873 2407 940 2438 pr.:
965 2398 998 2427 in
1022 2406 1058 2427 ea
1082 2398 1124 2426 est
1147 2396 1228 2426 enim
1252 2393 1482 2424 convenientia
1514 2403 1631 2425 rerum.

874 2440 925 2471 Cf.
941 2441 1073 2471 Ellendt.
1093 2438 1134 2470 ad
1160 2438 1385 2474 Brut.XLlX‚
1412 2438 1484 2469 181.
1509 2449 1540 2481 p.
1559 2438 1629 2469 151.

873 2491 907 2516 et
931 2483 1098 2516 Adnotata
1122 2489 1235 2513 nostra
1260 2483 1291 2512 in
1320 2483 1342 2513 Ι.
1367 2482 1421 2519 27,
1446 2481 1501 2515 66.

940 2539 1003 2560 una
1025 2530 1148 2560 sanatio
1170 2531 1223 2566 est,
1247 2537 1350 2559 omnes
1371 2528 1540 2566 opinabiles
1554 2530 1630 2568 essej

874 2575 912 2607 V.
939 2572 981 2605 ad
1006 2574 1061 2605 ΙΙΙ.
1087 2572 1148 2610 31,
1173 2571 1227 2604 76.

944 2619 973 2660 ξ.
986 2615 1040 2649 84.
1064 2627 1126 2649 non
1146 2618 1239 2648 modo
1261 2618 1302 2657 b.‚
1324 2618 1378 2649 sed
1398 2625 1436 2649 ne
1456 2626 1481 2649 s.
1491 2617 1631 2658 quidem]

875 2664 913 2694 V.
938 2661 1106 2694 Adnotata
1129 2660 1163 2692 in
1187 2663 1211 2692 1.
1236 2660 1299 2699 36,
1324 2661 1379 2695 87.

941 2705 1113 2749 rationum]
1140 2706 1181 2737 H.
1203 2717 1231 2738 e.
1255 2705 1511 2745 sententiarum,
1537 2717 1554 2737 e
1579 2717 1633 2737 ra-

873 2752 967 2783 tione
990 2751 1042 2782 vel
1068 2750 1270 2793 cogitatione
1293 2757 1454 2782 natarum.

945 2798 1068 2827 auxilia
1089 2807 1121 2836 p.
1147 2798 1218 2828 bene
1243 2797 1384 2836 beateque
1406 2794 1545 2837 vivendi]
1583 2794 1632 2824 De

878 2840 1020 2883 eleganti
1041 2840 1216 2873 verborum
1240 2840 1459 2872 collocatione
1482 2850 1509 2869 r.
1525 2849 1583 2869 nos
1602 2838 1634 2868 in

881 2886 1025 2918 Gramm.
1051 2886 1089 2918 L.
1115 2882 1277 2928 §.157,b
1255 2884 1288 2917 6.
