1863 3221
228 103 306 145 100

815 104 975 135 LIBER
1004 106 1027 136 1.
1052 104 1115 142 22,
1141 103 1195 135 51.

233 192 383 231 animus
406 190 450 228 sit
481 199 624 226 means
652 196 839 236 corpore,
874 182 1092 236 intelligere
1118 189 1157 221 et
1180 183 1416 236 cogitatione
1442 185 1790 238 comprehendere.

236 263 358 317 Quasi
383 274 477 300 vei-o
507 257 744 310 intelligant,
777 255 900 309 qualis
926 255 976 295 sit
999 255 1038 295 in
1065 255 1149 309 ipso
1175 269 1362 310 corpore,
1396 270 1494 310 quae
1520 258 1790 308 conformatio,

235 348 331 389 quae
357 331 602 384 magnitudo,
637 329 700 383 qui
723 329 860 378 locus3
905 335 969 379 ut,
1015 328 1045 368 si
1071 328 1145 368 iam
1173 335 1333 382 possent
1355 329 1393 368 in
1418 329 1572 369 homine
1597 330 1753 370 *vivo*
1770 332 1791 357 2

235 405 340 445 cerni
366 404 518 453 omnia,
553 416 648 456 qnae
680 415 782 441 nuno
808 408 910 441 tecta
934 408 1046 450 sunt,
1081 414 1297 441 casurusne
1325 400 1364 441 in
1387 409 1636 456 conspectum
1663 403 1795 443 videa-
1839 434 1843 444 .

236 485 297 517 tur
318 478 491 524 animus,
534 490 582 515 an
614 481 719 514 tanta
745 474 795 514 sit
822 474 905 513 eius
930 473 1121 523 tenuitas,
1168 481 1209 514 ut
1231 474 1350 527 fugiat
1379 474 1517 514 aciem.

237 557 416 604 reputent
441 549 528 599 isti,
562 548 624 601 qui
648 554 815 601 negant,

238 623 447 672 videbunt,
491 635 604 675 quem
638 619 785 674 inipso
811 632 976 672 corpore
1010 619 1245 673 intelligant.

1580 481 1650 515 51.
1684 474 1794 515 Haec

849 546 1018 586 animuin
1042 546 1125 586 sine
1150 560 1313 600 corpore
1340 560 1382 587 se
1408 547 1627 601 intelligere
1653 562 1791 602 posse3

1305 617 1403 659 Mihi
1433 620 1584 673 quidem
1619 627 1794 661 naturam

237 695 354 735 animi
382 694 545 734 intuenti
577 693 696 733 multo
722 692 915 732 difficilior
941 692 1112 732 occurrit
1134 691 1318 746 cogitatio
1348 692 1544 747 multoque
1576 693 1793 745 obscurior,

326 823 346 855 2
374 836 402 856 v.
429 823 514 855 Adu.

237 891 336 933 igitur
363 890 440 921 iuris
467 889 602 921 Romani
637 901 729 920 usum
754 889 867 920 Cicero
891 889 998 920 facete

237 936 268 967 11.
290 935 311 966 1.
334 936 492 965 transfert
513 934 554 965 ad
577 935 713 965 animos.
764 936 869 973 Capite
889 941 998 965 autem

237 982 386 1012 damnari
398 979 516 1010 dicitur
530 979 607 1010 civis
623 980 799 1017 Romanus,
821 978 876 1021 qui
889 978 997 1010 omni-

237 1025 296 1055 bus
320 1024 385 1055 suis
416 1031 447 1054 et
479 1023 638 1055 libertatis
662 1030 695 1054 et
724 1023 864 1054 civitatis
888 1030 920 1054 et
944 1023 998 1054 fa—

237 1069 345 1100 miliae
368 1068 490 1099 iuribus
514 1068 673 1110 privatur.
699 1069 738 1100 V.
752 1070 906 1099 Freundii
920 1069 996 1100 LeX.

238 1114 275 1144 L.
303 1125 332 1144 v,
357 1117 460 1152 caput.

308 1159 405 1196 Quasi
438 1168 508 1188 sero
542 1155 728 1199 intelligant]
767 1156 858 1187 Salsa
881 1155 997 1187 ironia.

239 1202 393 1233 Similiter
427 1214 486 1243 pro
517 1202 642 1233 Milone
664 1201 727 1239 31,
752 1200 807 1232 84.
844 1201 1000 1243 pulcher-

239 1247 319 1278 rime
352 1247 431 1277 dicit
461 1246 606 1277 Tullius:
648 1248 725 1283 Est,
761 1252 810 1276 est
846 1246 999 1288 profecto

239 1292 293 1323 illa
317 1292 382 1327 vis3
421 1303 525 1333 noque
552 1291 583 1322 in
609 1291 659 1322 his
686 1291 877 1332 corporibus
902 1297 1000 1331 atque

238 1336 269 1367 in
296 1336 357 1368 liae
383 1335 609 1366 imbecillitate
640 1342 753 1366 nostra
784 1335 869 1365 inest
902 1334 1000 1376 quid—

239 1381 324 1417 dam,
349 1380 437 1423 qnod
462 1381 569 1421 rigeat
592 1386 624 1411 et
646 1380 778 1417 sentiat,
803 1385 835 1409 et
856 1390 920 1409 non
946 1378 1000 1408 in-

239 1432 287 1456 est
308 1426 340 1456 in
372 1425 436 1455 hoc
460 1431 555 1455 tanto
580 1431 715 1455 naturae
737 1431 804 1454 tam
829 1423 999 1466 praeclaro

239 1477 341 1501 motu.
388 1472 453 1500 Nisi
478 1471 553 1509 forte
586 1468 711 1500 idcirco
745 1480 815 1499 esse
845 1479 909 1499 non
935 1479 998 1510 pu-

238 1521 330 1551 tan‚t
368 1513 442 1556 quia
476 1525 540 1544 non
575 1519 712 1555 apparet
745 1524 805 1543 nec
838 1512 998 1543 cernitur.

237 1539 391 1609 proiiide
409 1558 498 1600 quasi
532 1564 678 1588 nostram
709 1557 813 1598 ipsam
844 1563 999 1594 mentem,

239 1616 300 1646 qua
323 1602 476 1645 sapimus,
503 1613 564 1644 qua
587 1601 808 1644 pioiidemus,
834 1613 896 1644 qua
918 1601 1000 1632 haec

238 1649 329 1691 ipsa
321 1660 444 1690 agimus
459 1659 497 1678 ac
509 1646 656 1683 dicimus,
679 1646 792 1677 videre
813 1653 868 1677 aut
890 1646 997 1688 plane,

237 1672 359 1735 qualis&3
361 1699 416 1723 aut
438 1692 490 1722 ubi
512 1691 564 1727 sit,
587 1691 708 1722 sentire
731 1691 900 1732 possimuS.
943 1690 994 1721 Cf.

236 1739 325 1771 Xen.
358 1737 579 1767 Commentu.
612 1737 633 1766 1.
661 1735 700 1773 4,
726 1734 757 1767 9.
808 1736 882 1777 C.yr
908 1736 997 1766 V.11[

297 1779 348 1813 17.
396 1782 445 1812 De
477 1780 643 1822 particulis
676 1782 766 1820 quasi
789 1790 881 1819 vero,
915 1790 997 1822 quae

238 1792 269 1857 iii
294 1825 426 1857 ironicis
457 1825 630 1856 sententiis
655 1824 763 1855 locum
788 1825 929 1862 habent,
966 1836 995 1854 v.

237 1874 331 1903 Beler.
357 1870 398 1901 ad
420 1870 515 1901 Oftic.
542 1871 598 1901 ΙΙΙ.
618 1867 651 1906 9,
675 1868 729 1900 39.
755 1881 787 1911 p.
804 1868 900 1906 24&
926 1879 997 1901 vero

236 1916 336 1947 habet
368 1915 434 1946 vim
466 1913 681 1945 confirmandi
714 1913 997 1955 asseverandique,

238 1973 266 1991 v.
295 1961 318 1992 Ι.
343 1959 394 1997 11
419 1959 472 1991 24.
500 1966 533 1989 et
556 1961 655 1990 Kritz.
677 1958 719 1989 ad
744 1958 822 1990 Sall.
848 1959 917 1989 Cat.
942 1956 994 1995 52,

240 2002 288 2036 16.
326 2004 379 2035 Sic
400 2004 487 2034 infra
511 2015 537 2034 c.
555 2002 609 2040 35,
632 2003 694 2034 85:
721 2005 820 2053 Quasi
840 2013 911 2034 vero
934 2003 996 2033 ista

236 2049 267 2078 vi
291 2049 462 2090 quicquam
486 2055 553 2078 tum
579 2047 725 2088 potuerit
747 2048 777 2078 ei
800 2047 913 2078 melius
937 2059 993 2078 ac·—

237 2092 356 2123 (idere.
405 2089 843 2129 e.38,92.111.5,11.
894 2092 995 2122 Piae—

235 2143 325 2167 terea
337 2136 433 2167 obsei
437 2115 575 2166 vandum
591 2141 651 2172 est,
677 2135 894 2166 antecedente
906 2143 995 2165 tem-

237 2192 317 2223 pore
350 2180 514 2222 praesenti
548 2185 602 2210 aut
634 2160 745 2210 {tuturo
781 2182 871 2218 quasi
906 2179 997 2221 iungi

234 2225 341 2256 solere
355 2236 427 2256 cum
443 2223 652 2255 coniunctivo
670 2223 849 2265 praesentis
869 2229 900 2254 et
918 2235 996 2265 per—

239 2269 336 2307 fecti,
371 2269 448 2300 licet
470 2274 584 2309 agatur
605 2267 645 2298 de
668 2280 720 2303 re,
748 2279 829 2309 quae
854 2279 919 2298 non
946 2274 995 2298 est

237 2314 287 2345 vel
310 2314 382 2344 fuit.
430 2314 459 2343 V
497 2314 638 2352 Wolfium
660 2312 702 2343 ad
724 2312 756 2343 h.
779 2313 798 2343 l.
824 2318 857 2343 et
880 2324 938 2344 nos
962 2314 992 2343 in

237 2359 274 2389 L.
300 2359 355 2389 Gr.
381 2354 500 2402 §.156
526 2357 606 2387 Not.
622 2354 653 2389 4.

302 2406 328 2433 si
351 2404 430 2443 iam]
469 2408 504 2432 ut
528 2408 673 2432 nostrum
704 2411 793 2432 wenn
817 2403 908 2432 sehon
933 2412 992 2442 pro

235 2456 321 2477 wem!
343 2449 430 2478 auch.
467 2445 519 2476 Sic
545 2447 597 2476 lV.
619 2445 674 2485 31,
695 2443 750 2476 65.
775 2444 830 2484 35,
854 2443 906 2477 75.
941 2446 992 2476 uf.

237 2492 374 2528 Mamm.
400 2490 441 2520 ad
465 2490 536 2520 Fin.
562 2491 616 2520 IV.
642 2488 703 2527 24,
727 2486 780 2520 66.
807 2501 840 2531 p.
860 2487 937 2521 559.

312 2535 396 2572 rivo]
436 2533 488 2563 Sic
522 2545 582 2574 pro
619 2534 752 2575 vulgato
785 2545 867 2572 uno,
905 2533 993 2576 quod

234 2576 377 2607 omnium
402 2576 497 2607 codd.
522 2583 554 2606 et
577 2577 651 2607 edd.
676 2584 823 2609 veterum
847 2579 994 2609 auctori-

233 2627 303 2652 tate
337 2621 493 2651 munitum
529 2626 596 2658 est,
644 2621 818 2662 legendum
853 2623 994 2654 coniecit

234 2667 395 2696 Bentleius.
441 2663 641 2705 &cripturam
663 2666 828 2706 vulgatam
854 2678 994 2699 revoca-

234 2709 281 2740 vit
303 2711 441 2740 Klotzius
462 2718 596 2749 eumque
614 2708 678 2739 iam
699 2710 785 2750 prius
806 2711 836 2741 in
859 2713 992 2748 Quaest.

233 2753 319 2785 Tull.
343 2753 410 2783 Lib.
432 2754 453 2782 1.
480 2764 510 2794 p.
528 2750 692 2783 ‹So—92.
714 2753 761 2784 sic
781 2755 850 2785 fere
871 2755 991 2786 defen-

233 2797 300 2828 dit:
340 2798 478 2827 Primum
504 2795 609 2833 enim,
644 2807 708 2826 non
740 2808 836 2837 posse
861 2798 902 2829 de
925 2800 990 2830 110-

230 2841 317 2872 mine
351 2841 487 2882 cogitari
519 2846 670 2877 mortuo,
705 2840 762 2870 scd
795 2841 834 2871 dc
860 2853 919 2878 eo,
957 2844 988 2875 in

231 2897 296 2927 quo
317 2884 540 2918 insit,anim11s
564 2896 602 2915 ac
624 2884 752 2925 vigeat,
789 2891 876 2915 totus
899 2886 987 2917 locus

231 2929 274 2961 ita
301 2930 385 2973 clarii
410 2929 498 2972 quasi
524 2939 605 2960 voce
638 2928 800 2972 loquitur,

840 2936 872 2959 ut
906 2930 985 2961 illud
1020 2935 1118 2972 linger
1140 2935 1304 2963 autemut
1334 2931 1583 2974 interpretatur:

1031 892 1103 921 vivo
1127 889 1223 932 plane
1248 889 1432 921 redundare
1456 889 1616 922 videatur.
1654 891 1740 921 Tum
1761 895 1795 920 ut

1034 935 1228 965 Msstorum
1262 941 1295 965 et
1328 935 1402 965 edd.
1438 935 1615 966 auctoritas
1649 934 1796 966 colloca-

1033 979 1145 1021 tioque
1169 979 1361 1018 verborum,
1398 991 1460 1022 qua
1484 979 1644 1011 vocabula
1674 989 1734 1010 uno
1763 985 1796 1009 et

1033 1026 1137 1055 omnia
1160 1023 1200 1055 de
1225 1024 1392 1055 Ciceronis
1415 1035 1506 1055 more
1532 1024 1594 1055 sibi
1618 1034 1798 1066 opponun-

1032 1074 1094 1104 tur,
1120 1068 1166 1099 ita
1186 1068 1256 1110 ipsa
1278 1069 1442 1100 sententia
1465 1068 1647 1100 necessario
1667 1068 1797 1099 videtur

1033 1112 1216 1154 efflagitare
1238 1113 1431 1144 vocabulum
1453 1124 1524 1144 uno.
1570 1114 1654 1145 Nam
1677 1112 1704 1144 si
1724 1112 1795 1155 quis

1035 1156 1103 1187 vult
1126 1157 1327 1199 intelligere,
1364 1158 1501 1189 cadatne
1523 1158 1555 1188 in
1583 1164 1795 1199 conspectum

1035 1201 1179 1240 animus,
1216 1214 1256 1233 an
1288 1202 1457 1234 oculorum
1481 1203 1584 1234 aciem
1610 1203 1733 1244 fuuiat,
1768 1201 1796 1233 is

1036 1246 1171 1277 debebit
1203 1247 1329 1283 onmia
1365 1259 1447 1290 quae
1482 1259 1568 1278 nunc
1595 1253 1684 1278 tecta
1707 1253 1794 1288 sunt,

1035 1298 1149 1332 aperta
1171 1291 1282 1322 videre
1307 1291 1404 1334 idque
1427 1292 1458 1322 in
1483 1292 1616 1323 homine
1637 1303 1698 1324 uno
1723 1295 1797 1335 (eo—-

1036 1334 1187 1377 demque)
1227 1347 1356 1378 unoque
1390 1337 1480 1378 quasi
1513 1337 1647 1375 obtutu,
1687 1344 1721 1367 ut
1754 1348 1794 1368 ne

1034 1379 1165 1410 minima
1188 1380 1317 1422 quidem
1338 1392 1422 1422 pars,
1449 1392 1513 1423 quo
1532 1381 1657 1412 animus
1680 1380 1749 1412 ab
1740 1392 1795 1411 111-

1033 1424 1201 1466 spicientis
1227 1425 1328 1456 oculis
1353 1425 1504 1467 refugere
1536 1432 1653 1467 queat,
1687 1425 1796 1467 negli-

1034 1476 1146 1510 gatru,
1184 1475 1281 1511 atque
1307 1476 1360 1507 ut,
1398 1469 1425 1500 si
1458 1470 1525 1501 ullo
1559 1469 1657 1501 modo
1688 1469 1794 1512 possit

1036 1513 1136 1551 cerni,
1162 1513 1285 1545 animus
1302 1514 1486 1546 necessario
1503 1521 1672 1556 appareat.
1704 1515 1796 1546 Haec

1034 1557 1185 1589 defensio
1200 1565 1235 1589 ut
1254 1558 1418 1601 quondam
1432 1558 1609 1590 admodum
1624 1558 1702 1590 mihi
1718 1559 1792 1601 pla-

1035 1603 1111 1640 cuit,
1137 1602 1181 1634 ita
1204 1615 1306 1641 nunc,
1333 1603 1484 1635 universo
1506 1604 1581 1635 loco
1606 1571 1739 1635 denuop
1735 1615 1793 1635 ac-

1035 1654 1146 1678 curate
1166 1649 1362 1687 examinato,
1383 1648 1546 1687 subtilior,
1571 1660 1666 1691 quam
1688 1647 1796 1680 verior

1034 1691 1165 1723 videtur
1189 1704 1269 1724 esse.
1327 1694 1428 1724 Recte
1452 1695 1625 1724 Bentleius:
1657 1694 1794 1732 „Quor-

1033 1748 1103 1767 sum
1127 1748 1247 1778 quaeso
1269 1740 1354 1769 uno?
1395 1739 1459 1775 Qui
1481 1738 1596 1774 minus,
1622 1737 1648 1768 si
1669 1738 1701 1768 in
1722 1740 1794 1777 pltr-
1848 1733 1851 1755 5

1033 1783 1143 1812 ribus?
1169 1800 1214 1804 -—
1242 1784 1274 1813 in
1296 1784 1376 1814 hom.
1399 1785 1491 1813 vivo:
1525 1782 1647 1824 quippe
1670 1782 1703 1813 in
1728 1783 1794 1813 ho-

1032 1837 1120 1856 mine
1156 1832 1287 1857 mortuo
1322 1837 1386 1857 iam
1422 1833 1561 1857 excessu
1594 1827 1719 1857 animus
1755 1838 1794 1858 ex

1033 1881 1172 1912 corpore
1190 1882 1294 1913 neque
1314 1870 1357 1901 ibi
1378 1870 1582 1913 quaerendus
1604 1876 1687 1902 est.“
1721 1871 1793 1901 Ne-

1032 1926 1094 1957 que
1118 1915 1226 1957 placet
1247 1917 1357 1947 Moseri
1382 1915 1488 1946 coni:
1512 1918 1544 1947 in
1566 1917 1686 1947 homine
1709 1926 1792 1947 una

1033 1970 1088 1998 χε.-
1107 1959 1214 2000 simul)
1241 1963 1334 1999 cerni,
1358 1967 1430 1991 aut:
1457 1963 1487 1991 in
1510 1962 1538 1991 h.
1561 1970 1638 1991 uno
1662 1970 1743 1991 ιιπα
1764 1970 1791 1991 c.

1033 2005 1081 2035 De
1106 2004 1221 2035 vocula
1244 2007 1309 2035 iam
1334 2016 1364 2035 v.
1391 2004 1433 2035 ad
1459 2016 1485 2036 c.
1507 2003 1569 2042 41,
1593 2002 1648 2036 98.

1096 2059 1263 2082 casurusne
1284 2052 1314 2080 in
1338 2053 1530 2089 conspectum
1552 2050 1708 2090 videatur]
1737 2048 1793 2079 Ci—

1032 2104 1107 2123 cero
1128 2093 1160 2123 h.
1178 2094 1198 2126 l.
1224 2094 1466 2125 constructione
1486 2093 1639 2125 inchoata
1661 2093 1792 2125 excidit.

1031 2137 1299 2169 Enuntiationem
1322 2138 1368 2168 ita
1393 2138 1552 2175 instituit,
1579 2150 1617 2168 ac
1635 2138 1660 2168 si
1682 2137 1791 2169 dicere

1031 2181 1204 2211 voluisset:
1230 2184 1275 2212 ita
1294 2184 1436 2221 quidem,
1460 2186 1511 2220 ut,
1536 2184 1562 2212 si
1583 2185 1648 2212 iam
1670 2186 1791 2221 possent

1030 2227 1061 2256 in
1084 2227 1204 2256 homine
1238 2236 1298 2256 uno
1333 2228 1415 2257 cerni
1447 2228 1574 2264 omnia,
1609 2236 1688 2264 quae
1711 2236 1791 2257 nunc

1029 2272 1104 2300 tecta
1127 2274 1208 2309 sunt,
1232 2279 1362 2301 casurus
1383 2272 1415 2301 in
1435 2273 1626 2308 conspeclum
1647 2271 1791 2301 videatur

1030 2316 1173 2353 ani¹mus,·
1207 2320 1276 2344 tum
1300 2325 1398 2351 vero,
1425 2313 1583 2345 orationis
1606 2314 1711 2344 forma
1733 2325 1789 2346 re—

1029 2364 1129 2399 pente
1157 2365 1300 2395 mutata,
1337 2358 1596 2389 enuntiationem
1631 2358 1790 2390 conclusit

1029 2413 1087 2443 per
1103 2401 1398 2444 interrogationem
1415 2402 1581 2441 directam,
1604 2402 1649 2434 ita
1665 2409 1788 2440 tamen,

1029 2453 1063 2476 ut
1084 2446 1336 2485 coniuncfivum,
1363 2458 1457 2489 quem
1480 2447 1566 2488 prior
1589 2447 1789 2478 constructio

1027 2490 1214 2531 flagitabat,
1241 2491 1408 2522 retineret.
1458 2492 1507 2522 Cf.
1530 2493 1568 2522 V.
1590 2489 1645 2530 27,
1670 2489 1731 2523 76:
1756 2496 1788 2523 ut

1031 2536 1088 2576 (=
1112 2535 1156 2566 ita
1181 2536 1241 2576 ut),
1268 2547 1305 2566 ea
1325 2536 1377 2578 qui
1399 2535 1536 2577 adeptus
1560 2535 1612 2576 sit,
1637 2546 1692 2568 cur
1714 2547 1788 2566 eum

1027 2579 1159 2610 beatum
1181 2579 1280 2611 modo
1307 2587 1339 2610 et
1359 2590 1425 2610 non
1447 2579 1666 2610 beatissimum
1689 2580 1786 2611 etiam

1028 2626 1189 2655 dixerim?
1220 2624 1362 2655 Probare
1381 2634 1447 2653 non
1470 2634 1601 2665 possum
1623 2623 1785 2654 rationem

1029 2670 1146 2700 Ottonis
1171 2668 1213 2699 ad
1235 2668 1306 2699 Fin.
1329 2668 1369 2698 11.
1397 2664 1457 2705 16,
1483 2666 1535 2698 52.
1561 2679 1593 2709 p.
1611 2667 1684 2698 131.
1697 2691 1704 2705 ,
1731 2666 1784 2709 qui

1027 2712 1126 2743 verba
1148 2712 1194 2744 sic
1219 2710 1437 2744 construenda
1459 2718 1590 2742 censet:
1626 2718 1661 2741 ut
1697 2710 1730 2752 (i.
1755 2722 1784 2741 e.

1026 2756 1071 2787 ita
1093 2757 1140 2796 ut)
1155 2781 1162 2794 ‚
1192 2756 1218 2786 si
1242 2755 1305 2786 iam
1329 2760 1465 2796 possent
1488 2774 1528 2778 —
1553 2754 1640 2785 cerni
1664 2754 1783 2794 omnia,

1026 2811 1108 2842 quae
1129 2811 1215 2831 nunc
1235 2806 1324 2830 tecta
1343 2805 1429 2837 sunt,
1455 2798 1605 2829 videatur
1630 2799 1784 2840 (gesehen

1026 2844 1165 2885 werde),
1203 2854 1377 2875 casurusne
1406 2842 1438 2873 in
1467 2849 1678 2885 conspectum
1714 2843 1783 2885 (sit)

1023 2888 1156 2927 animus,
1182 2899 1222 2919 an
1242 2894 1333 2918 tanta
1353 2887 1395 2917 sit
1417 2887 1483 2917 eius
1506 2893 1576 2919 ten.
1598 2893 1675 2920 cett.
1709 2890 1783 2919 Hot-

1619 2942 1690 2964 zum
1713 2934 1784 2963 Bei-
