1863 3221
238 122 319 164 190

235 211 317 250 riae
343 207 573 257 nonnullos,
607 206 748 245 multos
777 204 975 244 libidinum
1003 217 1164 254 servos,
1196 209 1237 243 ut
1260 217 1346 244 cum
1369 217 1504 246 eorum
1527 203 1609 245 vita
1631 204 1789 246 mirabi-

824 125 988 158 Lissssn
1013 126 1054 157 11.
1081 124 1123 166 5,
1151 124 1202 158 13.

236 283 324 323 liter
347 287 492 336 pugnet
516 278 664 320 oratio:
699 277 799 332 quod
822 277 973 331 quidem
998 276 1088 317 mihi
1114 276 1269 316 videtur
1294 289 1381 317 esse
1404 277 1686 332 turpissimum.
1731 276 1792 318 Ut
1843 270 1846 271 ⁷

235 355 362 405 enim,
396 354 429 393 si
459 351 752 407 grammaticum
785 365 827 391 se
858 351 1057 405 professus
1089 349 1277 404 quispiam
1305 349 1470 390 barbare
1492 351 1693 404 loquatur,
1727 357 1793 390 aut

235 428 268 468 si
298 427 465 468 absurde
497 431 611 466 canat
639 424 697 475 is,
731 423 794 478 qui
826 437 868 464 se
900 423 1033 464 haberi
1064 423 1160 463 velit
1190 422 1401 473 musicum,
1441 423 1514 463 hoe
1545 421 1695 477 turpior
1723 423 1789 473 sit,

236 501 336 556 quod
360 501 399 540 in
425 513 473 539 eo
497 498 582 552 ipso
608 504 765 552 peccet,
800 497 909 537 cuius
939 497 1172 551 profitetur⁸
1199 495 1426 546 seientian13
1458 495 1514 535 sie
1546 495 1794 550 philosophus

236 574 274 614 in
294 573 398 614 vitae
424 571 607 612 ratione⁹
637 583 804 625 peccans
829 570 900 610 hoc
929 570 1079 624 turpior
1099 576 1184 620 est,
1218 569 1317 622 quod
1344 568 1382 608 in
1405 568 1551 619 officio,
1585 568 1694 608 euius
1717 581 1796 609 ma-

234 647 358 702 gister
387 658 477 686 esse
507 645 610 694 vult,
643 643 787 683 labitur
815 650 1016 696 artemque
1045 643 1148 682 vitae
1177 642 1380 696 professus
1411 640 1599 694 delinquit
1629 641 1669 680 in
1698 640 1793 681 vita.

347 717 402 759 V.
463 717 515 758 Α.
548 716 693 758 Nonne
718 716 930 756 verendum
954 723 1014 755 est
1036 714 1171 769 igitur,
1204 714 1237 754 si
1261 721 1321 754 est
1348 714 1399 754 ita
1424 721 1466 754 ut
1489 713 1607 764 diois,
1641 727 1689 754 ne
1713 713 1795 768 phi-

234 791 448 847 losophiam
473 791 568 831 falsa
600 789 725 844 gloria
747 790 946 829 exornes?
1007 786 1120 841 Quod
1153 794 1214 828 est
1237 787 1338 827 enim
1361 787 1486 827 maius
1507 793 1792 840 argumentum,

235 865 328 906 nihil
349 878 433 905 eam
457 864 666 918 prodesse,
701 876 813 916 quam
842 862 1028 915 quosdam
1056 862 1253 915 perfectos
1276 859 1523 915 philosophos
1549 859 1713 914 turpiter
1736 859 1796 901 vi-

233 939 355 980 vere?
401 943 466 977 13.
493 936 556 977 M.
582 934 742 975 Nullum
764 948 860 974 vero
878 934 916 974 id
936 934 1087 988 quidem
1105 940 1374 987 argumentum
1395 939 1470 973 est.
1518 931 1623 972 Nam
1646 939 1688 972 ut
1711 933 1794 986 agri

233 1025 312 1052 non
336 1023 472 1050 omnes
498 1008 672 1063 frugiferi
698 1014 810 1058 sunt,
844 1006 908 1061 qui
937 1007 1138 1057 coluntur,
1172 1006 1385 1059 falsumque
1408 1004 1500 1045 illud
1526 1005 1690 1045 *Λεώς

321 1149 344 1182 8
368 1161 400 1181 ν.
419 1148 504 1180 Adn.
550 1145 572 1179 9
599 1146 653 1178 Sic
676 1148 730 1179 Or.
753 1158 780 1178 c.
804 1147 842 1178 R.
867 1157 921 1188 ap.
943 1147 1036 1178 Wes.
1061 1147 1102 1179 ΙΙ.
1125 1156 1158 1188 p.
1171 1142 1226 1177 39.
1253 1144 1340 1177 Gud.
1357 1143 1386 1176 1.
1407 1143 1438 1175 2.
1464 1146 1504 1176 ΙΙ.
1527 1143 1662 1188 aliisque
1684 1143 1794 1176 multis

233 1194 331 1227 codd.
354 1205 416 1237 pro
437 1193 524 1235 vulg.
547 1195 579 1224 in
599 1194 718 1224 ratione
738 1194 831 1223 vitae.

233 1273 404 1305 notionem
427 1269 677 1313 complectatur,
703 1269 806 1300 altera
827 1268 894 1299 eius
915 1280 995 1310 spe—

234 1318 318 1350 ciem
352 1323 523 1359 partemve
555 1321 649 1346 notet
684 1315 778 1356 eique
813 1313 995 1344 accuratius

234 1361 448 1405 explicandae
468 1360 644 1397 inserviat,
669 1359 703 1389 in
726 1369 822 1389 uuam
846 1358 995 1389 conflan-

234 1407 296 1438 dae
328 1413 361 1437 et
393 1404 598 1436 substantivo
623 1415 694 1435 cum
724 1402 919 1434 attributivo
944 1402 995 1432 vel

233 1450 400 1483 adieetivo
422 1449 473 1480 vel
492 1448 638 1491 genitivo
663 1447 897 1490 exprimendae
919 1447 995 1478 fue-

234 1496 320 1534 rint,
355 1506 453 1537 saepe
473 1505 609 1524 numero
634 1492 759 1523 duobus
782 1491 994 1523 substantivis

236 1552 293 1584 per
316 1544 363 1579 et,
388 1543 500 1579 alque,
525 1549 583 1577 ac,
606 1548 662 1578 que
688 1537 848 1579 copulatis
872 1543 993 1574 utatur,

232 1585 302 1617 sive
333 1585 398 1615 hoc
428 1583 496 1614 sive
526 1582 583 1613 illo
620 1582 848 1625 praecedente.
896 1581 994 1612 Unde

232 1630 315 1662 haec
349 1627 480 1660 dicendi
514 1627 615 1669 ligura
654 1627 840 1669 appellatur
873 1624 907 1659 ἓν
938 1624 993 1659 διαὶ

233 1677 332 1709 δυοῖν.
378 1673 473 1704 Cuius
494 1678 649 1714 quattuor
669 1671 899 1714 distinguenda
919 1677 995 1701 sunt

232 1730 374 1761 genera:
412 1717 551 1748 Primum
576 1723 645 1755 est,
673 1717 725 1747 ubi
749 1717 830 1748 haec
853 1716 994 1747 circum—

232 1763 357 1796 locutio
400 1762 487 1793 vices
532 1761 672 1792 sustinet
715 1760 994 1792 substantivorum

233 1807 508 1851 compositorum,
545 1817 683 1848 quorum
718 1806 851 1837 Latinus
885 1815 993 1835 sermo

231 1853 313 1885 mira
334 1852 463 1883 laborat
486 1850 632 1892 penuria,
658 1850 704 1881 uti
728 1852 752 1881 Ι.
777 1850 827 1888 17,
849 1847 910 1881 40:
936 1860 994 1881 nu-

231 1903 280 1930 tus
318 1901 344 1929 et
379 1897 501 1936 pondus
535 1903 591 1926 aut
622 1898 763 1935 ,araz-itas
806 1898 833 1926 ei
872 1895 995 1933 pondus

234 1941 483 1986 (Schwerhrufi).
510 1940 550 1970 de
573 1942 627 1971 Or.
649 1939 702 1970 111.
726 1937 779 1977 44,
806 1938 887 1971 173:
913 1940 994 1969 dele-

231 1989 372 2020 ctationis
412 1989 502 2024 atque
541 1987 667 2016 aurium
708 1995 819 2015 caussa
857 1985 993 2025 (Ohren-

231 2030 399 2070 schinaus).
448 2029 618 2069 Alterum,
654 2028 707 2058 ubi
741 2029 880 2059 alterum
911 2027 992 2058 sub-

231 2074 409 2107 stantivum
443 2073 597 2103 vicarium
629 2079 678 2103 est
707 2071 880 2109 adiectivi,
926 2082 991 2113 quo

231 2119 370 2151 Latinus
391 2128 497 2148 sermo
521 2117 697 2147 destitutus
721 2124 790 2155 est,
817 2115 882 2146 uti:
917 2118 991 2146 levi-

232 2169 280 2197 tas
299 2167 325 2194 et
345 2165 482 2194 iactatio.
528 2162 552 2191 I.
580 2161 638 2199 13,
662 2160 715 2193 30.
741 2167 775 2191 et
805 2161 860 2191 III.
889 2161 922 2198 1,
949 2160 989 2190 2:

230 2211 311 2241 ratio
343 2211 369 2239 ei
400 2208 540 2237 doctrina
578 2207 817 2247 (systematische
850 2204 992 2235 Gelehr-

231 2252 392 2290 samkeit,
418 2252 608 2282 Iheoretische
632 2249 839 2290 Kennmifs).
875 2248 915 2279 de
937 2250 991 2279 Or.

233 2300 290 2330 111.
317 2296 375 2335 12,
398 2294 460 2327 45:
496 2294 649 2325 subtilior
681 2296 812 2334 coym‘lio
844 2303 881 2324 ac
912 2295 991 2324 ratio

231 2343 414 2374 litterarum
451 2340 536 2381 <eine
558 2339 676 2369 tiefere
704 2339 992 2378 it-issenschaflliche

231 2385 414 2418 Kenntnifs
435 2384 493 2415 der
517 2383 724 2417 Litteraturl.
759 2383 918 2420 Tertium,
938 2382 990 2412 ubi

232 2430 428 2463 adiectivum
444 2440 510 2460 non
532 2429 623 2459 deest
641 2428 784 2471 quidem,
805 2427 864 2458 sed
880 2434 990 2458 trans-

231 2475 363 2507 lationis
386 2485 476 2505 usum
497 2485 563 2504 non
593 2473 756 2512 admittit,
784 2472 850 2504 uti:
889 2473 913 2502 Ι.
936 2472 988 2509 25,

231 2519 292 2553 62:
327 2521 463 2550 varietas
486 2522 511 2548 e!
529 2522 643 2549 natura
667 2529 823 2549 sonorum
848 2518 992 2559 (naliirli-

232 2566 285 2596 che
300 2562 601 2603 Mannigl'altigkeit
624 2562 682 2593 der
699 2563 804 2600 To'ne,
831 2561 906 2604 quia
923 2571 989 2592 non

233 2608 371 2640 dicitur:
399 2606 553 2636 naturalis
578 2607 743 2647 varietas).
772 2607 813 2638 de
838 2609 891 2637 Or.
915 2607 938 2637 I.
958 2607 989 2644 ὅ,

232 2651 296 2688 34:
322 2653 492 2683 moderatio
514 2655 539 2681 el
559 2653 712 2689 supientia
737 2651 846 2693 (weise
868 2650 991 2681 Massi-

233 2708 341 2741 gung3
369 2706 453 2726 non:
480 2694 608 2736 sapiens
623 2695 737 2726 mod).
774 2696 867 2726 Catil.
893 2697 916 2728 Ι.
940 2697 990 2733 11,

233 2742 295 2775 29:
334 2742 478 2772 severitas
505 2749 541 2770 ac
563 2741 708 2778 fortitudo
735 2740 991 2780 (entsclilosseue

234 2789 391 2827 Strenge3
426 2795 510 2814 non:
539 2783 633 2813 foxtis
658 2784 697 2820 ελ,
749 2785 907 2821 Quartum
930 2784 991 2814 de—

234 2831 353 2873 nique,
388 2828 441 2859 ubi
474 2828 555 2858 haec
588 2826 833 2858 circumlocutio
854 2840 920 2859 non
944 2834 992 2858 est

233 2874 426 2911 necessaria,
452 2872 510 2903 sed
532 2872 596 2902 vim
620 2871 797 2902 oratoriam
822 2872 930 2910 habet,
956 2880 992 2903 ut

234 2928 373 2963 utraque
392 2917 485 2949 notio
507 2916 635 2959 gravius
656 2915 823 2955 efferatur,
844 2916 907 2946 uti:
936 2918 990 2948 ΠΙ.

236 2964 287 3005 16,
310 2965 372 2999 55:
397 2964 604 3003 longinquitas
624 2964 651 2993 ei
670 2962 735 2993 dies
761 2962 834 3003 (pro
856 2960 990 3002 longin—

879 1190 935 1222 Vis
957 1190 1064 1233 posita
1090 1196 1140 1221 est
1162 1190 1193 1221 in
1218 1201 1248 1222 v.
1270 1192 1363 1222 vitae.

1031 1279 1095 1310 quo
1120 1274 1282 1309 tempore,
1308 1267 1354 1298 1111
1369 1267 1467 1300 Corn.
1480 1268 1566 1310 Nep.
1581 1267 1699 1300 Them.
1713 1265 1744 1305 4,
1761 1266 1793 1299 3.

1030 1319 1087 1342 aut
1108 1323 1168 1354 pro
1192 1312 1435 1354 longinquitate
1456 1312 1624 1354 temporis,
1650 1312 1697 1343 uti
1716 1311 1794 1343 Sul-

1030 1356 1093 1399 pic.
1116 1357 1146 1388 in
1173 1368 1224 1398 ep.
1247 1356 1288 1387 ad
1314 1357 1427 1388 Famil.
1452 1358 1506 1388 lV.
1528 1359 1547 1388 ξ)
1563 1382 1570 1395 ,
1594 1357 1653 1397 6..)
1699 1356 1792 1389 Lael.

1030 1402 1069 1440 7,
1094 1403 1156 1433 25:
1193 1403 1332 1432 amicitia
1360 1403 1582 1441 concordiaque
1622 1404 1696 1443 (pro
1728 1412 1791 1432 am.

1031 1445 1199 1483 concordi,
1225 1445 1271 1476 uti
1297 1445 1331 1475 C.
1353 1445 1394 1476 de
1416 1446 1514 1477 Uuiv.
1535 1446 1594 1487 5.).
1634 1445 1714 1477 lbid.
1740 1446 1791 1483 13,

1030 1489 1091 1523 46:
1119 1493 1324 1522 benevolentia
1346 1494 1372 1522 et
1396 1493 1514 1522 caritas
1539 1491 1612 1532 (pro
1629 1490 1792 1521 benevola

1031 1547 1091 1567 car.
1106 1561 1113 1571 ,
1141 1535 1185 1566 1111
1211 1535 1300 1566 Lael.
1327 1538 1369 1576 ὅ,
1392 1535 1445 1577 2²¹}-
1496 1535 1547 1565 Cf.
1571 1537 1729 1566 Klotzium
1750 1534 1792 1566 ad

1030 1580 1121 1611 Lael.
1150 1580 1189 1618 9,
1212 1579 1266 1612 29.
1313 1582 1453 1620 Seyffert.
1489 1579 1530 1610 ad
1558 1579 1648 1612 Lael.
1673 1582 1714 1617 ts,
1738 1580 1791 1611 215.

1030 1622 1148 1666 pusi-1.
1174 1630 1207 1654 et
1229 1623 1260 1661 9,
1285 1624 1339 1655 29.
1366 1636 1397 1666 p.
1413 1623 1475 1656 19?ss
1487 1635 1535 1665 sq.
1573 1625 1791 1664 Naeyelsbach.

1030 1671 1069 1700 L.
1095 1669 1211 1700 Stilist.
1242 1670 1269 1711 ᾗ.
1285 1668 1339 1706 fil,
1361 1671 1392 1700 2.
1415 1680 1447 1710 p.
1466 1666 1527 1701 1-16
1539 1680 1587 1711 sq.

1116 1716 1232 1754 puynet
1253 1713 1367 1756 oratio]
1404 1712 1560 1744 Similiter
1583 1713 1654 1745 Fin.
1678 1714 1718 1744 II.
1738 1713 1792 1745 25.

1029 1765 1111 1790 extr.
1150 1760 1199 1789 Ita
1220 1757 1306 1788 enim
1328 1759 1442 1789 vivunt
1463 1758 1604 1799 quidam,
1631 1764 1793 1789 uteorum

1029 1803 1096 1834 vita
1128 1802 1300 1834 refellatur
1331 1802 1447 1834 oratio.
1506 1805 1655 1835 Davisius
1686 1814 1792 1844 comp.

1030 1847 1166 1879 Diodor.
1192 1849 1360 1889 Excerptt.
1382 1846 1522 1878 Peiresc.
1546 1859 1578 1889 p.
1600 1845 1685 1879 234:
1712 1847 1791 1880 Τῶν

1029 1890 1106 1926 καῖ
1147 1889 1241 1934 ἡμᾶς
1275 1890 1468 1934 φιλοσόφων
1505 1889 1584 1929 τοὺς
1619 1891 1792 1930 πλείστους

1030 1937 1109 1971 ἰδεῖν
1146 1936 1218 1970 ἐστι
1252 1935 1408 1979 λέγοντας
1443 1935 1502 1977 μὲν
1538 1934 1579 1969 τὰ
1615 1934 1790 1977 κάλλιστα,

1027 1980 1230 2023 πράττεντας
1257 1979 1295 2014 δὲ
1316 1979 1359 2014 τὰ
1385 1980 1556 2024 γείριστα,
1592 1980 1650 2013 καὶ
1671 1979 1733 2023 τήν
1757 1980 1789 2013 ἐν

1026 2030 1101 2064 ταῖς
1124 2025 1337 2068 ἐπαγγελίαις
1369 2014 1479 2058 αῧτῶν
1515 2024 1704 2067 σεμνότητα
1734 2024 1791 2058 καὶ

1029 2068 1157 2103 σύνεσιν
1202 2068 1256 2103 διὰ
1295 2072 1360 2111 τῆς
1398 2070 1516 2112 πείρας
1561 2069 1790 2113 ἐλεγχομένῆν.

1027 2115 1183 2153 Quinctil.
1208 2116 1230 2145 Ι.
1257 2116 1310 2145 Or.
1339 2116 1362 2145 I.
1388 2116 1538 2146 Prooem.
1586 2114 1789 2146 Vocabulum

1026 2162 1124 2190 oratio
1141 2159 1286 2190 ultimam
1303 2158 1414 2190 sedem
1438 2165 1586 2200 occupat,
1613 2159 1685 2201 quia
1701 2159 1732 2190 in
1750 2170 1789 2190 eo

1026 2204 1165 2234 maxima
1186 2203 1233 2234 vis
1254 2203 1363 2244 posita
1385 2210 1444 2234 est.
1479 2204 1518 2234 V.
1541 2214 1600 2233 nos
1623 2204 1655 2234 in
1679 2204 1735 2234 Gr.
1749 2204 1788 2234 L.

1030 2250 1057 2291 ξ.
1080 2248 1150 2285 167,
1181 2248 1207 2279 1.

1094 2294 1226 2324 absurde
1252 2294 1359 2333 canai]
1397 2294 1535 2324 Absurde
1569 2299 1602 2323 et
1635 2295 1790 2325 absurdus

1027 2336 1180 2368 dicuntur
1213 2349 1267 2375 ea,
1305 2348 1387 2379 quae
1419 2337 1481 2367 sibi
1513 2337 1582 2379 ipsa
1616 2348 1681 2368 non
1711 2338 1790 2369 satis

1028 2382 1235 2412 conveniunt.
1284 2382 1420 2424 Proprie
1439 2381 1558 2412 dieitur
1580 2381 1621 2413 de
1635 2393 1727 2419 sono,
1753 2389 1789 2413 111

1025 2428 1159 2458 absurde
1181 2436 1299 2465 canere,
1323 2436 1416 2458 sonus
1432 2429 1597 2466 absurdus,
1620 2437 1682 2458 vox
1703 2431 1792 2459 extra

1026 2473 1151 2502 modum
1175 2474 1293 2503 absona
1317 2476 1343 2502 et
1367 2473 1525 2510 absurda,
1562 2477 1597 2501 ut
1631 2471 1672 2501 de
1697 2473 1787 2502 Orat.

1028 2517 1081 2546 111.
1104 2516 1152 2554 ll,
1170 2517 1224 2547 41.
1263 2516 1344 2558 (Nos
1366 2515 1502 2546 dicimus
1525 2516 1787 2555 unharmmzisch.)

1026 2561 1063 2591 V.
1077 2563 1234 2592 Bremium
1255 2560 1297 2591 ad
1320 2560 1361 2590 de
1382 2560 1464 2590 Fato
1486 2571 1512 2590 c.
1529 2559 1560 2591 3.
1582 2566 1615 2590 et
1635 2561 1789 2590 Kritzium

1026 2604 1067 2636 ad
1102 2605 1180 2636 Sall.
1215 2605 1284 2636 Cat.
1321 2605 1385 2642 111,
1415 2607 1441 2635 1.
1500 2605 1637 2635 Absurde
1680 2614 1788 2635 canere

1028 2650 1154 2681 Graeco
1179 2648 1358 2692 respondet
1382 2648 1598 2689 πλημμελεῖν.

1093 2697 1145 2734 qui
1169 2704 1200 2726 se
1224 2695 1329 2726 haberi
1357 2692 1442 2734 velit]
1480 2691 1685 2723 Coniunctivi
1715 2695 1788 2724 velit

1028 2746 1058 2769 et
1078 2743 1178 2778 peccet
1197 2750 1255 2781 per
1275 2737 1507 2768 attractionem
1528 2737 1688 2778 quandam
1710 2748 1786 2768 mo—

1027 2784 1142 2815 dorum
1176 2782 1274 2825 positi
1306 2788 1399 2819 sunt,
1437 2780 1478 2811 de
1509 2792 1571 2822 qua
1603 2793 1630 2810 v.
1662 2793 1720 2812 nos
1753 2781 1786 2812 111

1029 2829 1084 2859 Gr.
1111 2829 1147 2858 L.
1174 2832 1200 2869 §5-
1221 2825 1318 2863 140b,
1344 2827 1373 2863 c)
1398 2831 1431 2855 et
1451 2837 1549 2867 supra
1570 2826 1612 2856 ad
1634 2828 1659 2857 Ι.
1681 2827 1711 2861 5,
1734 2825 1783 2863 9.;

1025 2872 1083 2903 sed
1104 2871 1299 2903 indicativus
1323 2872 1483 2910 profitetur
1504 2877 1592 2901 recte
1615 2882 1649 2901 se
1674 2871 1783 2908 habet,

1025 2917 1099 2960 quia
1121 2916 1219 2947 verba
1240 2917 1326 2947 cuius
1343 2916 1505 2954 profitetur
1524 2917 1683 2946 scientiam
1704 2915 1784 2946 sim-

1024 2961 1117 3004 plicis
1140 2959 1335 2992 substantivi
1369 2970 1395 2990 c.
1420 2958 1538 2991 adiect.
1564 2959 1651 2992 vices
1683 2958 1783 2990 susti—
