1832 3137
661 85 820 117 cicun
849 87 886 117 v.
916 84 972 123 19,
998 84 1050 117 55.
1550 78 1623 121 431

71 163 281 212 audierim,
316 161 365 203 C.
396 161 607 214 Caesaris,
642 164 680 204 in
704 178 779 218 quo
804 165 894 204 mibi
917 165 1070 205 videtur
1092 165 1287 219 specimen
1317 165 1468 206 snissc⁶
1497 166 1629 207 liuma-

70 236 223 285 nitatis‚
257 236 375 285 salis,
410 234 615 277 suavitatis
632 268 642 287 ,
677 236 836 291 leporis.
901 235 1097 278 Beatusnc
1121 238 1264 292 igitur,
1301 239 1362 292 qui
1388 239 1491 280 bos⁷
1510 240 1630 280 inter-

70 309 188 349 fecit?
245 307 344 348 Mihi
368 316 504 349 contra
526 323 604 349 non
629 309 753 350 solum
781 322 827 349 eo
854 309 1010 349 videtur
1033 311 1172 361 miser,
1207 312 1306 364 quod
1335 326 1379 352 ea
1407 313 1518 363 fecit,
1561 315 1629 354 sed

71 382 185 422 etiam
208 382 307 436 quod
332 381 384 422 ita
405 395 448 421 sc
474 382 618 435 gessit,
653 389 694 422 ut
711 396 755 422 ea
774 383 902 422 facere
920 382 954 422 ei
976 383 1126 423 liceret.
1188 383 1276 423 Etsi
1300 398 1462 439 peccare
1485 386 1629 426 nemini

68 454 182 506 licet;
214 455 282 495 sed
303 455 496 494 sermonis
521 468 657 495 errore
679 455 864 505 labimurr,
897 454 933 494 id
952 456 1055 495 enim
1077 456 1194 496 licere
1215 457 1393 509 dicimus,
1427 460 1525 512 quod
1549 460 1630 500 cui-

483 534 549 568 56.
583 526 723 569 Utrum
755 528 908 567 taudem
943 527 1094 568 beatior
1120 527 1169 569 C.
1194 528 1348 571 Marius
1376 538 1479 582 tum,
1514 547 1629 586 quum

70 598 291 642 Cimbricae
314 601 506 641 victoriae
526 601 686 654 gloriam
705 615 790 641 cum
815 600 962 654 collega
989 598 1130 641 Catulo
1149 604 1473 654 communicavit,
1506 619 1629 659 paene

69 541 144 582 quc
178 528 419 568 conceditur.

70 674 193 714 altero
220 672 359 714 Laelio
375 706 385 724 ‚
420 676 526 727 (nam
546 674 645 714 bunc
672 672 725 713 illi
741 676 758 699 ⁸
787 673 885 713 duco
909 672 1180 727 simillimum.)
1201 689 1248 714 an
1269 690 1383 729 quum
1407 677 1509 716 civili
1530 677 1631 718 hello

70 747 196 787 victor
211 748 332 787 iratus
354 746 590 786 necessariis
609 743 736 786 Catuli
758 746 1056 801 deprecantibus
1078 761 1153 786 non
1174 748 1296 787 semel
1315 750 1529 802 respondit,
1564 751 1631 790 sed

68 832 208 873 saepe:
244 818 502 859 Moriatur?
539 817 584 858 In
602 833 677 872 quo
700 819 852 859 beatior
873 819 952 870 ille,
987 820 1048 873 qui
1073 820 1159 860 huic
1182 820 1354 861 nefariae
1379 822 1465 861 voci
1488 823 1629 876 paruit,

69 905 179 946 quam
210 892 265 938 is,
301 892 364 946 qui
396 899 470 932 tam
500 892 691 932 scelerate
714 892 934 947 imperavit.
997 891 1101 933 Nam
1131 908 1244 946 quum
1277 894 1477 949 accipere,
1520 910 1632 949 quani

71 966 200 1005 facere
231 972 403 1020 praestat
430 964 633 1015 iniuriam,
667 971 744 1005 tum
770 966 884 1005 morti
911 966 985 1005 iam
1011 966 1082 1020 ipsi
1107 967 1333 1006 adventanti
1355 968 1522 1021 paullum
1545 983 1633 1022 pro-

71 1038 211 1079 cedere
236 1038 416 1088 obviam,
451 1038 551 1091 quod
578 1038 670 1078 l'ecit
693 1036 857 1078 Catulus
873 1070 883 1089 ,
918 1053 1028 1092 quam
1044 1070 1054 1088 ,
1096 1039 1195 1092 quod
1226 1037 1379 1079 Marius
1396 1072 1406 1090 ,

159 1147 181 1187 6
205 1155 258 1186 Sic
284 1157 339 1187 Or.
364 1168 391 1187 c.
414 1156 451 1187 R.
476 1157 512 1187 P.
537 1155 622 1188 Gud.
650 1154 678 1186 1.
705 1157 743 1187 ΙΙ.
763 1154 794 1186 ‘².

74 1200 160 1243 vulg.
185 1203 277 1240 fuisse
313 1211 394 1241 spec.

1449 1041 1534 1081 talis
1558 1041 1632 1081 viri

822 1158 903 1198 Aug.
923 1157 1016 1187 Mon.
1037 1154 1068 1187 ¹2².
1104 1156 1210 1188 Nlarb.
1234 1157 1338 1189 Rehd.
1365 1164 1397 1189 et
1431 1158 1483 1190 ed.
1509 1160 1547 1190 D.
1572 1171 1632 1202 pio

452 1198 472 1232 7
498 1201 551 1231 Sic
584 1203 638 1231 Or.
664 1211 690 1232 c.
714 1200 746 1231 b.
772 1204 853 1243 Aug.
871 1181 985 1231 t'Vind
1013 1200 1040 1232 l.

1067 1200 1096 1232 2.
1134 1201 1220 1233 Gud.
1247 1202 1359 1234 Duisb.
1394 1203 1464 1245 (hic
1494 1206 1547 1243 qui
1566 1205 1632 1247 eos)

71 1247 162 1277 Mon.
191 1246 216 1278 l.
234 1245 264 1276 2.
289 1253 385 1283 octo,
413 1251 448 1275 ut
471 1245 579 1283 vdtr.,
606 1247 686 1276 Oxx.
709 1252 741 1276 et
764 1245 913 1276 omuibus
937 1245 1012 1276 edd.
1034 1252 1116 1276 v.ctt
1136 1253 1212 1277 ante
1234 1247 1273 1278 D.
1289 1259 1295 1283 ς
1321 1246 1438 1278 eodem
1461 1247 1552 1280 ducit
1572 1261 1634 1280 scr.

70 1301 146 1330 quos
177 1294 255 1332 (pro
279 1293 332 1329 qui
352 1290 421 1329 hos)
456 1290 487 1321 in
513 1290 552 1320 R.
579 1291 613 1321 P.
643 1289 728 1321 Gud.
755 1289 803 1325 1.;

69 1379 162 1411 mult.
182 1379 257 1411 edd.
281 1386 360 1410 vett.

70 1427 167 1456 illum.

217 1423 265 1454 Ob
287 1424 430 1465 regulam
451 1423 716 1465 Madvigianam,
752 1424 793 1454 sle
817 1436 880 1466 qua
907 1436 939 1454 v.
963 1434 1024 1454 nos
1044 1423 1086 1455 ad
1111 1425 1133 1455 1.
1159 1424 1218 1461 15,
1243 1424 1320 1463 34.,

842 1290 992 1321 nonnulli
1019 1290 1114 1323 codd
1139 1294 1214 1330 quia
1246 1293 1320 1323 hos:
1356 1292 1389 1322 id
1412 1293 1538 1335 recepit
1565 1293 1633 1330 Kl.‚

69 1346 157 1367 nunc
178 1342 286 1366 autem
310 1334 343 1365 in
363 1334 448 1366 Add.
474 1346 505 1376 p.
521 1332 595 1366 193.
621 1335 768 1377 praefert
792 1337 845 1374 qui
868 1337 930 1366 hos.
978 1334 1000 1366 ὅ
1027 1335 1081 1365 Sic
1105 1335 1217 1368 (Ξιιεί.Γ

1211 1334 1241 1366 2.
1272 1337 1382 1368 Duisb.
1405 1343 1470 1368 tres
1493 1340 1574 1368 Oxx.
1600 1345 1634 1369 et

422 1380 539 1410 eodem
567 1379 658 1409 ducit
680 1391 741 1410 scr.
767 1381 837 1410 huic
858 1381 905 1410 illi
927 1379 959 1410 in
985 1379 1020 1412 R.
1046 1380 1080 1410 P.
1106 1380 1192 1410 Gud.
1217 1380 1245 1411 1.
1271 1382 1310 1411 ΙΙ.
1335 1381 1464 1417 Marb.;
1490 1382 1544 1413 alii
1565 1384 1635 1415 huic

1358 1428 1490 1458 Wesenb.
1514 1428 1586 1458 Em.
1609 1428 1633 1459 1.

69 1481 102 1512 p.
125 1467 179 1501 27.
207 1468 290 1500 coni.
314 1471 398 1500 illins
421 1480 482 1511 pro
505 1471 571 1508 illi,
597 1469 793 1506 observans,
831 1475 866 1499 ut
887 1468 919 1500 in
944 1468 1015 1499 aliis
1033 1468 1085 1500 vel
1107 1469 1339 1512 antiquissimis
1363 1470 1473 1507 codd„
1505 1472 1573 1510 sic,
1598 1479 1635 1503 ut

73 1520 214 1545 testatur
231 1513 427 1555 Krarupius
453 1514 485 1544 in
508 1514 545 1544 R.
566 1524 602 1545 us
624 1514 720 1544 finale
741 1513 905 1544 interdum
925 1520 1006 1544 nota
1029 1513 1169 1556 quadam
1191 1514 1299 1545 sciibi.
1329 1516 1365 1546 V.
1385 1526 1444 1546 nos
1466 1515 1497 1546 in
1512 1517 1552 1548 V
1565 1518 1635 1548 Ser.

71 1558 113 1589 ad
140 1560 178 1590 ΙΙ.
200 1558 262 1596 24,
288 1559 350 1590 56:
389 1565 588 1589 omittamus.
615 1560 669 1591 lv.

698 1557 755 1596 1),
781 1556 842 1589 27ῑ

871 1558 943 1589 veni
947 1570 1048 1589 (.{mUS
1098 1562 1140 1590 At
1165 1571 1264 1602 qullm
1286 1571 1353 1591 non
1376 1560 1439 1591 lari
1462 1571 1635 1603 lepeslass-

70 1610 123 1635 tur
147 1603 233 1641 loci,
259 1603 311 1645 qui
334 1603 380 1634 illi
405 1603 536 1644 regulae
561 1610 761 1646 repugnent,
788 1603 869 1634 nihil
896 1602 1103 1634 mutandum.

138 1669 314 1712 specimen]
354 1670 521 1711 exemplar
557 1669 689 1712 (ldeall.
737 1671 836 1700 Moser

72 1726 180 1757 comp.
198 1714 232 1745 C.
248 1714 278 1745 in
294 1715 401 1746 l'ison.
415 1715 468 1751 39,
486 1715 547 1746 95:
574 1714 694 1755 obtigit
717 1715 750 1745 P.
767 1714 834 1744 Ru-

70 1759 164 1796 tilio,
190 1759 279 1802 quod
302 1762 453 1799 specimen
478 1758 591 1790 habuit
616 1759 697 1789 haec
721 1758 834 1789 civitas

71 1804 291 1835 innocentiae.
324 1804 420 1835 Adde
438 1805 478 1835 N.
497 1805 534 1835 D.
551 1805 604 1835 ΙΙΙ.
619 1803 672 1838 δ’).
689 1806 751 1835 δΟτ
779 1815 836 1834 cur

70 1849 308 1891 temperantiae
321 1849 579 1892 prudentiaeque
594 1851 746 1888 specimen
759 1855 835 1879 ante

72 1894 279 1925 simulacrum
306 1895 427 1925 Vestae
463 1894 615 1936 pontifex
647 1904 690 1924 m.
718 1899 768 1924 est
794 1894 834 1931 Q.

70 1938 229 1970 Scaevola
244 1939 364 1970 trucid.
357 1937 455 1969 itus?
485 1939 535 1969 Cf.
549 1949 647 1981 supra
664 1939 687 1968 1.
705 1935 756 1975 14,
770 1938 832 1970 3’;

70 1987 223 2024 specimen
245 1990 392 2015 naturae.

137 2028 226 2070 salis]
252 2029 328 2059 Non
354 2027 461 2059 solum
486 2027 622 2070 plurali,
651 2026 710 2058 sed
736 2026 835 2058 etiam

70 2072 226 2114 singulari
241 2084 376 2104 numero
393 2073 458 2104 hoc
472 2084 590 2103 nomen
606 2072 667 2103 hac
681 2071 711 2103 vi
726 2072 831 2114 (Witzi

71 2129 89 2149 a
116 2117 268 2149 Ciceroni
293 2117 378 2154 dici,
419 2124 450 2148 et
475 2118 529 2149 hic
554 2124 586 2149 et
609 2117 754 2148 sexcenti
781 2116 834 2147 alii

70 2162 134 2194 loci
148 2162 300 2205 probant.
319 2163 358 2193 V.
370 2162 553 2194 Ellendt.ad
569 2164 654 2193 Brut.
667 2162 834 2199 XXXIV,

73 2207 146 2240 128.
165 2206 262 2250 p.95.
281 2213 314 2238 et
334 2206 376 2238 ad
388 2207 430 2238 de
444 2209 497 2238 Or.
512 2208 554 2239 ΙΙ.
567 2205 622 2245 24,
635 2207 690 2239 98.
705 2206 779 2238 Vol.
796 2207 836 2238 11.

72 2263 104 2295 p.
123 2252 190 2284 220
201 2263 250 2295 sq.

139 2299 206 2328 Etsi
227 2315 271 2321 —-
295 2297 364 2339 sed]
390 2298 431 2328 V.
455 2296 496 2327 ad
521 2298 546 2327 Ι.
572 2295 627 2335 37,
653 2295 708 2328 90.

140 2340 233 2381 §.55
255 2351 354 2380 paene
379 2344 475 2372 altero
491 2342 611 2381 Laelio]
638 2340 710 2372 viro
734 2340 837 2371 Laelii

71 2385 248 2418 simillimo.

140 2429 390 2472 deprecantibus]
417 2430 459 2460 H.
473 2440 501 2460 c.
526 2428 718 2460 necessariis
732 2429 838 2460 Catuli

74 2474 208 2506 caedem
222 2477 365 2514 precibus
377 2476 527 2514 depellere
543 2473 749 2505 conantibus.
778 2476 838 2506 De-

72 2522 196 2561 precari
217 2519 303 2551 enim
328 2519 463 2561 proprie
484 2524 534 2550 est
552 2518 703 2560 precibus
717 2518 837 2560 depel-

74 2564 153 2600 lere.
177 2564 317 2600 amoliri,
343 2571 511 2599 avertere3
538 2562 658 2594 deinde
675 2562 839 2606 significat

76 2609 210 2641 omnino
224 2618 378 2647 amovere,
392 2611 526 2648 abigere,
539 2610 673 2639 amoliri.
693 2607 735 2638 de
747 2609 836 2639 Orat.

75 2655 117 2685 ΙΙ.
136 2654 190 2691 49,
205 2654 289 2686 201:
317 2653 426 2685 omnia
449 2664 500 2683 me
520 2664 651 2695 semper
672 2663 731 2694 pro
752 2652 838 2683 ami-

79 2709 191 2729 corum
215 2698 388 2740 periculis,
428 2698 507 2729 nihil
535 2709 676 2740 unquam
701 2708 761 2739 pro
786 2708 838 2728 me

76 2742 148 2784 ipso
162 2744 370 2782 deprecatum.
406 2742 544 2774 Uberius
567 2742 607 2773 de
629 2742 722 2773 huius
746 2741 838 2773 verbi

78 2786 206 2818 ratione
228 2787 379 2830 exposuit
397 2791 433 2821 A.
449 2787 574 2818 Gellius
594 2787 634 2818 N.
649 2790 686 2818 A.
709 2787 765 2822 Vl,
786 2786 835 2818 16.

78 2831 173 2862 Adde
185 2833 344 2864 Ruhnken.
358 2832 400 2864 ad
415 2832 513 2863 Rutil.
526 2833 608 2873 Lup.
621 2843 653 2873 p.
663 2830 717 2863 29.
733 2830 837 2862 Multa

78 2874 230 2907 confudit
250 2883 284 2907 et
305 2877 451 2908 turbavit
460 2879 662 2909 Burmannus
675 2875 716 2906 ad
729 2875 838 2914 Quin-

78 2919 144 2951 ctil.
170 2921 249 2952 Inst.
273 2927 356 2952 orat.
374 2921 474 2954 111.6.
492 2933 523 2964 p.
536 2920 613 2954 ¹240.
650 2921 701 2951 Cf.
717 2922 835 2952 Mitller.

871 1669 912 1701 ad
934 1670 999 1701 Cic.
1016 1669 1058 1700 de
1082 1671 1171 1701 Orat.
1200 1671 1222 1701 Ι.
1233 1672 1286 1707 ²0,
1302 1669 1357 1702 90.
1381 1683 1414 1713 p.
1425 1670 1479 1704 62.
1503 1679 1536 1704 et
1560 1675 1635 1705 Bre-

869 1718 969 1746 ‘mz'um
988 1715 1030 1745 ad
1045 1715 1144 1745 Corn.
1160 1716 1246 1757 Nep.
1262 1716 1360 1746 Attio.
1376 1716 1454 1754 XII,
1470 1718 1501 1748 ².
1494 1729 1546 1760 ..p
1557 1717 1634 1750 38).

938 1771 999 1791 non
1023 1762 1136 1799 semel,
1173 1762 1224 1790 sed
1258 1759 1362 1802 saepe]
1404 1764 1490 1802 Apte
1528 1773 1634 1804 comp

870 1806 1011 1835 Klotzius
1035 1804 1075 1834 ad
1103 1783 1170 1834 A'tt.
1198 1806 1221 1834 Ι.
1249 1804 1300 1841 19,
1320 1805 1377 1837 17.
1406 1812 1439 1836 ut
1463 1805 1495 1836 in
1520 1814 1634 1838 senatu

869 1860 930 1880 ποη
954 1851 1066 1887 semel,
1091 1850 1143 1879 secl
1167 1858 1259 1888 saepe
1284 1867 1325 1872 -—
1350 1849 1555 1882 adiudicarit.

937 1895 1096 1932 accipere,
1130 1904 1227 1932 quam
1259 1895 1360 1933 facere
1390 1899 1530 1933 praestat
1553 1898 1636 1928 iniu-

868 1939 966 1981 riam]
1006 1939 1051 1968 De
1075 1937 1138 1969 hac
1162 1938 1326 1969 sententia
1352 1950 1461 1991 comp.
1486 1942 1637 1972 Davisius

871 1983 954 2014 Plat.
981 1982 1083 2036 Gorg.
1114 1994 1146 2024 p.
1167 1982 1251 2014 2:90
1300 1982 1346 2015 Et
1378 1980 1558 2037 ἀναγκαῖον
1581 1985 1635 2027 εἴη

871 2023 998 2061 ἀδικεῖν
1022 2023 1045 2069 η’
1076 2023 1133 2060 οἶδ,
1124 2030 1282 2066 κεῐσὲαι,
1300 2026 1367 2060 tao-1
1357 2039 1435 2070 μην
1452 2024 1490 2061 ἂν
1513 2030 1635 2071 μᾶλλον

871 2069 927 2106 αδι
930 2073 1066 2105 κεισῒῑαι
1089 2067 1114 2113 η’
1134 2068 1189 2105 αδ.
1192 2083 1229 2104 κε
1234 2075 1271 2104 ἵν.
1308 2074 1423 2104 Senec.
1456 2073 1497 2104 de
1520 2074 1633 2107 Const.

872 2120 936 2159 Sap
941 2128 994 2148 ..c
1013 2117 1060 2149 16.
1076 2116 1161 2148 Gell.
1176 2117 1218 2148 N.
1234 2121 1270 2147 A.
1284 2117 1361 2154 ΧΙΙ,
1376 2116 1406 2155 9,
1434 2118 1543 2157 ubiQ.
1556 2120 1634 2150 Me-

871 2162 969 2193 tellus
985 2161 1195 2192 Numidicus:
1222 2161 1332 2200 Probi,
1349 2162 1465 2204 inquit,
1483 2163 1634 2195 iniuriam

872 2206 1002 2238 facilius
1026 2206 1212 2248 accipiunt,
1245 2218 1340 2248 quam
1365 2207 1460 2238 alteri
1486 2208 1634 2240 tradunt.

873 2254 972 2283 Moser
1003 2250 1096 2282 addit
1132 2250 1267 2281 Aristot.
1297 2251 1368 2282 Eth.
1394 2252 1523 2284 Nicom.
1546 2253 1589 2290 V,
1614 2254 1633 2285 ὁ

873 2303 953 2327 extr
980 2295 1145 2327 Plutarch.
1170 2294 1288 2325 Mor-11.
1313 2307 1344 2337 p.
1363 2295 1418 2327 36.
1445 2297 1478 2326 Β.
1504 2308 1532 2327 c.
1559 2297 1635 2329 adn.

872 2340 1049 2383 VVyttenb.
1071 2352 1102 2381 p.
1116 2340 1191 2370 2¹01.
1218 2342 1295 2380 (p.²
1299 2341 1352 2371 ¹²0.
1375 2340 1424 2370 ed.
1441 2340 1501 2382 Lip
1504 2352 1529 2372 s.
1541 2342 1581 2374 T.
1596 2343 1634 2383 Ι.)

933 2386 1015 2424 quod
1025 2386 1095 2423 [ecit
1110 2383 1252 2434 Catulus]
1270 2384 1432 2416 Plutarch.
1446 2386 1526 2417 Mar.
1541 2398 1567 2417 c.
1580 2385 1633 2418 44.

873 2440 904 2471 p.
915 2428 991 2461 431.
1011 2429 1116 2460 F.:rcf
1141 2425 1274 2466 Κάτλος
1296 2426 1334 2462 δὲ
1348 2427 1542 2472 Λουτάτιος,
1556 2430 1632 2464 Μα-

873 2473 934 2516 ρίῳ
961 2472 1125 2515 συνάρξας
1160 2472 1218 2505 καὶ
1252 2456 1545 2529 συνὲριαυβεύσας
1568 2473 1633 2509 ἀπὸ

873 2518 1048 2570 Κίμβρων,
1064 2516 1136 2550 ἐπεὶ
1154 2515 1239 2558 ποὸς
1258 2517 1336 2555 τοὺς
1354 2521 1392 2552 δε
1395 2531 1455 2572 ομε
1441 2518 1531 2558 ένους
1551 2518 1634 2563 υπὲρ

873 2559 974 2595 αυτοῦ
1002 2561 1059 2614 καῖε
1082 2573 1184 2609 παρα.
1186 2561 1287 2604 τουμέ
1289 2574 1361 2600 ,μους
1387 2561 1404 2598 ὁ
1428 2562 1559 2606 Μάριος
1582 2577 1635 2599 το-

873 2607 988 2640 σοῦ-τον
1013 2618 1110 2648 μενοι
1133 2603 1241 2639 εἶπεν·
1269 2603 1449 2640 Ἀποὲῒνῌεΐ
1436 2621 1462 2641 ’.υ
1485 2612 1547 2646 δεῖ,
1573 2622 1634 2642 κα-

872 2652 974 2683 τακλε
977 2649 1133 2694 ισάμενος
1169 2650 1218 2689 εἰς
1249 2652 1376 2706 cix-<3223
1409 2653 1467 2686 καὶ
1495 2653 1635 2692 πολλους

872 2691 935 2729 &22-
930 2707 1044 2736 ρακας
1078 2695 1311 2738 ἐκζωπυρίσας
1346 2694 1411 2730 cix:
1413 2698 1476 2731 mi
1474 2709 1521 2740 [η.
1582 2699 1635 2728 Cf-

872 2741 1012 2783 Appian.
1037 2742 1061 2779 Ι,
1082 2740 1160 2774 665
1182 2741 1296 2773 Vellei.
1311 2742 1380 2773 Pat.
1393 2745 1433 2779 11,
1447 2746 1500 2773 Ἅι.
1523 2742 1632 2773 Vale-r.

872 2786 960 2816 Max.
985 2786 1045 2817 IX.
1072 2784 1123 2825 12,
1139 2783 1173 2818 4.
1199 2786 1288 2818 Flor.
1312 2788 1370 2828 ΙΙῘ,
1394 2788 1448 2818 21.
1497 2789 1540 2817 At
1562 2789 1633 2817 Au—

871 2829 991 2872 gustin.
1018 2830 1053 2861 C.
1079 2830 1119 2862 D.
1148 2831 1216 2869 ΙΙΙ,
1241 2831 1295 2864 27.
1320 2830 1454 2869 narrati,
1481 2830 1631 2862 Catulum

870 2881 1001 2917 sumpto
1023 2886 1151 2906 veneno
1176 2882 1315 2906 mortem
1341 2875 1401 2905 sibi
1424 2874 1632 2908 conscivisse.

871 2920 911 2950 V.
933 2922 1095 2952 Davisitttn
1120 2920 1159 2951 ad
1188 2921 1291 2951 Cicer.
1318 2919 1358 2949 de
1384 2919 1424 2949 N.
1441 2919 1478 2949 D.
1501 2920 1559 2958 ΙΙΙ,
1576 2919 1630 2953 32.
