1863 3221
216 91 297 134 208

215 192 327 233 quam
352 177 562 217 maximnm
588 175 778 225 dedecus,
811 173 850 214 in
877 174 961 228 ipso
987 174 1087 214 enim
1115 174 1306 215 dedecore
1331 175 1420 217 mali
1445 175 1538 217 nihil
1564 190 1671 228 esse,
1706 176 1779 218 nisi

795 95 961 128 Lmen
987 97 1028 128 11.
1055 94 1116 136 12,
1140 94 1194 129 29.

214 256 427 305 sequautur
450 249 622 289 dolores.
687 246 787 300 Quis
811 248 929 301 igitur
953 246 1166 302 Epicurum
1194 248 1370 302 sequitur
1396 250 1528 301 dolor,
1562 263 1677 303 quum
1705 249 1779 290 hoc

213 324 336 378 ipsum
369 322 484 372 dicit,
527 335 716 361 summum
750 320 891 360 malum
925 334 1014 361 esse
1046 321 1250 361 dolorem?
1296 336 1371 375 quo
1403 322 1569 362 dedecus
1601 321 1726 363 maius
1757 336 1779 363 a

215 395 442 451 philosopho
470 395 614 435 nullum
641 401 847 448 exspecto.
897 392 1030 448 Quare
1054 393 1149 434 satis
1176 393 1267 433 mihi
1293 394 1447 446 dedisti,
1477 409 1593 448 quum
1618 408 1781 450 respon-

215 469 319 519 disti,
354 457 477 508 maius
502 467 568 507 tibi
592 466 718 507 videri
742 467 898 517 malum,
933 467 1117 517 dedecus,
1152 481 1264 521 quam
1296 467 1484 508 dolorem.
1548 467 1635 508 Hoc
1656 468 1781 523 ipsum

216 542 319 582 euim
351 541 384 581 si
416 540 591 590 tenebis,
624 539 845 594 intelliges,
887 554 999 594 quam
1032 539 1082 592 sit
1114 540 1379 580 obsistendum
1413 540 1559 592 dolori,
1601 554 1673 581 uec
1704 548 1780 581 tam

215 614 478 669 quaerendum
510 621 593 664 est,
627 613 738 653 dolor
765 613 957 653 malumne
982 614 1054 664 sit,
1090 627 1204 667 quam
1230 613 1440 653 firmandus
1466 613 1617 654 animus
1643 615 1689 654 ad
1714 615 1781 655 do-

216 688 337 728 lorem
372 688 590 728 ferendum.
653 691 722 726 29.
759 684 1008 727 Concludunt
1041 686 1315 727 ratiunculas2
1346 685 1494 737 Stoici,
1529 701 1597 727 cur
1626 701 1704 727 non
1732 687 1783 728 sit

216 761 383 812 malum,
418 760 528 814 quasi
553 760 599 801 de
623 760 768 810 verbo,
803 774 878 800 non
904 760 950 799 de
974 773 1016 800 re
1041 759 1255 800 laboretur.
1285 783 1341 790 —
1401 758 1503 813 Quid
1529 773 1589 800 me
1617 760 1778 815 decipis,

219 833 358 874 Zeno?
416 833 521 873 Nam
552 847 666 887 quum
692 833 753 882 id,
788 833 889 886 quod
914 832 1004 872 mihi
1029 832 1215 873 horribile
1239 833 1414 882 videtur,
1451 839 1491 873 tu
1517 833 1673 873 omnino
1700 847 1782 873 ma-

215 908 294 947 lum
316 920 437 960 negas
461 919 549 946 esse
567 910 583 933 ³
599 937 609 956 ‚
643 905 775 960 capior
797 913 835 946 et
857 905 958 946 scire
981 906 1118 960 cupio,
1153 920 1228 959 quo
1257 906 1369 946 modo
1394 906 1454 957 id,
1488 907 1588 960 quod
1614 919 1686 960 ego
1709 906 1781 946 mi-

217 980 424 1021 serrimum
452 979 698 1028 existimem,
733 991 783 1018 ne
809 978 950 1017 malum
983 978 1135 1032 quidem
1168 979 1232 1018 sit.
1266 1002 1322 1007 —-
1379 977 1490 1018 Nihil
1523 986 1605 1028 est,
1638 978 1779 1033 inquit,

216 1053 381 1102 malum,
416 1051 490 1091 nisi
525 1051 625 1104 quod
656 1057 768 1105 turpe
795 1057 909 1104 atque
934 1050 1116 1091 vitiosum
1145 1058 1219 1091 est.
1261 1074 1310 1081 —
1369 1051 1430 1090 Ad
1461 1051 1627 1105 ineptias
1659 1050 1779 1092 redis.

216 1122 314 1164 Illud
345 1123 471 1174 enim,
505 1123 606 1176 quod
629 1136 690 1163 me
721 1122 910 1176 angebat,
945 1136 1021 1162 non
1051 1122 1210 1164 eximis.

305 1252 328 1285 2
352 1253 406 1285 Sic
430 1255 484 1285 Or.
507 1265 533 1284 c.
557 1252 592 1283 P..
620 1251 746 1284 Gud.1.
771 1251 803 1285 2.
830 1254 871 1284 ΙΙ.
898 1252 1074 1296 multisque
1094 1253 1164 1285 aliis
1188 1253 1284 1287 codd.
1310 1265 1370 1296 pro
1391 1256 1585 1286 ratiunculis.

1273 1121 1367 1164 Scio
1391 1123 1562 1164 dolorem
1589 1138 1666 1164 non
1690 1137 1781 1165 esse

1631 1254 1671 1285 V.
1695 1252 1780 1285 Adn.

216 1299 237 1331 3
262 1298 316 1330 Sic
338 1299 376 1332 R.
403 1298 488 1329 Gud.
514 1297 543 1328 1.
570 1300 652 1340 Aug.
678 1298 768 1329 Mon.
797 1297 823 1329 l.
847 1296 878 1329 2.
904 1298 1032 1335 Marb.;
1058 1300 1112 1330 Or.
1141 1310 1166 1329 c.
1191 1298 1277 1340 vulg.
1304 1309 1367 1330 esse
1390 1309 1495 1339 ne9as.

218 1377 284 1416 „de
317 1375 443 1419 protasi
476 1375 712 1418 paratactica.“
771 1375 822 1406 Cf.
857 1387 916 1407 nos
949 1375 983 1406 in

217 1421 375 1464 ampliore
393 1421 449 1451 Gr.
464 1422 520 1452 Gr.
545 1424 570 1462 ᾗ.
587 1422 665 1459 523,
684 1422 714 1452 ὅ.
735 1421 775 1452 T.
797 1421 835 1451 ll.
861 1432 892 1462 p.
908 1420 984 1452 561.

285 1469 354 1506 quis
385 1467 480 1505 i9ilur
506 1467 673 1504 Epicurum
709 1467 846 1504 sequitur
880 1464 981 1507 dolor]

219 1510 411 1542 Sententia:
462 1509 567 1540 Dolm
614 1508 746 1551 quidem
796 1509 984 1551 Epicurum,

219 1567 317 1599 quum
341 1554 440 1592 dicit,
466 1565 626 1585 summum
648 1554 767 1584 malum
791 1565 861 1585 esse
884 1554 985 1585 dolo-

218 1611 307 1637 rem,
334 1599 482 1642 sequitur
504 1599 630 1639 nullus,
656 1605 689 1629 at
714 1598 855 1630 dedecus
878 1598 985 1629 maxi—

217 1656 317 1676 mum.
374 1645 460 1686 Ergo
497 1655 536 1674 ex
575 1624 704 1685 Epicuri
740 1643 869 1675 ratione
905 1644 981 1674 licet

218 1689 395 1721 maximum
418 1688 479 1719 sibi
504 1688 699 1719 connubere
723 1687 884 1727 dedecus,
920 1699 982 1718 nec

218 1741 328 1766 tamen
355 1733 389 1763 in
419 1744 457 1764 eo
490 1740 540 1763 est
573 1733 714 1772 malum,
752 1732 812 1764 nisi
848 1732 981 1764 dolores

217 1784 407 1821 sequuntur.
446 1777 566 1807 Mirum
589 1777 622 1808 in
646 1776 779 1808 modum
804 1777 896 1808 huius
917 1776 982 1808 loci

217 1822 415 1854 sententiam
446 1821 586 1853 detorsit
612 1824 773 1861 Klotzius,
808 1822 866 1853 sed
898 1833 983 1852 nunc

217 1868 250 1898 in
273 1866 358 1898 Add.
379 1879 410 1909 p.
426 1866 480 1898 ὃὸ.
513 1873 656 1897 nostram
680 1865 853 1908 adoptavit
876 1866 982 1897 inter—

218 1912 450 1955 pretationem,
478 1922 575 1953 quam
593 1910 626 1941 in
646 1910 791 1942 editione
806 1922 864 1942 sua
882 1922 984 1954 prol—

217 1969 270 1988 sus
291 1968 309 1987 a
329 1967 407 1987 vero
430 1955 580 1987 aberrare
603 1963 728 1986 temere
748 1961 844 1998 atque
865 1956 981 1987 incon-

217 2001 302 2032 sulto
327 2001 536 2032 clamaverat.
572 2001 619 2031 De
641 1999 807 2030 locutione
827 2002 914 2032 dolor
937 2010 983 2032 me

217 2049 354 2086 sequitur
388 2054 470 2086 pro:
521 2055 582 2085 ego
619 2044 651 2074 in
687 2043 838 2075 dolorem
872 2044 983 2075 incido

219 2091 399 2128 Madvigius
417 2088 459 2119 ad
481 2088 549 2119 Fin.
571 2089 594 2118 Ι.
614 2088 662 2125 10,
683 2087 745 2119 3⁴2:
770 2099 984 2128 „consequun-

219 2138 269 2166 tur
289 2135 398 2173 mayni
419 2135 539 2164 dolores
560 2142 628 2171 eos,
662 2131 717 2174 qui
738 2132 866 2164 ratione
885 2134 983 2164 volu-

219 2185 347 2221 ptatem
370 2177 465 2220 sequi
487 2177 662 2209 nesciunt“
693 2187 799 2219 comp.
824 2179 918 2209 Verr.
941 2179 981 2209 V.

221 2226 249 2266 §.
278 2221 358 2255 159:
397 2229 433 2252 ut
467 2224 500 2254 C.
530 2224 652 2253 Verrem
678 2240 715 2244 —
740 2223 854 2261 diynus
885 2225 984 2253 exitus

220 2266 381 2298 eiusmodi
413 2266 481 2297 vita
512 2270 725 2306 consequatur.
774 2266 815 2297 de
847 2268 899 2298 Or.
926 2268 982 2297 Ill.

220 2312 258 2351 3,
284 2312 322 2344 8:
362 2314 385 2342 ii
417 2317 526 2342 tamen
560 2313 783 2351 rempublicam
817 2321 908 2343 casus
933 2321 983 2343 se-

221 2359 283 2389 cuti
305 2360 384 2388 sunt.

308 2401 384 2432 Ab).
434 2402 626 2432 Concludunt
646 2401 854 2443 ratiunculas]
891 2401 933 2432 H.
957 2412 984 2433 e.

223 2444 452 2477 concludendo
476 2445 624 2476 efficiunt
648 2445 856 2477 ratiunculas.
904 2448 985 2477 Bou-

222 2491 337 2520 hierius
371 2496 539 2530 comparat
574 2489 615 2520 de
650 2490 757 2521 Divin.
785 2492 811 2522 Ι.
832 2491 895 2529 52,
922 2491 983 2523 71:
1022 2491 1059 2521 V.

225 2533 397 2575 Cratippus
418 2534 501 2564 solet
522 2533 684 2565 rationem
706 2535 902 2566 concludere
923 2535 987 2566 hoe

222 2577 334 2609 modo.
391 2577 493 2608 Addit
526 2581 623 2609 Moser
660 2581 788 2610 Orator.
812 2580 873 2618 35,
906 2580 984 2612 1¹22:

224 2622 523 2664 argumentationes
538 2623 741 2655 concludere.
768 2624 812 2655 ib.
834 2623 887 2662 40,
906 2623 986 2657 157ῑ

224 2673 451 2708 argumentum
477 2666 604 2697 ratione
636 2668 845 2699 concludere.
892 2669 987 2700 Plura

226 2710 358 2752 collegit
371 2712 551 2750 Madviyius
571 2710 611 2740 ad
635 2711 704 2742 Fin.
728 2714 751 2742 Ι.
766 2711 796 2749 9,
816 2713 876 2744 30:
904 2724 987 2744 con-

226 2755 470 2797 clusionemque
495 2754 630 2786 rationis
658 2755 690 2796 (i.
708 2767 735 2786 0.
763 2756 988 2799 syllogismum

226 2806 260 2832 et
277 2798 594 2841 argumentationem
611 2810 670 2841 per
683 2800 891 2842 syllogismos
906 2813 988 2844 pro—

228 2844 425 2885 cedentem).

294 2891 386 2929 quasi
408 2890 444 2920 de
472 2890 584 2927 verbo,
618 2898 679 2921 non
703 2890 740 2920 de
763 2898 796 2920 re
820 2891 986 2933 laboretur]

228 2935 266 2965 V.
292 2933 334 2965 ad
359 2931 580 2972 111.18,40.

1087 1375 1209 1418 capior]
1247 1377 1287 1407 H.
1311 1387 1338 1407 e.
1371 1376 1520 1415 allicior,
1557 1376 1604 1407 rei
1634 1375 1782 1407 novitate

1019 1420 1158 1452 afficior.
1210 1420 1260 1452 Cf.
1285 1422 1325 1452 V.
1356 1421 1411 1459 lO,
1436 1421 1489 1453 Q.

1087 1467 1168 1497 Nihil
1192 1470 1253 1505 est,
1281 1468 1398 1506 inquil,
1422 1466 1556 1508 malum]
1593 1468 1693 1506 lnquit
1715 1465 1784 1497 scil.

1020 1510 1233 1542 adversarius.
1282 1511 1320 1543 V.
1347 1510 1388 1541 ad
1414 1512 1436 1542 Ι.
1459 1510 1522 1548 39,
1548 1510 1615 1542 §³31

1087 1556 1231 1594 doleam,
1265 1565 1369 1586 necne.
1381 1555 1517 1596 doleam]
1555 1557 1715 1587 Ernestius
1742 1554 1784 1586 de

1021 1601 1176 1632 Bouhierii
1199 1599 1383 1641 suspicione
1417 1599 1540 1630 ‘delevit
1563 1599 1703 1631 alterum
1726 1602 1782 1631 do-

1016 1647 1096 1676 leam
1119 1650 1151 1674 et
1175 1651 1290 1675 contra
1312 1644 1461 1675 codicum
1486 1644 1583 1675 fidem
1605 1651 1637 1675 et
1661 1652 1779 1676 contra

1018 1688 1289 1720 consuetudinem
1316 1689 1573 1720 Ciceronianam.
1623 1688 1729 1721 Divin.
1756 1691 1778 1727 l,

1016 1732 1077 1766 39:
1104 1735 1170 1772 fiat,
1195 1744 1297 1764 necne
1317 1736 1382 1774 fiat,
1406 1733 1440 1764 id
1463 1733 1640 1776 quaeritur.
1674 1734 1716 1765 N.
1739 1735 1779 1766 D.

1019 1780 1052 1815 l,
1076 1780 1138 1809 22:
1176 1777 1352 1816 Quaeritur
1375 1797 1417 1802 —-
1442 1782 1541 1809 sintne
1573 1778 1639 1817 dii,
1676 1789 1781 1809 necne

1017 1825 1087 1854 sint.
1128 1822 1178 1853 Cf.
1200 1825 1364 1854 Davisium
1384 1823 1425 1853 ad
1446 1823 1487 1854 N.
1511 1824 1550 1854 D.
1576 1824 1640 1862 ΙΙΙ,
1662 1823 1701 1857 7:
1737 1822 1781 1854 dii

1019 1874 1126 1897 utrum
1148 1869 1220 1906 sint,
1241 1879 1345 1898 necne
1367 1870 1437 1907 sint,
1461 1867 1638 1909 quaeritur.
1686 1867 1780 1899 Adde

1017 1914 1172 1943 Bremium
1195 1919 1228 1943 et
1241 1914 1394 1944 Moserum
1417 1912 1458 1943 ad
1473 1913 1496 1943 F
1499 1918 1543 1943 at
1566 1912 1661 1944 «212.
1683 1913 1782 1954 054.

1020 1968 1050 1998 p.
1082 1956 1158 1988 6Ιὸ
1216 1959 1359 1990 Goerenz.
1395 1957 1436 1987 ad
1468 1956 1539 1987 Fin.
1574 1958 1614 1988 V.
1642 1955 1701 1996 16,
1726 1953 1780 1988 4ο.

1020 2012 1050 2042 p.
1069 1999 1144 2033 '0159-
1179 2003 1282 2032 Hand.
1307 2002 1449 2033 Tursell.
1474 2003 1496 2032 Ι.
1519 2013 1549 2044 p
1565 2000 1704 2051 3310sq„
1729 2000 1784 2043 qui

1017 2013 1139 2075 ibidem
1170 2052 1266 2076 acute
1294 2045 1414 2084 docet,
1451 2057 1507 2077 cur
1528 2055 1619 2077 necne
1640 2045 1673 2076 in
1696 2045 1784 2076 obli-

1018 2100 1081 2131 qua
1103 2089 1381 2132 interrogatione,
1407 2101 1511 2122 annon
1534 2090 1568 2121 in
1590 2096 1681 2122 recta
1705 2089 1783 2133 poni

1017 2133 1133 2164 soleat.

1096 2181 1261 2218 Nunquam
1294 2179 1483 2222 quicquam]
1522 2179 1598 2210 Scil.
1632 2179 1781 2211 interest.

1020 2223 1113 2253 Hanc
1137 2224 1280 2254 omnium
1310 2223 1468 2254 librorum
1496 2224 1690 2265 scripturam
1717 2226 1782 2254 Da—

1017 2269 1114 2299 visius
1129 2275 1217 2299 recte
1232 2267 1382 2299 defendit
1401 2274 1515 2299 contra
1528 2270 1673 2300 Lambini
1699 2279 1782 2299 con-

1018 2311 1177 2343 iecturam
1198 2314 1273 2344 nihil
1296 2315 1479 2352 quicquam,
1509 2312 1631 2344 docens
1653 2312 1782 2355 saepius

1019 2355 1106 2398 apud
1143 2357 1291 2388 Plautum
1326 2363 1359 2387 et
1393 2357 1586 2388 Terentium
1623 2367 1784 2397 nunquam

1018 2403 1183 2441 quicquam
1216 2401 1300 2444 legi,
1338 2408 1373 2432 ut
1398 2401 1444 2433 Pl.
1470 2402 1589 2445 Amph.
1614 2403 1637 2433 Ι.
1666 2403 1703 2441 1,
1729 2400 1784 2434 92.

1022 2446 1108 2477 Asin.
1134 2448 1158 2478 Ι.
1179 2446 1210 2485 3,
1229 2445 1283 2479 44.
1316 2445 1399 2477 Rud.
1421 2447 1460 2477 ΙΙ.
1483 2446 1512 2483 7,
1530 2447 1584 2479 ⁴23.
1609 2447 1685 2478 Ter.
1701 2446 1783 2476 Eun.

1082 2490 1375 2529 7,..1Α(ΙΙ.2,
1405 2491 1597 2530 1&.1V.1‚
1625 2490 1675 2522 12.

1087 2537 1303 2577 reiiciendum]
1338 2515 1441 2566 Stoici
1475 2541 1605 2576 praeter
1629 2533 1783 2565 virtutem

1024 2586 1058 2611 et
1083 2580 1319 2623 turpitudinem
1351 2585 1480 2629 ponunt
1504 2591 1560 2619 ea,
1597 2589 1679 2620 quae
1703 2578 1783 2609 nihil

1023 2624 1134 2656 valent
1149 2625 1191 2656 ad
1207 2625 1303 2656 beate
1321 2623 1479 2654 misereve
1494 2623 1545 2654 viv
1539 2622 1680 2661 ⁷,endum
1699 2634 1781 2665 quae

1023 2669 1129 2700 m<dia
1154 2666 1345 2711 (ἀδιάφορα)
1370 2667 1541 2698 dicuntur:
1567 2678 1704 2709 quorum
1719 2667 1783 2699 alia

1021 2720 1096 2745 sunt
1131 2713 1323 2756 προηγμένα
1363 2713 1556 2754 (producta,
1592 2715 1783 2752 praeposita,

1020 2759 1228 2798 praecipua),
1253 2758 1285 2790 h.
1300 2768 1327 2788 0.
1354 2756 1471 2798 digna,
1502 2767 1584 2798 quae
1609 2756 1781 2809 eligantur,

1024 2810 1059 2834 ut
1088 2802 1242 2834 valetudo
1275 2807 1383 2840 recta,
1420 2800 1574 2838 divitiae3
1610 2800 1673 2832 alia
1703 2798 1785 2834 ἀπο

1022 2846 1215 2890 προηγμένα
1240 2847 1375 2889 (reiecta,
1395 2846 1603 2885 reiectanea),
1626 2846 1663 2877 h.
1678 2857 1706 2878 e.
1729 2845 1782 2876 di-

1024 2903 1098 2933 gna,
1125 2903 1210 2934 quae
1229 2890 1427 2928 reficiantur,
1456 2896 1490 2920 ut
1513 2901 1612 2929 mors,
1639 2890 1782 2928 morbus,

1024 2936 1140 2975 dolor,
1175 2941 1360 2978 paupertas.
1417 2935 1501 2966 Fuse
1537 2934 1621 2967 hanc
1652 2934 1784 2967 Stoicae
