1863 3221
231 118 317 162 466
801 118 966 152 Linea
991 108 1030 151 v.
1058 115 1120 158 36,
1149 117 1224 150 105.

231 207 343 262 gulos
367 206 468 247 sicut
488 201 689 258 operarios
707 198 973 251 barbarosque
995 203 1239 247 contemnas,
1268 209 1337 236 eos
1358 196 1499 250 aliquid
1521 205 1654 252 putare
1671 208 1758 237 esse
1772 200 1790 224 ³

232 279 465 320 universos?
524 274 593 315 Ille
615 286 710 314 vero
728 278 882 311 nostras
901 269 1132 310 ambitiones
1154 269 1410 322 levitatesque
1430 277 1652 310 contemnet
1672 270 1795 310 hono-

234 364 374 405 resque
398 348 551 404 populi,
585 345 701 386 etiam
727 343 827 383 ultro
847 343 1021 392 delatos,
1055 340 1297 395 repudiabit3
1331 355 1403 381 nos
1428 348 1555 382 autem
1580 356 1648 382 eos
1670 342 1797 382 nesci-

1363 420 1456 454 105.
1492 413 1566 453 Est
1592 415 1692 467 apud
1718 413 1798 454 He-

234 496 409 536 raclitum
446 491 645 547 physicum
682 490 727 529 de
764 489 937 543 principe
974 486 1234 541 Ephesiorum
1261 485 1531 526 Hermodoro:
1574 487 1797 537 universos,

235 438 340 474 mus,
375 428 579 473 antequam
609 417 811 472 poenitere
839 415 990 470 coepit,
1026 421 1293 454 contemnere.

236 569 342 617 ait4‚
377 563 571 619 Ephesios
599 576 688 603 esse
712 569 836 602 morte
863 561 1079 601 multandos
1096 589 1106 609 ‚
1141 559 1267 613 quod,
1302 574 1415 613 quum
1443 559 1602 599 civitate
1630 559 1802 613 expelle-

236 646 325 679 rent
349 637 662 685 Hermodorum,
707 634 760 674 ita
784 633 901 674 locuti
927 634 1026 674 siut:
1062 632 1201 673 Nemo
1227 632 1281 673 de
1302 631 1422 673 nobis
1443 645 1550 673 unm
1585 632 1772 672 excellat
1784 647 1802 679 ,-

237 714 304 753 sin
331 712 423 765 quis
457 709 693 758 exstiterit,
735 709 825 747 alio
852 708 895 747 in
923 707 1018 747 loco
1041 711 1081 746 et
1106 705 1226 759 apud
1250 706 1362 745 alios
1387 706 1453 745 sit.
1515 704 1580 744 An
1616 704 1688 744 hoc
1725 718 1803 744 uon

238 785 291 825 ita
316 784 356 824 lit
377 783 480 823 omni
501 783 540 822 in
564 781 730 836 populo?
763 793 891 819 nonne
915 793 1068 819 omnem
1093 777 1410 832 exsuperantiam
1434 777 1588 818 virtutis
1610 777 1805 817 oderunt?

240 855 368 910 Quid?
399 855 595 895 Aristides
619 854 737 906 (malo
762 853 864 892 enim
895 851 1136 892 Graecorum
1161 865 1273 904 quam
1301 857 1432 890 nostra
1457 851 1652 904 proferre)
1675 863 1806 890 nonne

241 930 288 969 ob
312 942 398 968 eam
425 941 603 967 caussam
633 925 819 979 expulsus
843 931 902 963 cst
926 924 1074 977 patria,
1109 924 1209 977 quod
1237 931 1393 977 praeter
1415 923 1567 963 modum
1595 923 1718 962 iustus
1745 935 1807 962 es-

241 1002 328 1040 set?
387 998 554 1051 Quantis
578 998 695 1051 igitur
720 996 908 1036 molestiis
936 1003 1100 1045 vacant,
1149 996 1211 1048 qui
1237 995 1330 1034 nihil
1359 996 1516 1034 omuino
1553 1009 1639 1034 cum
1669 995 1809 1049 populo

243 1072 500 1113 contrahunt?
537 1070 624 1123 quid
653 1077 714 1109 est
740 1068 841 1108 enim
875 1067 1024 1107 dulcius
1051 1066 1129 1107 otio
1167 1068 1367 1107 litterato?
1409 1067 1490 1106 iis⁵
1529 1067 1613 1107 dico
1647 1067 1806 1118 litteris,

244 1145 380 1198 quibus
402 1143 629 1183 infinitatem
656 1156 785 1181 rerum
806 1148 920 1194 atque
943 1147 1106 1180 naturae
1133 1147 1167 1179 ct
1193 1140 1231 1179 111
1256 1139 1327 1179 1100
1355 1140 1439 1194 ipso
1470 1140 1613 1179 mundo
1632 1140 1805 1191 caelum,

245 1225 394 1266 terras,
429 1216 549 1256 maria
581 1213 871 1268 cognoscimus.

336 1328 357 1360 3
383 1330 458 1359 Ern.
483 1339 500 1358 e
522 1326 608 1358 coni.
632 1336 682 1358 eos
704 1335 766 1358 esse
789 1327 910 1365 aliquid
929 1329 1051 1365 putare.
1098 1322 1120 1357 4
1144 1336 1174 1357 v.
1202 1324 1285 1356 Adn.

245 1381 318 1413 tur,
343 1372 478 1415 reliqui3
503 1371 560 1403 Kl.
583 1371 669 1402 male
694 1382 720 1402 c.
748 1370 834 1412 vulg.
862 1372 919 1401 his.

314 1440 434 1478 aliquid
455 1441 568 1477 putare
591 1438 668 1477 esse]
697 1437 843 1467 Graece:
882 1435 1013 1468 οῗεσξῒαί

246 1496 279 1518 τι
303 1481 404 1516 sivan:
431 1482 472 1512 de
494 1492 559 1523 quo
581 1480 784 1522 pronominis
810 1482 930 1519 aliquid
954 1491 1010 1511 usu

248 1539 346 1571 supra
370 1526 411 1558 ad
434 1527 525 1563 1130,
546 1524 597 1558 45.
621 1524 841 1567 exposuimus.
870 1526 917 1555 De
933 1536 1013 1555 sen-

249 1572 354 1604 tentia
375 1573 521 1602 Davisius
543 1581 648 1612 comp.
664 1569 789 1600 Aelian.
812 1570 850 1600 V.
870 1569 910 1600 H.
932 1569 963 1607 2,
983 1572 1010 1601 1.

248 1618 337 1648 Xen.
354 1616 538 1646 Commeat.
562 1616 617 1647 111.
639 1614 669 1653 7,
686 1613 717 1646 6.
744 1614 841 1655 Diog.
854 1614 891 1644 L.
913 1611 1011 1651 '2‚54.

316 1663 369 1693 Ille
390 1659 475 1701 vero]
494 1659 643 1700 sapiens5
668 1668 723 1690 nos
742 1663 856 1697 aulem,
872 1658 926 1700 qui
945 1669 1012 1689 non

250 1705 414 1747 sapientes
440 1715 559 1733 sumus.

320 1751 348 1791 ξ.
365 1749 434 1780 105.
461 1749 547 1787 apud
560 1747 766 1789 Heraclitum]
790 1747 887 1788 Diog.
902 1747 1012 1778 Laert.

251 1793 272 1826 9
315 1796 347 1824 2.

283 1819 290 1832 ²
317 1838 522 1877 Hermodoro]
543 1837 712 1875 „Quarum
737 1835 858 1878 (legum
872 1836 941 1866 Xlt
961 1841 1014 1867 ta—

250 1881 420 1918 bularum)
468 1880 677 1911 ferendarum
709 1887 880 1911 auctorem
913 1880 1014 1911 fnisse

252 1925 446 1958 decemviris
462 1925 704 1956 Hermodorum
723 1925 884 1967 quendam
900 1925 1011 1967 Ephe-

251 1971 343 2008 sium,
370 1970 572 2001 exsulantem
592 1970 625 2000 in
651 1970 743 2000 Italia
767 1969 899 2011 quidam
921 1976 1015 2000 retu-

252 2016 372 2046 lerunt.
420 2014 635 2055 Pompon.de
658 2014 737 2056 orig.
764 2014 860 2044 iuris:
888 2013 1013 2055 Digest.

253 2061 277 2090 1.
301 2060 332 2096 2,
358 2060 389 2090 2.
431 2059 482 2089 Cf.
502 2058 583 2088 Plin.
605 2058 637 2089 h.
650 2070 681 2088 n.
703 2059 757 2095 54,
780 2060 837 2089 5st
873 2061 1014 2091 Orellius.

319 2105 499 2140 universos,
524 2102 580 2143 ait]
606 2102 771 2132 Immerito
784 2104 932 2134 Davisius
952 2102 1013 2133 de—

254 2146 333 2178 levit
346 2148 401 2177 ail-
427 2146 567 2177 Tirones
583 2146 769 2183 observent,
784 2147 920 2177 Latinos
933 2146 1013 2177 scri-

254 2197 367 2233 ptores
384 2190 517 2222 verbum
533 2193 576 2221 ait
592 2196 624 2220 et
636 2192 745 2229 inquit,
768 2191 911 2221 Graecos
927 2190 1014 2233 φησί

254 2235 294 2266 ab
328 2234 422 2265 initio
459 2234 616 2266 orationis
651 2234 813 2272 inserere,
853 2234 913 2265 etsi
948 2235 1013 2265 iam

254 2279 389 2310 verbum
413 2279 610 2319 antecessit,
635 2278 724 2329 quod
749 2279 932 2311 orationem
959 2279 1014 2310 in—

255 2323 387 2355 dicavit.
434 2323 520 2365 Nep.
546 2324 687 2354 Hannib.
719 2326 760 2361 2,
785 2324 827 2356 ὃς
862 2323 927 2355 hoc
951 2323 1014 2355 ad-

253 2367 376 2400 iunxit:
412 2368 529 2405 Pater,
562 2370 682 2407 inquil,
716 2379 805 2398 meus
836 2368 1012 2400 Hamilcar.

255 2412 308 2443 ubi
329 2412 371 2443 cf.
396 2414 550 2443 Bremium
575 2412 696 2454 p.3›25.
721 2419 753 2442 et
775 2414 918 2444 Ochsner.
944 2413 1013 2445 Ecl.

257 2456 359 2487 Cicer.
374 2468 405 2498 p.
418 2457 508 2494 ‘Atti-5„
527 2456 579 2498 qui
602 2463 735 2499 praeter
751 2457 852 2488 multa
869 2457 932 2489 alia
953 2470 1013 2489 ex·-

255 2501 362 2541 empla
385 2500 521 2530 adduxit
538 2501 696 2543 Xenoph.
719 2501 794 2543 Cyr.
818 2503 874 2534 Ill.
903 2503 926 2539 l,
953 2500 1010 2534 14:

257 2542 273 2576 ὁ
309 2542 346 2577 δὲ
382 2548 460 2581 παῖς
494 2542 596 2587 galva]
632 2543 774 2586 ἐπήρετο
807 2544 863 2579 τὸν
889 2547 1011 2588 Κῦρον,

256 2587 344 2620 Εἰπέ
369 2600 444 2628 μοι,
478 2588 504 2621 (ὁ
530 2590 644 2631 Κῦρε,
680 2589 756 2631 ἔφη.
806 2591 879 2621 Hoc
903 2598 1013 2622 autem

256 2632 332 2662 loeo
356 2642 422 2662 11011
438 2635 546 2672 inquit,
564 2635 621 2664 sed
638 2637 681 2665 ait
698 2635 842 2675 positum
859 2642 917 2672 est,
939 2636 1012 2678 quia

255 2675 415 2707 Heracliti
438 2676 537 2707 verba
568 2689 635 2709 non
660 2678 803 2717 directe,
840 2680 898 2710 sed
922 2680 1009 2711 indi-

255 2726 365 2757 recte,
400 2726 435 2750 ut
459 2720 567 2758 aiunt,
605 2731 911 2755 commemorantur.
961 2725 1011 2757 Cf.

258 2766 402 2797 ochsner.
425 2764 446 2795 l.
467 2764 498 2795 d.
525 2776 555 2806 p.
579 2766 652 2797 llo.
678 2774 711 2797 et
736 2779 794 2798 nos
825 2768 857 2799 in
884 2770 942 2800 Gr.
969 2771 1009 2800 L.

257 2811 286 2852 ξ.
306 2810 377 2842 160.
402 2809 483 2841 Not.
500 2807 529 2840 1.

322 2856 415 2885 Nemo
434 2871 479 2877 —
498 2853 638 2895 excellat]
666 2854 707 2885 H.
721 2865 748 2885 e.
766 2866 807 2885 ne
829 2857 908 2897 quis.
944 2858 1010 2889 Ra-

257 2898 321 2929 rius
342 2909 430 2930 nemo
449 2897 567 2928 dicitur
589 2909 649 2939 pro
670 2909 706 2929 ne
722 2902 801 2938 quis.
842 2901 933 2933 Plura
950 2913 1010 2933 ex—

257 2942 364 2985 empla
388 2941 522 2984 collegit
544 2944 743 2983 Stizrenbury.
770 2943 802 2974 111
827 2944 1008 2978 Comment.

1332 1325 1352 1357 5
1378 1324 1432 1356 Sic
1457 1326 1495 1356 R.
1518 1326 1553 1357 P.
1575 1331 1630 1365 et,
1658 1331 1694 1356 ut
1715 1323 1812 1357 vide-

1047 1437 1098 1475 11,
1122 1437 1153 1467 5.
1180 1437 1222 1467 ad
1247 1436 1342 1467 offic.
1365 1448 1396 1478 p.
1417 1436 1488 1468 iffi.
1510 1437 1602 1469 Verr.
1629 1438 1649 1467 l.
1673 1436 1723 1475 17,
1747 1437 1810 1468 50:

1048 1486 1148 1522 opto,
1176 1487 1210 1511 ut
1235 1480 1266 1510 in
1293 1480 1357 1511 hoc
1381 1480 1502 1512 iudicio
1527 1492 1616 1512 nemo
1641 1481 1810 1523 improbus

1047 1525 1240 1566 reperiatur.
1268 1525 1376 1555 Verba
1392 1526 1517 1556 Graeca
1534 1537 1585 1568 ap.
1605 1526 1698 1567 Diog.
1719 1526 1742 1556 l.
1755 1525 1808 1557 d.:

1046 1566 1184 1611 “Ημέων
1206 1568 1295 1611 μηδὲ
1324 1567 1375 1606 εἷς
1396 1567 1554 1611 &mim-dg
1576 1569 1682 1602 ἔστω·
1720 1569 1748 1602 εἰ
1772 1569 1812 1604 δέ

1046 1624 1097 1650 τις
1120 1615 1288 1654 τοιοῦτος,
1315 1609 1399 1657 ἄλλ-ῃ
1424 1626 1461 1646 τε
1485 1614 1542 1646 καὶ
1567 1611 1638 1656 μετ’
1663 1610 1782 1648 ἄλλων.

1115 1658 1276 1700 Aristides]
1296 1658 1426 1692 Cornel.
1441 1659 1525 1700 Nep.
1542 1659 1675 1690 Aristid.
1694 1670 1765 1701 cap.
1782 1661 1809 1691 1.

1115 1705 1192 1733 m'hz'l
1216 1713 1286 1734 cum
1306 1705 1422 1742 populo
1445 1704 1640 1746 contrahunt]
1667 1704 1811 1735 Verbum

1047 1749 1247 1778 contrahendi
1269 1747 1401 1789 proprie
1422 1748 1542 1779 dicitur
1556 1748 1597 1779 de
1619 1748 1676 1785 eis,
1702 1749 1756 1791 qui
1777 1749 1811 1780 in

1050 1791 1230 1822 communis
1262 1792 1348 1823 vitae
1376 1792 1517 1834 negotiis
1543 1799 1575 1823 et
1601 1793 1810 1835 commercio,

1052 1842 1086 1866 ut
1110 1836 1141 1866 in
1166 1847 1199 1867 re
1222 1835 1419 1878 pecuniaria,
1436 1837 1629 1868 societatem
1651 1850 1723 1869 cum
1738 1838 1810 1869 aliis

1049 1879 1174 1911 ineunt.
1224 1881 1318 1912 Offic.
1346 1882 1368 1913 I.
1391 1884 1422 1920 2,
1444 1879 1482 1913 4:
1520 1893 1625 1924 neque
1649 1882 1675 1913 si
1700 1889 1810 1914 tecum

1049 1936 1124 1966 agas
1144 1925 1231 1968 quid,
1251 1937 1356 1968 neque
1377 1926 1403 1956 si
1424 1936 1494 1958 cum
1515 1929 1611 1958 allero
1634 1929 1810 1960 contrahas.

1050 1971 1089 2000 ΙΙ.
1113 1972 1162 2008 its,
1179 1968 1241 2003 651:
1267 1970 1298 2001 in
1325 1970 1478 2013 omnique
1498 1982 1532 2002 re
1557 1972 1807 2004 contrahenda:

1051 2014 1105 2045 ubi
1130 2026 1161 2045 v.
1186 2017 1282 2047 Beier.
1307 2026 1338 2057 p.
1362 2013 1433 2047 124.

1116 2060 1154 2090 iis
1172 2061 1240 2091 dico
1261 2060 1381 2102 litteris]
1404 2070 1482 2102 pro:
1507 2071 1560 2091 eas
1576 2059 1651 2092 dico
1669 2060 1808 2093 litteras.

1051 2105 1138 2134 Inest
1157 2103 1190 2134 in
1212 2104 1273 2134 hac
1294 2111 1457 2135 structura
1481 2105 1636 2136 attractio
1651 2105 1811 2148 quaedam

1049 2148 1091 2178 ob
1116 2148 1353 2189 praecedentes
1378 2148 1558 2180 ablativos:
1584 2152 1643 2181 olio
1666 2153 1811 2184 litterato.

1050 2191 1129 2222 Phil.
1154 2193 1241 2223 Vlll.
1269 2192 1299 2229 7,
1326 2192 1388 2223 20:
1421 2193 1592 2224 hesternus
1618 2194 1686 2225 dies
1712 2197 1811 2234 nobis,

1048 2238 1261 2267 consularibus
1283 2238 1362 2274 dico,
1388 2236 1490 2278 turpis
1511 2237 1636 2268 illuxit!
1663 2250 1693 2280 p.
1720 2239 1808 2271 Cael.

1052 2280 1101 2317 13,
1126 2281 1190 2312 32:
1216 2280 1277 2310 nisi
1298 2280 1543 2312 intercederent
1562 2282 1639 2313 mihi
1665 2283 1810 2314 inimici-

1048 2323 1114 2355 tiae
1141 2336 1212 2355 cum
1233 2324 1325 2355 istius
1343 2325 1486 2356 mulieris
1504 2329 1593 2366 viro,
1628 2328 1725 2366 fratre
1749 2338 1810 2359 vo-

1049 2368 1090 2399 lui
1124 2371 1235 2400 dicere.
1290 2370 1329 2399 V.
1364 2381 1424 2400 nos
1456 2370 1489 2401 in
1527 2371 1584 2401 Gr.
1609 2372 1648 2402 L.
1683 2375 1709 2413 ξ.
1734 2370 1807 2404 109.

1048 2414 1128 2444 Not.
1157 2414 1205 2446 11.
1266 2413 1356 2456 (Sine
1389 2414 1588 2446 attractione
1620 2427 1718 2458 supra
1751 2417 1806 2448 IV.

1051 2456 1110 2495 16,
1137 2457 1198 2490 36:
1236 2458 1298 2489 hae
1320 2459 1472 2490 tabificae
1495 2459 1614 2490 mentis
1634 2461 1810 2502 perturba—

1046 2502 1152 2533 tiones
1181 2509 1274 2540 sunt,
1310 2504 1548 2544 aegritudinem
1573 2504 1648 2536 dico
1673 2511 1705 2536 et
1734 2517 1808 2536 me-

1047 2547 1141 2587 tum.)
1175 2547 1230 2578 Sic
1245 2548 1372 2585 Graeci,
1400 2556 1434 2579 ut
1459 2549 1626 2580 Demosth.
1643 2549 1684 2579 de
1700 2550 1802 2580 Cher-

1047 2603 1117 2623 son.
1142 2603 1174 2633 p.
1189 2591 1242 2629 96,
1265 2590 1327 2623 24:
1353 2591 1474 2630 πάντες
1501 2612 1537 2616 —
1566 2592 1746 2635 στρατηγοὶ
1762 2611 1807 2617 —-

1046 2635 1105 2668 καὶ
1140 2634 1352 2679 παρὰ-Χίων
1384 2637 1441 2669 καὶ
1477 2635 1564 2678 παρὰ
1595 2634 1806 2679 'Esus-pacm

1046 2679 1104 2713 καὶ
1125 2677 1201 2722 παρ’
1221 2680 1266 2713 ὠν
1289 2677 1326 2713 ἄν
1348 2680 1481 2714 ἕκαστοι
1503 2678 1683 2722 δύνωνται,
1708 2681 1805 2716 τού-

1045 2736 1128 2758 των
1147 2725 1228 2757 τῶν
1251 2723 1312 2766 τὴν
1335 2722 1450 2758 Ἀσίαν
1474 2721 1718 2759 οἰκούντων
1737 2726 1804 2760 λε’-

1046 2780 1124 2811 γω,
1160 2767 1319 2812 χρήματα
1349 2768 1578 2813 λαμβάνουσιν.
1629 2770 1678 2802 Cf.
1705 2773 1806 2803 Stall-

1046 2816 1150 2845 bawm.
1175 2813 1216 2844 ad
1241 2814 1322 2846 Plat.
1348 2814 1389 2844 de
1413 2815 1493 2855 Rep.
1521 2815 1572 2845 Vl.
1596 2826 1628 2856 p.
1645 2815 1720 2849 507.
1739 2817 1776 2846 Ε.

1117 2859 1194 2888 CAP.
1207 2858 1384 2889 XXXVII.
1400 2858 1427 2899 ςῖ.
1445 2857 1515 2890 106.
1542 2860 1645 2901 credo]
1668 2859 1802 2892 ironice.

1047 2903 1084 2933 V.
1110 2902 1277 2933 Adnotata
1300 2901 1333 2932 in
1358 2903 1381 2933 1.
1405 2902 1468 2942 2⁴2,
1490 2903 1542 2934 5⁴2.

1111 2948 1261 2988 alienam]
1293 2946 1334 2977 H.
1350 2957 1378 2977 e.
1402 2946 1630 2979 abalienatam.
