1863 3221
203 82 284 124 312

782 88 1200 131 LissEa111.31,76.

207 172 287 212 lere
306 170 587 223 aegritudinem
606 169 792 220 funditus,
826 175 892 209 aut
910 169 1065 220 sedare,
1099 176 1167 209 aut
1183 169 1387 212 detrahere
1408 185 1521 225 quam
1543 173 1760 227 plurimum,

209 250 274 284 aut
307 242 546 296 supprimere
583 255 654 282 nec
687 241 763 296 pati
800 255 959 282 manare
991 242 1169 295 longius,
1213 249 1278 282 aut
1314 244 1359 284 ad
1395 245 1499 284 alia-³
1528 230 1760 286 ‘traducere

212 323 279 358 76.
315 313 437 366 Sunt,
472 315 533 368 qui
553 329 669 355 unum
696 313 860 355 officium
880 315 1118 355 consolantis
1140 322 1295 369 putent,
1330 317 1469 357 malum
1490 318 1578 358 illud
1608 319 1767 359 omnino

212 404 289 430 non
320 402 429 436 esse,
471 395 512 428 ut
544 385 724 428 Cleanthi
756 388 897 443 plac-et.

211 462 476 517 Peripatetici.

212 534 334 586 Sunt,
378 535 440 588 qui
466 534 560 575 satis
583 541 716 588 putent.
744 536 974 586 ostendere,

961 387 1084 439 Sunt,
1120 388 1184 442 qui
1215 403 1291 429 non
1319 404 1496 443 magnum
1522 392 1685 442 malum,
1728 400 1769 432 ut

541 459 665 512 Sunt,
707 462 770 515 qni
797 461 1018 502 abducant⁶
1047 476 1068 501 a
1105 462 1212 502 malis
1243 463 1287 502 ad
1319 463 1447 513 bona,
1490 471 1529 503 ut
1558 463 1764 518 Epicurus.

1020 535 1114 575 nihil
1138 535 1324 590 inopinati
1357 537 1571 587 accidisse,
1617 539 1647 591 †
1675 537 1768 578 nihil

211 608 300 649 mali
323 607 366 659 †.
429 605 671 663 Chrysippus
694 615 821 648 autem
840 617 951 663 caput
969 622 1057 648 esse
1077 616 1212 648 censet
1228 609 1266 648 in
1287 610 1539 660 consolando,
1564 611 1767 651 detrahere

210 682 312 722 illam
335 681 554 736 opinionem
577 683 780 732 maerenti,
812 682 843 722 si
864 695 906 721 se
921 684 940 708 ⁷
966 681 1088 722 officio
1113 681 1216 736 fungi
1239 689 1344 735 putet
1364 682 1465 723 iusto
1486 689 1599 736 atque
1621 683 1764 724 debito.

299 800 320 831 5
345 800 398 832 Sic
421 802 474 832 Or.
498 811 524 832 c.
549 800 584 832 R.
604 801 639 831 P.
661 801 735 832 Vat.
761 799 816 831 Gr.
838 800 870 831 b.
905 806 937 831 et
960 799 1123 842 plerisque
1153 799 1224 832 aliis
1258 800 1374 838 codd.;
1410 801 1464 832 alii
1494 800 1578 832 male
1604 803 1646 833 ad
1667 803 1766 833 aliam

211 849 266 884 tr.,·
293 846 368 877 Ern.
389 857 415 877 c.
440 845 549 877 Guell'.
575 847 617 876 act
641 847 706 876 alia
729 849 857 877 mentem
880 849 916 877 tr.
940 857 979 877 ex
1001 845 1155 888 interpol.

210 892 356 931 colliyant
379 902 408 923 v.
431 889 516 921 Adn.
566 888 585 922 7
611 902 641 921 v.
670 889 753 922 Adn.

280 970 306 1008 ἦ.
327 967 380 1001 76.
405 970 494 1007 Sunt,
518 970 570 1008 qui
590 987 634 992 —-
652 969 772 1011 putent]
799 968 854 1000 Sic
875 968 971 1011 vulgo

210 1009 340 1055 legitur.
391 1012 537 1044 Davisius
560 1024 598 1043 ex
620 1013 668 1044 El.
690 1013 721 1044 2.
747 1013 839 1044 dedit
861 1018 973 1053 putant

213 1059 258 1100 (et
289 1057 336 1088 sic
361 1058 451 1088 Mon.
476 1058 506 1088 2,
539 1057 634 1088 Vind.
660 1058 724 1095 m,
763 1058 835 1100 quia
858 1059 889 1089 in
917 1070 972 1089 se—

211 1101 384 1145 quentibus
405 1101 599 1132 indicativus
623 1103 747 1144 positus
771 1109 874 1134 esset:
903 1107 973 1135 sunl

208 1149 262 1187 qui
285 1148 460 1186 abducunt,
483 1151 552 1178 sunt
574 1150 626 1186 qui
649 1149 725 1179 satis
746 1152 876 1188 putant,
903 1153 973 1179 sunt

209 1194 321 1231 etiam,
355 1194 408 1231 qui
441 1194 596 1231 colliyunt.
644 1192 781 1223 Orellius
807 1199 915 1224 tamen
943 1205 969 1224 c.

208 1236 335 1269 Wolfio
361 1248 378 1267 e
404 1236 488 1268 coni.
514 1236 653 1267 Ernestii
689 1245 803 1268 contra
827 1238 971 1268 oninium

210 1281 306 1313 codd.
333 1288 366 1312 et
391 1281 465 1312 edd.
492 1288 571 1313 vett.
597 1283 829 1313 auctoritatem
858 1283 968 1313 dedit:

209 1327 377 1365 abducant,
400 1329 476 1358 salis
491 1330 607 1366 putent,
631 1330 785 1367 colligant.
818 1329 856 1360 V.
874 1327 969 1358 Orel-

208 1370 244 1402 lii
266 1370 318 1402 ed.
342 1370 437 1403 1329.
472 1371 724 1402 Coniunctivum
746 1372 843 1403 ctiam
862 1375 970 1412 Treyd.

210 1415 344 1458 recepit,
370 1422 403 1446 et
429 1417 504 1446 Wes.
525 1417 548 1447 Ι.
575 1427 607 1458 p.
629 1416 674 1448 17.
700 1417 860 1458 probavit.
899 1419 969 1458 Ego

210 1471 340 1503 quoque
356 1459 512 1490 Orellium
533 1467 663 1491 secutus
681 1473 762 1499 suin,
786 1473 970 1504 quanquam

209 1505 311 1547 magis
346 1504 424 1535 mihi
461 1504 570 1547 placet
607 1517 635 1536 c.
672 1506 802 1537 Davisio
839 1507 968 1549 legere:

208 1554 298 1589 sunt,
328 1552 381 1590 qui
403 1567 447 1572 —
466 1554 578 1589 putant
608 1556 640 1581 et
670 1555 758 1591 sunt,
794 1555 846 1592 qui
871 1554 971 1582 abdu-

209 1599 280 1627 cunt
302 1612 365 1634 -—,
398 1598 468 1626 sunt
495 1597 547 1634 qui
569 1614 611 1618 ——
629 1599 760 1637 putaret,-
795 1597 853 1627 sed
877 1596 970 1627 ‹lifti-

210 1639 270 1672 cile
292 1645 340 1670 est
361 1639 393 1670 h.
408 1639 429 1670 l.
454 1650 520 1670 rem
541 1639 730 1679 diiudicare,
757 1641 829 1683 quia
854 1641 970 1683 optimi

208 1683 305 1717 codd.
324 1684 463 1726 primun]
481 1689 598 1724 palent,
621 1684 740 1716 deinde
759 1686 970 1717 indicativum

209 1729 352 1768 habent,
389 1729 435 1759 uti
470 1731 491 1760 Ι.
518 1730 556 1767 9,
588 1731 645 1762 le:
684 1737 759 1761 sunt
782 1749 826 1755 ——
852 1731 906 1773 qni
931 1750 968 1754 —-

206 1778 337 1814 putant;
371 1773 483 1815 paullo
520 1781 612 1816 post:
648 1782 723 1806 sunt
756 1775 810 1818 qui
834 1796 878 1800 —
902 1787 970 1808 cen-

207 1822 303 1851 seam.
349 1818 412 1849 Res
443 1818 505 1850 hac
529 1819 656 1850 ratione
681 1820 809 1851 videtur
843 1821 969 1852 eonsti-

206 1863 338 1895 tuenda.
388 1864 465 1894 Post
490 1867 559 1895 sune
583 1867 635 1903 qui
662 1871 694 1895 et
717 1865 912 1897 indicativus
937 1873 970 1898 et

207 1908 444 1946 coniunctium,
471 1908 600 1940 diversa
612 1917 720 1940 tamen
742 1911 881 1949 ratione,
905 1922 970 1953 po—

206 1953 305 1985 nitur.
356 1953 552 1984 indicativus
577 1954 740 1996 sequitur,
768 1968 865 1998 quum
886 1956 969 1987 scri-

206 2004 282 2041 ptor
314 2005 421 2029 certos
455 1997 613 2040 quosdam
646 1999 815 2038 homines,
852 2002 920 2032 sive
947 2001 969 2031 ii

206 2050 302 2073 autea
320 2053 384 2073 lam
407 2050 653 2073 commemorati
672 2051 758 2081 sunt,
782 2045 851 2076 sive
867 2046 969 2076 menti

206 2087 438 2123 obversantur,
469 2092 584 2117 notare
607 2087 685 2118 vult.
738 2089 968 2121 Coniunctivus

205 2138 312 2163 autem
340 2133 492 2173 ponitur,
529 2142 626 2173 quum
656 2133 847 2165 attributivu
875 2135 967 2166 notio

204 2183 359 2218 tanquam
387 2187 442 2214 ea,
482 2187 564 2218 quae
587 2188 624 2207 ex
649 2177 782 2208 alicuius
808 2190 967 2219 peisonae

205 2228 261 2252 aut
284 2221 330 2252 rei
352 2227 467 2252 natura
490 2221 637 2263 sequitur
659 2229 715 2254 aut
737 2222 884 2261 ducitur,
919 2224 966 2254 si—

205 2265 388 2308 gnificanda
414 2272 482 2304 est,
518 2272 552 2296 ut
582 2266 662 2298 haec
684 2267 760 2298 insit
782 2268 965 2300 sententia:

204 2310 371 2349 homines,
409 2310 461 2353 qui
488 2310 534 2342 ita
566 2319 643 2342 sunt
674 2313 873 2354 comparati,
911 2319 966 2344 aut

206 2355 260 2398 qni
285 2355 445 2387 eiusmodi
468 2362 554 2393 sunt,
581 2363 629 2388 ut.
675 2357 786 2389 Veluti
811 2363 892 2398 sunt,
915 2361 968 2398 qui

204 2402 310 2432 dicant
341 2407 390 2432 est
419 2404 489 2432 sunt
509 2402 665 2441 homines,
699 2405 752 2442 qui
775 2405 819 2434 ita
841 2413 967 2442 compa-

203 2447 265 2475 rati
284 2450 375 2484 sunt,
408 2449 439 2477 ul
460 2447 575 2478 dicant.
627 2447 677 2480 Cf.
704 2459 762 2479 nos
788 2447 819 2478 in
846 2448 902 2478 Gr.
929 2449 966 2479 L.

204 2489 232 2529 ᾧ.
252 2486 321 2520 146.
343 2490 423 2520 Not.
440 2490 470 2523 7.
491 2497 524 2520 et
538 2492 693 2523 Bremium
711 2492 752 2523 ad
768 2493 864 2523 Corn.
880 2493 965 2534 Nep.

203 2532 288 2565 Mitt.
317 2534 378 2571 lll,
403 2534 433 2565 2.
461 2546 492 2575 p.
511 2535 558 2567 18.
609 2539 675 2567 lam
707 2549 785 2569 vero
811 2538 965 2580 quoniam

201 2577 284 2609 haec
305 2577 435 2609 dicendi
459 2579 600 2611 formula
622 2581 666 2612 ibi
690 2583 767 2624 poni
789 2582 884 2619 solet,
911 2582 964 2613 ubi

201 2633 268 2654 non
293 2629 400 2653 certos
433 2623 591 2664 quosdam
620 2626 767 2658 homines
797 2627 965 2669 significa—

202 2678 292 2705 mus,
318 2666 441 2709 liquide
461 2676 617 2710 apparet,
652 2682 708 2702 cur
730 2672 761 2702 in
788 2672 849 2704 hac
872 2679 962 2703 stru-

202 2718 293 2743 ctura
313 2711 416 2743 mutto
438 2711 642 2754 frequentior
661 2715 702 2746 sit
724 2716 962 2757 coniunctium,

202 2768 298 2800 quam
328 2756 533 2788 indicativus.
584 2759 817 2800 Explicationis
851 2773 963 2794 caussa

201 2802 357 2833 nonnulla
379 2802 528 2844 exempla
550 2802 669 2833 afferre
693 2804 815 2838 licebit.
864 2807 960 2838 Offic.

200 2847 225 2879 Ι.
246 2845 301 2884 ⁴24,
321 2847 380 2878 82:
413 2848 455 2877 Ut
477 2846 562 2878 enim
585 2852 666 2888 sunt,
687 2850 960 2890 quemadmodum

199 2902 297 2933 supra
329 2891 414 2929 dixi,
450 2895 502 2931 qui
535 2892 663 2923 urbanis
699 2894 794 2924 rebus
827 2894 959 2927 bellicas

198 2939 406 2978 anteponunt(
438 2936 484 2968 sic
507 2937 648 2978 reperias
671 2937 810 2979 multos,
845 2940 959 2982 quibus

1211 842 1232 876 6
1262 847 1308 876 Dc
1338 847 1513 886 abducant,
1548 848 1622 878 satis
1649 850 1768 887 putent,

1008 968 1190 1011 periculosa
1222 976 1254 1000 et
1286 969 1388 1000 calida
1422 969 1557 1001 consilia
1591 969 1708 1012 quietis
1733 976 1766 1001 et

1009 1013 1159 1055 cogitatis
1192 1020 1224 1044 et
1251 1014 1476 1056 splendidiora
1504 1021 1537 1045 et
1568 1014 1691 1045 maiora
1716 1015 1769 1045 vi—

1007 1058 1156 1089 deantur.
1216 1060 1256 1089 H.
1288 1059 1308 1089 l.
1345 1059 1539 1091 indicativus
1575 1066 1665 1090 recte
1698 1071 1769 1091 sese

1007 1103 1126 1139 habet,
1154 1104 1228 1145 quin
1247 1102 1486 1145 intelliguntur,
1511 1104 1552 1135 de
1576 1104 1690 1147 quibus
1711 1117 1768 1136 su—

1008 1160 1066 1190 pra
1086 1148 1223 1179 dixerat.
1259 1149 1341 1180 lbid.
1363 1152 1463 1187 §.1⁵5⁴ss
1489 1152 1567 1181 Sunt
1587 1149 1681 1187 enim,
1705 1153 1770 1189 qui,

1009 1193 1097 1235 quod
1127 1194 1294 1231 sentiunt,
1333 1194 1430 1225 etiam
1463 1194 1488 1225 si
1521 1194 1680 1236 optimum
1715 1195 1767 1233 sit,

1005 1245 1114 1268 tamen
1140 1237 1281 1269 invidiae
1301 1245 1390 1270 metu
1415 1251 1479 1270 uon
1504 1242 1616 1271 (rudent
1640 1239 1767 1270 diceie:

1007 1283 1059 1313 ubi
1093 1290 1203 1314 tamen
1238 1284 1425 1321 Ernestius,
1471 1296 1535 1316 uno
1569 1284 1769 1326 suffragante

1006 1329 1096 1366 MS,
1134 1329 1276 1359 correxit
1309 1331 1456 1361 audeant.
1513 1329 1642 1360 Sallust.
1673 1330 1768 1362 Catil.

1007 1384 1033 1403 c.
1054 1374 1109 1404 lo:
1137 1373 1216 1404 Sunt
1238 1376 1290 1413 qui
1312 1377 1354 1404 ila
1377 1376 1502 1406 dicunt:
1529 1374 1615 1417 quod
1640 1374 1768 1405 Cortius

1006 1416 1190 1458 resciipsit,
1226 1418 1371 1449 omnium
1405 1419 1474 1449 fere
1501 1419 1597 1450 codd.
1620 1419 1765 1450 auctori-

1006 1468 1074 1492 tntt·
1097 1461 1202 1499 nisus,
1236 1474 1274 1494 ac
1297 1470 1385 1494 recte
1409 1463 1540 1505 quidem
1562 1464 1701 1495 maxime
1725 1464 1768 1495 Ob

1005 1506 1150 1538 additam
1174 1508 1322 1539 voculam
1348 1511 1401 1539 ἰΙα.
1451 1509 1521 1539 Alia
1544 1521 1594 1539 res
1619 1515 1687 1547 est,
1714 1508 1768 1540 ubi

1006 1552 1106 1582 verbo
1140 1556 1210 1584 sunt
1243 1553 1424 1584 subiectum
1458 1554 1508 1584 vel
1545 1553 1769 1595 praedicatum

1005 1596 1153 1627 additum
1175 1604 1235 1629 est.
1283 1599 1316 1628 ln
1341 1597 1499 1628 eiusmodi
1520 1598 1598 1630 locis
1623 1605 1656 1630 et
1678 1598 1768 1630 indi—

1007 1641 1146 1672 cativum
1172 1649 1204 1672 et
1228 1642 1469 1673 coniunctivuni
1495 1644 1607 1686 sequi,
1643 1651 1768 1675 certum

1007 1693 1065 1717 cst.
1102 1688 1156 1718 lIl.
1178 1686 1230 1724 ⁴26,
1252 1686 1305 1719 63.
1333 1687 1451 1719 rectius
1474 1689 1544 1719 sine
1563 1688 1662 1719 dubio
1683 1689 1766 1720 scri-

1007 1732 1093 1762 bitur
1122 1733 1254 1763 delectet.
1303 1733 1403 1764 Porro
1428 1746 1444 1764 a
1469 1745 1584 1776 prosae
1610 1734 1767 1765 orationis

1004 1776 1218 1818 scriptoribus
1241 1777 1432 1808 secernendi
1456 1785 1531 1809 sunt
1555 1782 1685 1820 poetae,
1711 1779 1766 1822 qui

1004 1821 1184 1852 indicativo
1200 1828 1231 1852 et
1247 1822 1456 1853 coniunctim
1471 1823 1651 1865 promiscue
1667 1830 1768 1855 utun-

1004 1873 1067 1897 tur.
1096 1867 1247 1897 Ceterum
1267 1867 1350 1898 hanc
1373 1867 1503 1898 dicendi
1524 1868 1684 1899 rationem
1706 1869 1768 1900 viri

1005 1911 1095 1942 (loeti
1120 1912 1269 1942 certatim
1284 1912 1455 1943 enucleare
1471 1920 1503 1943 et
1518 1913 1681 1944 illustrare
1705 1925 1766 1945 co—

1004 1957 1073 1987 nati
1103 1964 1199 1988 sunt:
1242 1968 1378 2000 quorum
1408 1958 1587 1989 sententias
1622 1958 1766 1990 diversas

1004 2001 1089 2032 inter
1121 2014 1219 2044 seque
1250 2002 1474 2044 discrepantes
1505 2003 1708 2034 dinumerare
1734 2012 1766 2035 et

1003 2058 1173 2077 recensere
1210 2059 1306 2089 quum
1341 2048 1380 2078 ab
1417 2048 1481 2079 hoc
1516 2048 1589 2079 loco
1626 2048 1766 2079 alienum

1005 2102 1075 2121 esse
1098 2092 1256 2129 videatur,
1282 2092 1308 2122 si
1331 2092 1400 2134 quis
1423 2105 1475 2123 cas
1500 2093 1683 2124 examinare
1707 2105 1764 2124 ve-

1003 2134 1060 2171 lit,
1085 2136 1201 2172 adeat,
1229 2143 1262 2166 ut
1283 2137 1363 2168 alios
1384 2144 1520 2175 taceam,
1547 2140 1702 2169 Bremium
1724 2138 1765 2169 ad

1006 2179 1107 2210 Cicer.
1131 2180 1171 2211 de
1193 2181 1296 2212 Finib.
1325 2183 1353 2216 l,
1378 2182 1431 2212 2²0.
1459 2194 1491 2224 p.
1516 2182 1558 2215 97
1572 2193 1620 2223 sq.
1669 2185 1765 2214 Gern-

1002 2226 1092 2255 hard.
1115 2225 1156 2255 ad
1181 2225 1275 2257 Ot'fie.
1301 2227 1323 2256 t.
1348 2225 1386 2263 2,
1413 2227 1444 2257 5.
1472 2239 1503 2269 p.
1524 2230 1556 2258 ὅ.
1602 2228 1764 2267 Heindorf.

1002 2268 1043 2299 ad
1066 2269 1181 2301 Horat.
1199 2272 1266 2301 Sat.
1289 2271 1311 2301 1.
1335 2268 1366 2306 4,
1388 2268 1440 2302 24.
1465 2283 1496 2313 p.
1511 2271 1564 2302 92.
1589 2277 1621 2302 et
1641 2271 1681 2302 ad
1699 2271 1763 2302 Cic.

1002 2314 1044 2346 N.
1071 2315 1109 2345 D.
1138 2316 1184 2351 ll,
1212 2314 1264 2347 32.
1300 2326 1332 2357 p.
1361 2313 1432 2346 195.
1479 2318 1577 2347 Beier.
1600 2315 1643 2346 ad
1666 2316 1762 2348 Offic.

1003 2360 1027 2390 Ι.
1053 2359 1092 2397 2,
1118 2360 1148 2391 Ξ).
1176 2370 1207 2401 p.
1229 2361 1277 2391 tt.
1327 2361 1531 2392 Matthiaeum
1562 2360 1603 2391 ad
1629 2372 1675 2391 or.
1702 2372 1763 2403 pro

1003 2404 1037 2435 P.
1063 2404 1175 2436 Sextio
1204 2405 1310 2444 XLV,
1336 2403 1387 2437 96.
1439 2407 1537 2436 Kritz.
1562 2405 1603 2436 ad
1629 2405 1762 2437 Sallust.

1005 2448 1097 2479 Catil.
1134 2450 1242 2485 XIX,
1270 2447 1300 2481 4.
1358 2451 1573 2482 chdclimann.
1610 2452 1690 2481 Inst.
1724 2451 1762 2481 L.

1002 2494 1039 2523 L.
1063 2495 1102 2524 It.
1139 2506 1170 2536 p.
1193 2493 1269 2527 349.
1305 2493 1420 2525 Stallb.
1468 2497 1652 2526 Ramshorn.
1684 2495 1759 2526 Lat.

1003 2538 1060 2569 Gr.
1088 2540 1116 2580 β.
1140 2539 1209 2573 177.
1240 2540 1266 2571 1.
1318 2540 1452 2570 ΚίὶῘιηεν.
1478 2540 1515 2570 L.
1538 2539 1594 2570 Gr.
1619 2538 1641 2570 l.
1662 2538 1694 2570 d.

1066 2594 1162 2615 unum
1183 2586 1319 2624 officium
1339 2585 1524 2615 consolantis
1539 2585 1657 2624 putent]
1684 2584 1763 2615 Post

995 2632 1102 2667 putent
1139 2629 1305 2666 Davisius,
1338 2628 1533 2659 Lambinum
1559 2627 1760 2660 Bentleium-

999 2683 1061 2715 qne
1092 2680 1242 2711 secutus,
1279 2673 1398 2704 adiecit
1421 2674 1547 2711 docere,·
1580 2671 1646 2704 hoc
1675 2673 1762 2705 enim

998 2717 1050 2750 vel
1091 2718 1196 2749 simile
1234 2717 1427 2749 vocabulum
1464 2716 1578 2748 deesse
1618 2717 1761 2749 orationi

998 2763 1234 2805 complendae,
1261 2773 1367 2804 comp.
1395 2773 1421 2792 c.
1439 2761 1503 2799 32,
1528 2761 1586 2795 77:
1614 2762 1675 2794 erit
1696 2762 1762 2805 igi-

996 2814 1050 2839 tur
1082 2808 1114 2838 in
1151 2806 1428 2839 consolationibus
1462 2806 1566 2847 prima
1597 2807 1762 2840 medicina

999 2855 1116 2892 docere,
1140 2859 1195 2884 aut
1216 2852 1337 2883 nullum
1358 2851 1478 2882 malum
1499 2862 1568 2882 esse
1582 2876 1589 2890 ,
1615 2858 1670 2884 aut
1695 2859 1759 2885 etc.

996 2897 1103 2929 Etiam
1141 2899 1273 2930 Wesenb.
1299 2896 1435 2928 Emend.
1459 2897 1483 2927 J.
1520 2908 1553 2939 p.
1582 2897 1631 2930 15.
1657 2898 1759 2929 Lam-

994 2942 1062 2973 bini
1095 2942 1358 2985 supplementum
1393 2941 1595 2973 verissimum
1632 2942 1739 2974 iudica
