1832 3137
611 73 773 106 LIBFR
798 71 1064 113 v.7‚19.2o.
1524 61 1604 105 405

61 162 226 205 tentam,
267 160 306 194 et
329 167 403 208 quo
433 153 546 193 modo
570 152 642 194 hoc
665 153 715 194 sit
736 166 980 207 consequens
1006 153 1084 204 illi,
1124 153 1181 193 sie
1206 152 1297 194 illud
1321 152 1431 203 huic,
1472 159 1536 203 ut,
1570 153 1603 193 si

55 229 170 269 beata
190 226 275 268 vita.
292 226 434 266 virtute
459 233 641 267 contenta
661 226 732 276 sit,
766 226 840 267 nisi
862 227 1065 267 honestum
1087 227 1185 281 quod
1206 226 1279 278 sit,
1314 227 1406 268 nihil
1429 227 1530 268 aliud
1551 228 1601 268 sit

56 302 214 342 bonum.
1033 299 1135 341 Nam
1162 308 1199 342 et
1230 301 1276 342 de
1300 301 1464 343 honesto
1490 309 1530 343 et
1557 303 1604 342 de

57 388 206 415 summo
237 374 337 414 bono
373 373 579 428 separatim
611 373 699 413 libri
734 379 846 423 sunt,
887 380 926 413 et.
951 388 1064 427 quum
1094 388 1147 415 ex
1180 389 1228 415 eo
1260 376 1466 427 efficiatur,
1511 376 1604 417 satis

55 461 234 502 magnam
250 448 290 488 in
308 447 450 488 virtute
471 447 515 486 ad
535 446 648 487 beate
666 446 873 487 vivendum
891 459 978 486 esse
995 447 1089 498 vim,
1116 447 1235 488 nihilo
1253 449 1378 490 minus
1399 449 1471 490 hoc
1488 457 1606 505 agunt

55 521 278 576 separatim.
339 519 515 575 Propriis
539 520 638 560 enim
665 527 704 560 et
727 519 808 560 suis
839 520 1078 573 argumentis
1103 528 1142 561 et
1169 522 1495 564 admonitionibus
1529 530 1605 564 tra-

56 595 194 635 ctanda
218 608 392 648 quaeque
415 608 480 634 res
501 600 584 644 est,
618 600 724 634 tanta
746 593 992 647 praesertim.

278 305 345 341 19.
375 298 453 341 Sed
490 307 618 340 tamen
647 314 723 340 non
759 307 877 354 agunt
904 299 972 340 sio.

1057 592 1165 635 Cave
1189 595 1290 636 enim
1316 604 1449 651 putes,
1493 597 1606 637 ullam

56 668 96 708 in
123 667 394 723 philosophia³
424 681 560 708 vocem
588 667 771 707 emissam
797 666 1002 706 clariorem
1033 667 1202 708 ullumve
1226 682 1314 709 esse
1345 670 1607 726 philosophiae

55 742 285 796 promissum
306 741 462 781 uberius
482 747 547 780 aut
569 739 708 780 maius·
768 738 873 780 Nam
895 739 982 793 quid
1001 740 1231 795 profitetur?
1262 756 1284 782 o
1303 742 1352 781 dii
1375 743 1486 784 boni!
1523 758 1609 798 per-

56 815 244 855 fecturam
267 827 326 865 se,
361 814 422 868 qui
442 813 591 867 legibus
610 814 691 853 suis
715 813 924 868 paruisset,
957 820 999 854 ut
1016 820 1123 854 esset
1141 822 1275 855 contra
1293 816 1488 856 fortunam
1507 830 1609 857 sem-

56 901 126 942 per
147 893 337 939 armatus,
372 894 413 927 ut
433 886 559 927 omnia
582 886 772 941 praesidia
799 886 961 927 haberet
980 887 1018 927 in
1039 901 1082 928 se
1104 888 1203 929 bene
1224 888 1415 943 beateque
1436 890 1608 942 vivendi,

56 968 97 1002 ut
115 968 222 1002 esset
238 974 391 1015 semper
409 961 574 1014 denique
590 960 743 1000 beatus.
797 965 866 1000 20.
901 958 981 1001 Sed
997 961 1151 1012 videro,
1185 962 1273 1016 quid
1293 963 1445 1003 efficiat.
1503 963 1611 1003 Tan-

58 1035 179 1090 tisper
200 1035 273 1075 hoo
291 1035 414 1088 ipsum
435 1033 564 1088 magni
588 1033 776 1084 aestimo,
812 1035 910 1087 quod
933 1034 1149 1088 pollicetur.
1211 1034 1314 1076 Nam
1337 1035 1501 1077 Xerxes
1528 1037 1610 1091 qni-

57 1109 142 1148 dem
159 1109 327 1148 refertus
349 1108 525 1148 omnibus
544 1107 759 1162 praemiis4
781 1107 969 1161 donisque
992 1108 1187 1159 fortunae,
1216 1123 1294 1149 non
1315 1110 1503 1164 equitatu,
1533 1125 1608 1151 non

56 1181 299 1237 pedestribus
325 1181 468 1236 copiis,
503 1195 580 1221 non
599 1180 754 1222 navium
776 1181 1039 1232 multitudine,
1074 1196 1150 1222 non
1169 1182 1317 1223 infinito
1337 1184 1506 1238 pondere
1527 1186 1609 1224 auri

59 1262 265 1296 contentus
298 1255 509 1310 praemium
541 1255 797 1310 proposuit4,
843 1254 906 1308 qui
939 1255 1157 1296 invenisset
1185 1270 1325 1297 novam
1355 1256 1607 1312 voluptatem.

56 1417 78 1452 4
145 1372 167 1406 3
182 1374 266 1450 dVat.
289 1373 361 1406 cod.
384 1372 515 1404 Schotti
534 1384 615 1404 unus
641 1375 700 1404 Ox.
723 1375 804 1415 Aug.
829 1383 848 1404 α
866 1374 967 1413 phil.:
989 1385 1052 1404 scr.
1076 1373 1226 1416 elegans,
1250 1375 1309 1407 sed
1329 1387 1396 1407 non
1418 1377 1610 1408 necessaria.

102 1431 132 1452 v.
151 1422 179 1451 A
205 1430 237 1450 n.

59 1497 114 1542 qui
148 1497 378 1541 philosophiae
410 1503 518 1529 totum
551 1509 587 1529 se
621 1497 818 1541 penitusque

56 1543 206 1581 tradidit,
231 1542 376 1585 quamvis
399 1542 597 1585 gravissimis
619 1543 815 1574 calamitati-

56 1589 116 1620 bus
142 1594 276 1619 vexetur
305 1588 520 1630 omnibusque
545 1588 698 1619 fortunae
723 1587 818 1620 donis

59 1633 234 1665 destitutus
253 1632 305 1671 sit,
331 1644 461 1674 semper
480 1639 590 1664 tamen
611 1633 726 1664 beatus
746 1632 818 1671 erit,

58 1679 133 1722 quia
156 1678 264 1710 omnia
290 1678 451 1720 praesidia
473 1677 572 1709 habet
594 1678 626 1709 in
650 1688 712 1709 sese
735 1678 819 1709 bene

56 1724 218 1767 beateque
240 1723 382 1754 vivendi.
407 1742 450 1746 -
497 1724 545 1754 De
570 1734 605 1754 re
636 1723 707 1766 ipsa
730 1723 819 1754 idem

56 1775 198 1801 testatur
218 1768 327 1800 Valer.
355 1768 489 1799 Maxim.
510 1769 570 1799 IX.
596 1769 634 1806 l,
657 1768 688 1800 3.
714 1775 816 1799 extu:

57 1818 138 1857 Age,
156 1815 285 1845 Xerxes
302 1825 399 1856 opum
417 1813 578 1855 regiarum
594 1813 818 1844 ostentatione

58 1859 174 1891 eximia
198 1870 237 1890 eo
272 1870 371 1901 usque
402 1858 528 1890 luxuria
561 1858 746 1901 gaudebat,
783 1864 818 1888 ut

57 1905 166 1937 edicto
188 1904 368 1947 praemium
387 1904 416 1934 ei
438 1910 652 1946 proponeret,
677 1903 730 1946 qui
753 1914 817 1933 no—

57 1962 132 1982 vum
156 1949 337 1991 voluptatis
362 1960 463 1991 genus
494 1948 678 1990 reperisset.
726 1948 818 1979 Idem

58 1995 99 2026 de
126 1993 245 2031 Dario,
282 2005 376 2036 quem
402 1993 480 2024 vicit
506 1993 710 2033 Alexander,
746 1999 818 2024 tra—

57 2040 136 2072 dere
171 2039 364 2070 Clearchum
409 2050 461 2080 ap.
503 2038 706 2070 Athenaeum
740 2039 816 2069 XII.

57 2097 89 2128 p.
103 2084 178 2118 539.
201 2083 300 2115 docet
319 2086 476 2124 Davisius,
499 2083 651 2126 idemque
672 2083 713 2115 de
736 2094 818 2115 cun-

60 2130 118 2162 ctis
144 2130 313 2161 Persarum
346 2129 475 2171 regibus
513 2129 678 2160 affirmare
703 2129 818 2161 Theo-

58 2175 229 2219 phrastum
262 2186 314 2218 ap.
350 2174 466 2206 Athen.
491 2175 548 2206 IV.
582 2186 616 2217 p.
641 2171 714 2207 144.
739 2175 818 2206 XII.

59 2233 91 2264 p.
114 2218 190 2253 545.

123 2267 272 2305 praemiis
292 2264 446 2307 fortunae]
473 2264 670 2307 Exquisitius
694 2264 818 2295 dietum

60 2322 138 2353 pro:
164 2311 351 2349 muneribus,
374 2312 484 2349 quibus
503 2313 652 2349 tanquam
671 2311 820 2349 praemiis

60 2357 196 2387 homines
217 2355 313 2393 afficit
341 2355 476 2393 fortuna.
522 2355 602 2385 Aliis
626 2354 705 2385 locis
727 2364 820 2394 prae-

59 2403 125 2431 mia
147 2398 299 2429 dicuutur
319 2410 354 2428 ea
368 2423 375 2432 ,
402 2409 483 2440 quae
503 2398 573 2440 quis
595 2399 739 2440 virtute,
765 2398 819 2428 (li-

59 2445 197 2488 gnitate,
222 2450 291 2474 arte=
309 2443 416 2485 aliqua
436 2443 496 2473 sibi
520 2443 666 2484 paravit3
690 2453 820 2474 munera

61 2496 176 2522 contra
199 2495 232 2520 et
256 2490 339 2519 dona
363 2500 418 2524 ea,
454 2487 569 2530 quibus
593 2487 662 2530 quis
686 2488 820 2518 fortuna

59 2541 230 2567 mactatur.
268 2533 353 2564 Hinc
374 2540 435 2573 est,
460 2533 547 2576 quod
570 2532 745 2564 Lambinus
769 2532 819 2563 le-

61 2579 203 2621 gendum
242 2578 422 2610 coniecerit
458 2581 635 2610 muneribus
674 2579 821 2617 donisque

62 2627 222 2665 fortunae,
261 2624 424 2655 Bentleius
444 2626 580 2664 corporis
602 2625 687 2654 bonis
709 2626 735 2653 et
759 2624 821 2662 [or-

64 2673 165 2701 tunae.
213 2672 256 2701 At
284 2675 400 2700 neutra
430 2668 615 2700 coniectura
640 2667 822 2698 necessaria

63 2713 203 2746 videtur.

131 2762 305 2798 praemium
324 2761 502 2799 proposuit,
524 2758 590 2801 qui]
616 2758 658 2789 H.
683 2769 710 2789 e.
731 2767 822 2797 prae-

67 2806 163 2835 mium
180 2807 336 2843 proposuit
354 2807 392 2843 ei,
413 2807 484 2845 qui.-
508 2815 613 2846 neque
633 2802 727 2834 aliter
750 2801 823 2833 edi-

69 2848 119 2880 dit
141 2848 288 2880 Davisius
311 2850 507 2881 auctoritate
534 2850 582 2880 Et.
602 2852 632 2879 ζ’.
668 2848 824 2890 titemque

70 2892 202 2933 Rehd.).
248 2893 389 2926 Frustra.
439 2894 641 2926 creberrima
673 2899 722 2923 est
745 2893 825 2924 haec

68 2937 272 2981 pronominis
297 2938 448 2980 omissio,
484 2939 537 2971 ubi
562 2937 745 2971 enuntiatio
769 2948 825 2970 re-

851 1497 952 1529 lativa
971 1499 1160 1541 praecessit,
1183 1499 1237 1531 vel
1256 1499 1310 1531 ubi
1329 1499 1535 1532 indefinitum
1553 1504 1612 1532 ali-

852 1545 921 1584 quis
941 1544 1161 1586 supplendum
1182 1552 1250 1585 est,
1275 1551 1312 1576 ut
1330 1545 1364 1577 h.
1381 1545 1421 1577 l.:
1448 1545 1536 1588 quod
1558 1546 1613 1577 ubi

853 1594 922 1627 est,
961 1600 1099 1631 sequens
1133 1589 1228 1621 relat.
1261 1593 1315 1630 qui
1348 1590 1468 1623 resolvi
1503 1597 1614 1634 potest

854 1645 930 1676 per:
956 1636 983 1665 si
1004 1637 1082 1674 quis.
1118 1636 1223 1677 Supra
1244 1636 1300 1667 JV.
1323 1635 1377 1673 23,
1398 1637 1450 1668 51.
1477 1636 1531 1675 25,
1551 1637 1611 1668 55:

855 1678 934 1710 utile
952 1686 1013 1718 est,
1036 1679 1082 1710 uti
1100 1687 1190 1711 motu
1205 1680 1315 1719 animi,
1338 1681 1391 1723 qui
1415 1694 1472 1722 χε
1491 1681 1612 1723 siquis)

855 1723 901 1754 uti
925 1724 1052 1755 ratione
1073 1736 1139 1756 non
1163 1732 1285 1767 potest.
1311 1725 1388 1756 Sall.
1405 1726 1475 1757 Cat.
1499 1726 1552 1763 37,
1575 1726 1612 1759 3:

854 1769 923 1811 quis
957 1780 1036 1811 opes
1069 1769 1177 1801 nullae
1209 1777 1304 1808 sunt,
1342 1770 1436 1802 bonis
1466 1770 1615 1802 invident

855 1813 961 1856 (relat.
986 1814 1164 1855 praecedi.
1200 1816 1284 1857 Nep.
1311 1814 1407 1846 Dion.
1431 1814 1462 1854 9,
1485 1817 1524 1848 5:
1549 1816 1615 1847 mi-

851 1858 989 1890 seranda
1020 1859 1085 1890 vita
1117 1864 1173 1901 (sc.
1195 1860 1334 1900 eoruml,
1367 1860 1421 1903 qui
1443 1872 1478 1891 se
1500 1860 1613 1899 metui,

853 1915 950 1946 quam
974 1904 1073 1935 amari
1096 1904 1232 1936 malunt.
1268 1905 1380 1937 Paullo
1402 1913 1479 1948 post
1500 1913 1614 1938 nostro

852 1949 948 1980 loco:
994 1951 1101 1980 vellem
1134 1952 1274 1989 praemio
1309 1953 1412 1982 elicere
1443 1961 1614 1992 possemus,

852 1996 915 2034 qui.
970 1995 1008 2024 V.
1046 1996 1173 2026 Ramsh.
1208 1996 1246 2025 L.
1276 1996 1333 2026 Gr.
1367 1998 1394 2038 ᾗ.
1424 1996 1504 2033 Ῑύὅ,
1530 1993 1560 2028 4.
1587 2008 1614 2028 c.

852 2041 989 2071 Kiihner.
1015 2039 1053 2069 L.
1080 2039 1136 2071 Gr.
1163 2038 1281 2083 §.14:3.
1305 2041 1384 2071 Not.
1402 2039 1435 2073 6.
1473 2044 1615 2074 Goerenz.

852 2083 894 2115 ad
917 2084 988 2115 Fin.
1012 2085 1054 2122 ll,
1074 2085 1106 2115 τ’).
1132 2097 1165 2127 p.
1184 2084 1257 2117 137.
1282 2092 1315 2116 et
1337 2085 1390 2123 ἳὸ,
1413 2084 1467 2117 90.
1492 2087 1614 2127 Ῑ).“,’58.

854 2131 996 2161 Ochsner.
1029 2129 1096 2160 Ecl.
1130 2130 1196 2161 Cic.
1221 2141 1253 2172 p.
1271 2129 1348 2163 2279.
1392 2132 1550 2162 Bremium
1573 2131 1616 2162 ad

853 2175 937 2217 Nep.
960 2174 1175 2206 Themistocl.
1196 2176 1266 2212 1X‚
1294 2174 1321 2208 1.
1350 2175 1447 2206 Dion.
1473 2177 1562 2216 VIII,
1583 2174 1614 2208 4.

854 2226 886 2250 et
909 2219 951 2251 ad
972 2219 1042 2250 Fin.
1068 2221 1107 2255 ΙΙ,
1131 2224 1184 2251 ze.
1224 2221 1383 2258 Wopkens.
1406 2221 1514 2252 Lectt.
1527 2221 1613 2252 Tull.

854 2265 903 2300 Il,
931 2265 980 2296 10.
1018 2275 1050 2306 p.
1069 2265 1135 2296 ‘250
1148 2276 1217 2307 sq,
1253 2264 1363 2306 ibique
1387 2267 1490 2296 Hand.
1517 2267 1614 2297 Kritz.

854 2309 896 2340 ad
913 2309 989 2340 sall.
1006 2310 1074 2340 cat.
1090 2310 1228 2347 XJ11‚·.›.
1251 2320 1281 2350 p.
1297 2308 1400 2351 eosq.
1427 2311 1544 2347 Lvm,
1563 2310 1612 2342 16.

855 2366 888 2396 p.
904 2354 979 2385 210.
1016 2357 1052 2384 G.
1077 2356 1108 2385 T.
1132 2356 1165 2385 A.
1187 2356 1317 2393 Krilyer.
1345 2354 1563 2397 Uutersuchg.
1584 2367 1612 2386 a.

855 2398 887 2430 d.
908 2399 982 2429 Lat.
1005 2399 1062 2429 Gr.
1086 2399 1237 2429 Het'tlll.
1261 2411 1294 2441 p.
1315 2397 1376 2431 196
1391 2410 1439 2441 sq.
1475 2402 1615 2432 Orionem

855 2443 896 2474 ad
922 2443 987 2474 Cic.
1013 2442 1083 2474 Fin.
1108 2445 1144 2473 ΙῘ.
1167 2444 1220 2478 2³25,
1242 2443 1294 2474 90.
1332 2443 1380 2473 De
1403 2444 1528 2477 Graeca
1548 2445 1615 2476 lin-

855 2500 916 2531 gua
942 2499 971 2518 v.
997 2498 1057 2518 nos
1081 2487 1112 2518 iu
1139 2489 1195 2518 Gr.
1220 2488 1275 2518 Gr.
1301 2489 1339 2520 T.
1362 2489 1401 2519 Il.
1427 2491 1455 2529 §-
1474 2490 1558 2528 70⁴2‚
1582 2488 1614 2522 4.

858 2534 929 2575 (Gr.
954 2532 1057 2563 schol.
1081 2534 1108 2575 ᾗ
1123 2533 1200 2564 331.
1225 2533 1304 2563 Not.
1321 2533 1368 2574 3.)
1417 2535 1520 2566 Porro
1544 2536 1614 2567 La·-

856 2578 915 2609 tini
943 2577 1121 2619 scriptores
1143 2577 1295 2609 dixerunt
1328 2584 1360 2609 et
1389 2591 1558 2620 proponere
1581 2587 1614 2612 et

852 2633 963 2663 ponere
992 2624 1166 2661 praemium
1197 2625 1311 2663 alicui,
1345 2624 1474 2656 diversa
1503 2632 1614 2657 tamen

855 2667 1038 2703 sententia,
1072 2667 1118 2698 ita
1139 2674 1173 2698 ut
1194 2667 1275 2699 illud
1303 2677 1481 2711 poneretur
1501 2670 1542 2701 de
1563 2670 1611 2708 iis,

857 2712 910 2755 qui
935 2712 1085 2754 praemiis
1109 2712 1302 2745 elicerentur
1325 2714 1378 2746 vel
1399 2715 1614 2747 incitarentur

858 2757 897 2788 ad
915 2757 1052 2798 facinus,
1077 2757 1141 2789 hoc
1163 2757 1204 2789 de
1223 2758 1270 2794 iis,
1297 2760 1350 2802 qui
1373 2771 1505 2802 operam
1522 2771 1612 2790 suam

859 2802 1018 2834 offerrent
1041 2803 1244 2846 pretiumque
1271 2805 1523 2846 paciscerentur.
1570 2805 1608 2835 V.

858 2850 893 2880 F.
925 2849 1103 2888 Heusinger.
1136 2848 1178 2879 ad
1208 2849 1302 2880 Osfw.
1329 2851 1384 2880 ΙΙΙ.
1408 2850 1460 2881 22.
1497 2848 1611 2891 princ„

859 2892 914 2936 qui
937 2892 970 2924 in
991 2899 1101 2936 partes
1130 2900 1228 2926 vocat
1255 2897 1390 2925 Curtium
1413 2893 1454 2924 ad
1479 2893 1610 2925 Sallust.

861 2938 931 2969 Cat.
955 2936 1020 2978 20,
1049 2936 1099 2971 14.
1134 2944 1168 2970 et
1197 2941 1347 2970 Drakenb.
1382 2937 1424 2969 ad
1459 2938 1530 2969 Liv.
1555 2938 1609 2972 39,
