1832 3137
780 604 834 635 iN

437 678 498 720 M.
532 679 758 723 TULLII
798 680 1168 727 CICERONIS

57 768 776 830 TUSCULANARUM
816 775 1542 838 DISPUTATIONUM

601 885 759 917 LIBROS
786 887 994 927 QUJNQUE

515 952 656 999 PRO
675 953 1088 1003 LEGO'MENA.

212 1083 242 1123 1.
304 1084 373 1125 De
402 1087 606 1128 universa
633 1089 911 1142 philosophia
941 1092 1061 1144 apud
1092 1093 1310 1135 Romanos
1333 1097 1382 1148 ¹).

100 1173 378 1225 Philosophiae
393 1178 570 1214 studium
592 1179 699 1229 apud
719 1181 911 1219 Romanos
933 1183 1004 1220 diu
1025 1184 1242 1234 neglectum
1262 1186 1394 1224 iacuit.
1426 1189 1578 1228 Etenim

15 1253 107 1292 gens
129 1243 321 1289 Romana,
363 1257 384 1279 a
406 1245 544 1294 primis
567 1246 741 1283 civitatis
763 1247 886 1286 initiis
913 1250 1115 1288 continuis
1144 1253 1253 1289 bellis
1275 1262 1485 1305 occupata,
1525 1258 1577 1294 ita

14 1308 199 1344 instituta
223 1315 326 1357 erat,
360 1316 404 1346 ut
429 1324 581 1348 omnem
606 1313 760 1350 laudem
784 1315 1026 1367 gloriamque
1055 1318 1096 1354 in
1129 1333 1171 1356 re
1192 1321 1352 1358 militari
1377 1323 1577 1362 civitatis-

14 1388 90 1424 que
116 1375 455 1415 administratione
486 1380 710 1417 collocaret.
781 1382 891 1429 Quae
924 1385 1081 1434 quidem
1115 1387 1178 1423 via
1213 1390 1384 1438 posteris
1418 1404 1578 1442 quoque

12 1444 258 1494 temporibus
284 1444 331 1481 ad
354 1459 540 1483 summam
566 1448 607 1484 in
630 1462 673 1485 re
698 1450 858 1500 publica
881 1453 1158 1490 auctoritatem
1181 1456 1577 1506 adipiscendam‘una

12 1517 97 1547 erat
119 1517 236 1561 atque
261 1513 486 1551 certissima.
545 1516 700 1554 Primus
727 1518 967 1556 Graecarum
988 1521 1264 1560 doctrinarum
1286 1525 1578 1578 sapientiaeque

14 1592 123 1615 amor
142 1578 181 1615 in
195 1581 458 1619 Romanorum
483 1583 621 1620 animis
644 1585 831 1634 effloruit,
851 1601 973 1636 quum
996 1589 1202 1627 clarissimi
1221 1591 1279 1628 illi
1292 1593 1443 1643 Graeci,
1475 1597 1577 1634 Car-

14 1645 174 1694 neades,
213 1647 429 1697 Critolaus,
472 1651 676 1702 Diogenes,
716 1654 837 1704 primi
866 1656 934 1705 qui
953 1670 974 1693 a
997 1658 1178 1696 Romanis
1199 1660 1344 1711 cogniti
1365 1669 1460 1700 sunt
1478 1664 1575 1714 phi-

14 1712 191 1763 losophi,
237 1716 284 1752 ab
317 1717 617 1757 Atheniensibus
647 1722 806 1758 Romam
833 1723 937 1760 missi
969 1731 1062 1762 sunt
1099 1724 1196 1777 (598
1234 1742 1268 1765 a.
1303 1729 1346 1766 U.
1374 1744 1407 1767 e.
1440 1735 1517 1769 155
1541 1746 1576 1769 a.

14 1779 133 1829 Chr.).
196 1783 246 1819 At
267 1784 468 1823 enimvero
493 1787 543 1824 M.
567 1788 607 1824 P.
628 1789 744 1837 Cato,
776 1803 936 1828 severus
963 1791 1028 1829 ille
1047 1807 1183 1842 senex,
1212 1796 1405 1845 pristinae
1428 1800 1575 1835 Roma-

13 1860 156 1885 norum
175 1849 405 1901 disciplinae
430 1853 676 1903 innutritus,
707 1863 899 1904 metuens,
930 1872 978 1894 ne
996 1859 1183 1897 iuventus
1209 1861 1395 1912 flagranti
1414 1864 1484 1901 illo
1504 1865 1576 1902 lit-

14 1920 188 1952 terarum
209 1918 353 1956 ardore
373 1933 394 1956 a
414 1921 560 1957 veteris
581 1922 812 1972 disciplinae
829 1925 1052 1973 severitate,
1083 1941 1198 1976 quam
1218 1929 1401 1967 militaris
1421 1932 1477 1968 rei
1495 1946 1574 1983 pu-

15 1982 139 2019 blicae
162 1984 337 2021 conditio
362 1987 576 2024 necessario
602 1990 841 2039 requireret,
873 1992 1123 2043 degeneraret
1150 2003 1206 2044 et,
1238 1997 1480 2035 Graecorum
1507 1999 1574 2036 in-

17 2048 116 2086 fecta
151 2050 354 2100 doctrina,
400 2053 545 2104 ingenii
577 2056 697 2106 magis
732 2059 877 2106 cultui,
917 2072 1033 2109 quam
1063 2062 1181 2100 rebus
1213 2065 1387 2102 strenuis
1414 2080 1575 2117 operam

15 2115 146 2163 daret,
180 2117 328 2167 effecit,
359 2127 405 2157 ut
436 2121 552 2172 legati
581 2136 673 2161 mox
704 2125 861 2163 domun]
892 2129 1205 2168 remitterentur.

126 2185 264 2222 Postea
291 2201 407 2236 vero,
443 2190 616 2228 Romano
641 2191 808 2243 imperio
829 2194 944 2246 longe
967 2196 1123 2247 lateque
1143 2206 1365 2250 propagato
1389 2207 1428 2238 et
1447 2201 1574 2239 stabi-

13 2250 98 2300 lito,
121 2252 294 2303 ingentes
313 2268 403 2305 opes
423 2263 460 2294 et
476 2271 562 2295 cum
580 2259 633 2296 eis
649 2260 812 2299 luxuria
832 2276 876 2300 ac
895 2264 1192 2315 magnificentia,
1214 2267 1400 2305 libidines
1419 2268 1574 2305 omnia-

14 2331 90 2367 que
109 2320 296 2358 scelerum
313 2336 455 2373 genera
479 2325 627 2364 civium
654 2328 803 2367 animos
825 2333 1145 2381 pessumdabant.
1205 2335 1275 2371 His
1297 2335 1453 2384 quidem
1474 2343 1574 2373 tem·

14 2386 203 2435 poribus,
234 2388 275 2425 in
296 2389 370 2426 hae
397 2405 529 2429 rerum
552 2401 669 2444 atque
695 2397 767 2434 otii
790 2398 1014 2447 affluentia,
1046 2401 1106 2437 uti
1130 2402 1171 2437 in
1195 2401 1406 2440 deterioris
1427 2403 1574 2454 ingenii

14 2451 240 2492 hominibus
266 2454 451 2495 luxuriae
474 2460 804 2514 voluptatumque
831 2466 1028 2516 cupiditas
1053 2467 1320 2518 excitabatur,
1357 2470 1413 2508 ita
1433 2471 1475 2508 in
1500 2485 1573 2509 ex-

13 2520 243 2565 celsioribus
268 2524 407 2562 animis
431 2540 613 2578 magnum
638 2532 835 2580 quoddam
859 2534 998 2571 mentis
1022 2534 1214 2573 doctrinis
1237 2538 1475 2575 excolendae
1500 2552 1573 2576 ex-

13 2594 144 2626 ortum
178 2598 234 2628 est
268 2592 517 2632 desiderium.
576 2597 710 2647 ltaque
732 2613 776 2636 eo
798 2606 992 2651 tempore,
1031 2617 1109 2652 quo
1134 2604 1392 2657 philosophia
1414 2607 1573 2645 efflore-

104 2721 136 2764 1)
163 2724 257 2763 Quae
283 2724 314 2756 iu
345 2725 393 2757 his
417 2727 660 2771 prolegomenis
683 2731 714 2762 in
737 2732 903 2766 studiosae
926 2734 1103 2768 iuventutis
1130 2738 1269 2780 gratiam
1287 2751 1306 2770 a
1328 2739 1422 2771 nobis
1445 2740 1574 2782 prolata

16 2772 92 2797 suut
106 2791 113 2805 ‚
151 2779 278 2800 summa
300 2771 460 2812 quaedam
483 2774 574 2816 quasi
597 2776 705 2818 capita
727 2788 838 2809 eorum
861 2779 1051 2820 continent,
1088 2794 1170 2825 quate
1192 2783 1224 2814 in
1243 2784 1328 2816 hanc
1352 2796 1419 2816 rem
1445 2784 1574 2816 uberius

14 2809 249 2853 disputavimus
270 2814 302 2846 in
333 2816 435 2855 libro,
469 2819 523 2861 qui
544 2819 750 2853 inscribitur:
786 2825 827 2855 M.
851 2826 942 2857 Tullii
966 2828 1120 2859 Ciceronis
1139 2830 1171 2860 in
1193 2831 1421 2869 philosophiam
1453 2831 1575 2870 eiusque

12 2859 118 2893 partes
149 2861 268 2890 merila.
318 2862 539 2896 Commutatio
572 2868 655 2906 re9io
686 2871 827 2906 praemio
859 2875 980 2902 ornata.
1027 2874 1202 2914 Hambur9i
1233 2877 1405 2914 sumptibus
1426 2875 1576 2906 Friderici

17 2899 153 2933 Pertloes.
187 2905 464 2947 MDCCCXXV„
485 2909 607 2941 additis
629 2912 792 2943 nonnullis
806 2938 813 2952 ,
840 2925 922 2957 quae
943 2915 983 2947 ad
1006 2915 1198 2949 interim-om
1220 2920 1478 2950 'l'nsculanarum
1498 2918 1574 2950 Dis-

15 2945 224 2986 putationum
246 2948 498 2994 intelligentiam
523 2955 633 2987 facere
659 2956 857 2991 viderentur.

85 2998 132 3027 ed.
154 3005 272 3035 quarta.
1290 3014 1308 3048 1
