1832 3137
636 106 800 139 LIBER
830 109 868 139 ll.
898 107 958 147 14,
985 106 1038 141 34.

1534 102 1614 143 213

44 186 133 226 tur?
163 184 230 224 sed
263 198 350 224 cuin
382 183 543 238 opprimi
577 185 662 225 (lico
695 186 902 240 patientia,
937 187 969 226 si
1003 187 1116 228 modo
1149 194 1211 228 est
1238 187 1365 242 aliqua
1395 189 1606 243 patientiag

41 257 106 298 si⁶
140 257 245 297 nulla
278 264 361 307 est,
396 256 484 310 quid
516 271 755 298 exornamus
789 259 1096 314 philosophiam?
1132 267 1198 301 aut
1223 260 1311 315 quid
1339 261 1423 302 eius
1450 263 1607 304 nomine

41 329 201 384 gloriosi
226 330 390 370 sumus?

446 328 592 385 Pnngit
619 331 730 372 dolor
750 355 805 360 —
830 332 892 372 vel
917 333 1069 373 fodiat⁷
1101 347 1219 385 sane3
1253 334 1285 374 si
1310 335 1435 375 nudus
1459 349 1526 386 es,
1560 337 1606 376 da

39 398 235 458 iugulum3
284 403 344 442 sin
385 409 511 443 tectus
544 403 746 444 Vulcaniis
784 404 925 454 armis,
972 405 1010 445 id
1050 413 1111 446 est
1148 407 1397 458 fortitudine,
1445 408 1602 450 resiste.

40 476 150 517 Haec
182 476 284 516 enim
315 483 374 526 te,
410 476 483 516 nisi
509 477 563 517 ita
592 477 736 527 facies,
769 484 904 518 custos
928 477 1126 531 dignitatis
1151 480 1345 534 relinquet
1367 488 1406 521 et
1431 481 1603 522 deseret.

39 555 108 591 54.
145 546 307 590 Cretum
333 549 485 603 quidem
511 550 635 604 leges,
670 564 764 604 quas
790 550 874 590 sive
902 548 1100 605 Iupiter⁸‚
1134 552 1218 593 sive
1240 552 1374 594 Minos
1401 555 1535 595 sanxit
1560 555 1607 596 de

38 620 145 664 Iovis
168 622 321 677 quidem
344 623 564 674 sententia,
598 630 639 663 ut
663 628 802 678 poetae
829 625 980 674 ferunt,
1014 623 1183 678 itemque
1205 623 1381 680 Lycurgi
1408 628 1606 669 laboribus

39 695 221 736 erudiunt
262 695 504 736 iuventutem
539 696 745 747 venando,
786 697 1003 747 currendo,
1045 697 1279 749 esuriendo,
1320 698 1512 751 sitiendo,
1554 701 1607 740 al-

37 769 166 822 gendo
178 799 189 820 ,
224 769 455 809 aestuando.

521 767 687 823 Spartae
712 782 810 810 vero
837 769 945 824 pueri
971 770 1018 810 ad
1042 783 1149 811 aram
1171 770 1228 811 sic
1252 770 1483 812 verberibus
1508 773 1609 813 acci-

126 890 148 924 6
172 895 227 924 Or.
250 904 276 924 c.
299 892 410 935 paucis
433 892 508 925 edd.
524 899 606 925 vett.
627 895 676 926 sin
698 895 808 933 nulla;
832 893 931 925 etiam
954 893 1082 925 Nonius
1107 905 1139 937 p.
1157 894 1231 935 105,
1257 893 1311 927 25.
1336 897 1363 927 si
1382 897 1480 927 nulla.
1528 894 1548 928 7
1576 909 1605 926 v.

41 937 125 969 Adn.
171 937 193 969 8
218 938 254 970 R.
279 937 366 970 Gnd.
393 937 420 970 1.
446 939 486 970 ll.
511 937 632 982 aliique
663 937 821 970 omittunt
843 938 944 971 vetba
977 941 1040 971 sive
1061 941 1129 979 Iup.
1140 963 1150 980 ,
1188 939 1285 971 oculo
1307 939 1434 972 librarii
1456 952 1474 972 a
1497 940 1608 983 prime

39 986 104 1015 sive
128 982 171 1014 ad
191 982 329 1014 alterum
350 982 537 1016 aberrante.

40 1060 213 1103 sciiptuia.
249 1060 363 1092 Paullo
387 1067 463 1104 post
482 1064 656 1094 resonando
676 1066 808 1101 mulum,

40 1105 130 1148 qnod
154 1105 189 1136 in
210 1105 375 1137 nonnullis
400 1112 434 1137 ut
457 1105 589 1138 videtur
611 1109 714 1145 Oxx.,
748 1105 808 1137 sed

40 1151 111 1184 Fin.
134 1151 175 1181 11.
200 1149 260 1189 19,
284 1149 337 1183 9-1.
352 1176 359 1188 ,
386 1150 438 1182 ubi
463 1150 529 1182 (luo
549 1151 710 1194 postremi
730 1163 807 1182 ver—-

40 1207 92 1227 sus
116 1195 309 1234 afferuntur,
335 1195 366 1226 in
395 1195 528 1238 optimis
554 1195 651 1227 codd.
676 1195 806 1238 legitur,

41 1247 178 1283 propter
200 1247 331 1272 acutum
353 1240 541 1271 antitheton
563 1242 697 1272 Bentleio
726 1251 807 1282 pro-

40 1285 172 1324 batum,
211 1285 338 1327 optimo
369 1285 438 1316 iure
471 1292 641 1327 receptum
672 1292 721 1316 est
748 1296 807 1326 pro

42 1330 126 1372 vulg.
149 1332 302 1369 mullum,
341 1329 429 1372 qnod
451 1328 581 1360 inanem
604 1329 636 1360 h.
658 1329 678 1361 l.
704 1329 807 1360 habet

39 1374 245 1406 sententiam.
306 1377 348 1405 At
384 1373 626 1416 elegantissime
664 1373 804 1404 dicitur:

39 1419 160 1450 lectum
186 1418 239 1450 vel
263 1418 372 1461 potius
394 1430 508 1450 saxum
531 1425 657 1449 mutum
683 1418 805 1449 eiulatu

39 1483 82 1488 —
107 1463 292 1495 fremitibus
326 1463 514 1496 resonando
547 1463 673 1494 flebiles
708 1474 806 1495 voces

39 1508 154 1541 resest.

108 1556 242 1594 opprimi
267 1572 308 1577 —
331 1553 497 1597 patientia]
535 1555 679 1586 Dolorem
702 1555 807 1593 oppri-

42 1609 122 1630 mere
146 1605 195 1629 est
219 1610 450 1641 compescere,
475 1598 655 1637 continere,
680 1605 805 1641 tegere.

43 1645 82 1674 V.
112 1645 263 1675 Wassium
299 1643 340 1674 ad
376 1643 454 1674 Sall.
488 1645 556 1685 lug.
584 1644 740 1683 LXXII,
771 1645 805 1675 l:

40 1691 122 1720 iram
146 1693 366 1728 compresserat
391 1699 443 1730 ap.
468 1690 566 1720 Kritz.
591 1700 622 1731 p.
640 1688 715 1721 301.

115 1746 190 1784 quid
223 1754 411 1776 exornamus
439 1743 683 1786 philosophiam]
720 1746 808 1786 Apte

42 1791 141 1821 Moser
165 1799 270 1831 comp.
295 1790 327 1827 2,
350 1790 392 1821 5:
418 1800 528 1820 nonne
550 1788 729 1820 verendum
754 1807 806 1826 —,

41 1845 81 1865 ue
102 1835 331 1874 philosophiam
356 1834 439 1865 falsa
463 1833 568 1875 gloria
592 1836 744 1865 exornes?

105 1890 219 1932 fodiat]
255 1889 430 1932 Ingeniosa
458 1896 508 1920 est
531 1891 659 1921 Bentleii
694 1888 808 1919 conie—

39 1941 131 1966 ctura
154 1936 286 1975 fodicet,
312 1934 357 1965 uti
385 1936 439 1965 111.
464 1933 522 1972 16,
548 1934 610 1965 35:
636 1933 736 1971 „Non
761 1939 809 1963 est

40 1979 127 2010 enim
146 1979 180 2010 in
200 1986 312 2010 nostra
332 1984 507 2020 potestate,
532 1979 741 2017 fodicantibus
759 1977 809 2008 his

43 2024 148 2061 rebus,
175 2035 253 2066 quas
280 2024 379 2054 malus
405 2035 473 2053 esse
500 2022 683 2064 opinemur,
709 2022 808 2052 dissi-

43 2068 178 2099 mulatio
193 2068 243 2099 vel
257 2068 413 2099 oblivi0.“
449 2069 590 2099 Menhius
605 2067 638 2098 in
652 2067 808 2098 Observv.

44 2112 131 2144 ined.
158 2124 265 2155 comp.
290 2113 369 2144 Hor.
396 2124 448 2155 ep.
475 2114 498 2143 1.
520 2112 560 2150 6,
586 2112 648 2144 51:
685 2111 738 2154 qui
763 2113 809 2151 fo-

43 2159 123 2189 dicet
142 2157 238 2188 latus.
272 2159 312 2188 Et
331 2168 409 2188 sane
432 2156 529 2189 codd.
545 2156 634 2188 Med.
653 2163 687 2188 et
703 2156 808 2187 Rehd.

43 2201 199 2234 exhibent
232 2203 359 2242 [odient.
417 2205 460 2233 At
492 2201 626 2243 vulgata
658 2212 723 2233 non
761 2207 810 2232 est

42 2246 212 2279 tentanda.
260 2247 420 2290 Apposite
447 2249 579 2279 Orellias
608 2246 746 2277 contulit
773 2246 808 2277 C.

43 2291 126 2323 Phil.
147 2293 188 2323 11.
213 2289 275 2329 3-1,
299 2292 362 2324 aeb':
392 2303 495 2330 „num
517 2297 705 2333 exspectas,
733 2291 809 2321 dum

44 2342 78 2367 te
102 2336 241 2366 stimulis
266 2338 412 2376 fodiam?
447 2336 529 2367 haec
553 2342 587 2367 te
609 2354 654 2359 —
676 2335 808 2372 lacerat,

43 2380 125 2411 haec
140 2387 290 2411 cruentat
304 2380 445 2411 oration*
484 2380 573 2411 ldem
592 2380 727 2411 verbum
742 2381 810 2411 La—

44 2423 148 2456 tinum
168 2431 246 2466 apte
267 2431 436 2466 comparat
457 2435 529 2455 cum
548 2430 663 2455 nostro
678 2426 811 2456 wimlen.

111 2482 261 2513 sinodus
281 2480 325 2523 es]
348 2481 390 2511 H.
404 2492 432 2510 e.
454 2479 479 2510 si
504 2490 579 2521 eges
600 2478 708 2517 armis,
735 2479 810 2521 qui-

44 2526 102 2557 bus
129 2525 260 2556 resistas
286 2524 413 2563 dolori,
450 2524 480 2555 h.
501 2536 527 2555 e.
558 2522 583 2554 si
609 2534 684 2565 eges
709 2523 810 2555 forti-

45 2569 170 2602 tudine.

111 2628 154 2658 da
182 2626 339 2667 iugulum]
381 2626 470 2656 Haec
506 2623 647 2656 formula
682 2629 811 2665 sumpta

47 2677 97 2701 est
116 2682 135 2702 a
155 2670 410 2713 gladiatoiibus,
437 2680 574 2713 quoium
598 2667 652 2710 qui
674 2667 811 2698 inferior

49 2720 118 2746 erat
151 2715 362 2751 adversario,
402 2714 547 2758 iugulum
581 2712 811 2744 dissecandum

50 2758 259 2801 porrigebat,
295 2766 328 2790 et
352 2760 395 2790 ita
421 2771 456 2790 se
479 2759 603 2790 victum
628 2756 811 2800 profiteba-

48 2809 122 2842 tur,
159 2803 205 2834 uti
239 2804 382 2846 ‹xplicat
415 2805 551 2836 Midias.
607 2804 748 2834 Menlfius
779 2801 811 2832 in

51 2846 208 2879 Observv.
231 2848 317 2880 ined.
343 2860 450 2890 comp.
477 2861 524 2891 pr.
549 2847 664 2880 Milon.
690 2848 738 2882 11.
759 2846 812 2877 31.

52 2891 133 2923 Hor.
160 2892 193 2922 S.
216 2893 241 2924 1.
262 2892 307 2931 3,
329 2895 383 2926 δὲ),

844 1068 915 1093 ctus
950 1069 1030 1095 erat.
1079 1063 1344 1105 Descriptionem
1376 1076 1489 1095 eorum
1520 1077 1549 1096 v.
1576 1064 1606 1095 in

844 1108 941 1138 Hom.
968 1107 1003 1138 11.
1029 1108 1142 1139 XVlll
1158 1133 1165 1146 ,
1190 1107 1256 1142 -sffi's'
1277 1128 1320 1132 —
1344 1109 1421 1140 fin.“
1471 1112 1608 1141 Neidius.

843 1152 955 1189 „Hinc
978 1152 1149 1193 Augustin.
1175 1153 1249 1184 adv.
1275 1153 1376 1185 Acad.
1402 1155 1450 1192 ll,
1481 1156 1514 1185 1:
1552 1166 1608 1184 ar—

842 1208 895 1228 ma
934 1196 1056 1228 invicta
1096 1204 1129 1228 et
1172 1198 1263 1240 quasi
1301 1201 1452 1230 Vulcania
1493 1198 1607 1229 dicit.“

843 1243 1000 1273 Davisius.

910 1288 1057 1325 relinquet
1074 1290 1101 1317 el
1125 1287 1254 1329 deseret]
1281 1287 1384 1319 Plaut.
1404 1289 1504 1319 Most.
1529 1290 1554 1319 1.
1575 1289 1605 1318 .·5.

841 1329 905 1361 45:
942 1332 1064 1369 reliquit
1097 1333 1288 1370 deseruitque
1319 1343 1382 1364 me.
1431 1335 1609 1372 Relinquat-c

840 1374 1035 1416 simpliciter
1058 1375 1221 1416 significat
1245 1376 1284 1406 ab
1306 1376 1416 1418 aliquo
1439 1377 1608 1408 discedent

844 1418 1118 1460 (ztn-iicklassen)3
1156 1421 1293 1451 deserere
1317 1427 1366 1451 est
1392 1428 1541 1452 nostrum
1565 1424 1608 1452 im,

843 1466 943 1496 Sliclie
965 1466 1085 1503 lassen,
1112 1464 1217 1495 Italic.
1242 1467 1475 1504 abbandonare,
1499 1465 1604 1496 idem-

842 1520 904 1551 que
927 1508 997 1540 sere
1019 1508 1116 1548 valet,
1143 1509 1232 1551 quod
1245 1511 1417 1549 destituere,
1442 1512 1608 1550 frustrari,-

842 1553 919 1585 hinc
941 1555 1034 1585 amici
1057 1564 1104 1585 me
1128 1555 1282 1593 deserunt,
1303 1565 1419 1594 preces,
1441 1557 1609 1594 promissa,

842 1609 987 1630 caussam
1011 1609 1121 1638 suam,
1153 1601 1203 1629 ius
1226 1609 1336 1638 suum,
1363 1602 1499 1640 officium
1525 1601 1607 1631 desa

841 1653 916 1675 rere.
941 1644 980 1675 V.
993 1645 1155 1675 Forcellin.
1176 1643 1208 1674 h.
1222 1655 1252 1675 V.
1276 1646 1465 1676 Doederlinii
1484 1646 1607 1687 Synon.

843 1689 883 1719 T.
906 1689 959 1719 111.
987 1700 1017 1730 p.
1035 1688 1101 1720 ¹:90
1116 1700 1163 1730 sq.
1197 1700 1357 1731 quemque
1380 1692 1514 1721 Orellius
1535 1689 1603 1720 lanv

844 1732 901 1763 (lat
935 1735 1089 1764 Bremium
1124 1732 1166 1764 ad
1200 1733 1296 1764 Corn.
1324 1735 1455 1765 Datani.
1486 1735 1552 1772 VJ,
1577 1736 1608 1766 ,ζἰ.

845 1777 984 1808 Gravius
1010 1789 1106 1819 quam
1136 1780 1304 1818 relinquere
1328 1785 1377 1809 est
1403 1780 1610 1818 derelinquere

847 1824 1001 1864 (yiinzlich
1024 1822 1203 1861 verlossenl.
1238 1823 1276 1852 V.
1298 1824 1438 1863 Seyffert.
1461 1822 1503 1853 ad
1518 1822 1610 1853 Lael.

851 1870 895 1898 ll.
915 1867 969 1899 57.
996 1878 1028 1907 p.
1044 1865 1108 1900 247
1122 1878 1170 1908 sq.
1196 1873 1229 1897 et
1252 1878 1334 1908 quae
1358 1867 1498 1898 contulit
1516 1869 1607 1898 Hein-

844 1913 962 1950 dorfias
986 1910 1028 1941 ad
1053 1911 1095 1941 N.
1122 1912 1158 1941 U.
1184 1912 1208 1941 1.
1231 1912 1270 1949 ἴ),
1301 1911 1349 1943 11.

913 1964 1008 2010 §.3³1.
1037 1968 1158 1998 Cretum
1178 1966 1316 2008 quidem]
1344 1967 1469 1999 Vocula
1487 1969 1609 2007 quidem

844 2010 987 2046 indicat,
1026 2010 1182 2053 exemplis
1206 2022 1276 2042 rem
1301 2011 1441 2053 aliquam
1467 2012 1609 2043 demonv

844 2055 940 2087 strari
975 2055 1184 2087 illustrarive.
1237 2056 1287 2086 Cf.
1323 2056 1490 2088 Aduotata
1523 2056 1554 2087 in
1588 2058 1608 2086 l.

843 2099 904 2135 415
936 2100 1006 2132 116.
1055 2099 1153 2139 Quod
1173 2106 1283 2131 autem
1305 2101 1463 2143 particula
1485 2103 1610 2141 quidem

845 2145 955 2187 paullo
990 2151 1065 2187 post
1096 2144 1214 2176 iterum
1242 2146 1410 2188 sequitur,
1446 2145 1608 2182 offensio-

846 2190 876 2221 ni
913 2201 982 2220 esse
1017 2201 1082 2220 non
1119 2189 1228 2221 debet.
1262 2190 1303 2221 de
1328 2192 1457 2222 Senect.
1492 2202 1518 2222 c.
1550 2188 1608 2222 14:

847 2238 952 2277 Atque.
990 2234 1071 2265 haec
1108 2236 1233 2274 quidem
1270 2235 1378 2266 studia
1419 2234 1609 2267 doctrinae:

845 2291 927 2322 quae
951 2281 1073 2319 quidem
1106 2278 1323 2320 prudentibus
1348 2286 1381 2310 et
1405 2279 1489 2309 bene
1512 2278 1610 2309 insti—

845 2324 924 2356 tutis
945 2323 1068 2366 pariter
1091 2335 1164 2354 cum
1184 2330 1292 2354 aetate
1312 2329 1479 2354 crescunt:
1506 2322 1560 2353 ubi
1582 2335 1610 2353 v.

848 2370 982 2401 Ochsner
1004 2368 1070 2398 Ecl.
1098 2379 1129 2409 p.
1150 2368 1222 2399 115.
1257 2367 1298 2398 de
1321 2367 1389 2398 rin.
1411 2369 1451 2398 V.
1472 2366 1525 2405 27,
1547 2369 1609 2399 50:

845 2413 934 2455 quod
952 2414 1075 2452 quidem
1097 2412 1182 2442 solet
1202 2411 1336 2442 ebullire
1357 2422 1608 2453 nonnunquam:

847 2469 943 2500 quum
963 2458 1085 2496 quidem
1107 2462 1168 2486 etc.
1196 2456 1247 2486 ubi
1271 2467 1298 2487 v.
1323 2459 1467 2487 Goerenz.
1487 2467 1519 2498 p.
1533 2456 1608 2488 531.

913 2504 976 2533 sive
997 2502 1109 2539 Minos}
1134 2501 1283 2531 Lactant.
1309 2500 1378 2531 niv.
1400 2502 1479 2532 Inst.
1502 2502 1525 2538 1,
1546 2502 1607 2531 22.-

849 2546 955 2575 Minos
978 2556 1012 2574 se
1035 2544 1067 2574 in
1092 2551 1220 2575 :nitrum
1244 2545 1328 2575 lovis
1353 2544 1556 2576 recondebat
1579 2552 1611 2575 et

847 2590 890 2620 ibi
909 2589 963 2619 ‹liu
984 2595 1128 2619 moratus
1144 2588 1234 2631 leges
1252 2596 1407 2631 tanquam
1423 2589 1483 2620 sibi
1501 2602 1520 2621 a
1533 2591 1611 2620 love

846 2641 877 2664 ιι
879 2633 984 2664 aditas
1006 2633 1175 2671 all'erebmtt
1201 2638 1233 2665 ul
1255 2638 1362 2673 poe‘lae
1387 2637 1499 2675 ferunt.
1547 2635 1610 2672 „V.

848 2678 1001 2709 Stubon
1024 2678 1067 2708 X.
1094 2689 1125 2720 p.
1143 2678 1216 2711 730.
1257 2679 1406 2710 Eust1th
1427 2678 1469 2710 id
1492 2678 1608 2731 odyss.

847 2735 885 2763 τ,
917 2723 986 2755 17“5.
1024 2722 1087 2763 <Mi
1089 2734 1153 2760 noc
1173 2742 1218 2747 —
1240 2722 1318 2761 Διὸς
1349 2736 1386 2765 μ·
1377 2722 1495 2765 ;γάλου
1521 2734 1610 2761 οαρ.

849 2764 945 2807 στης)
968 2773 1002 2798 et
1019 2767 1146 2798 Platon.
1166 2767 1245 2798 Min.
1271 2780 1301 2809 p.
1315 2766 1358 2799 -lui
1383 2769 1450 2800 47.
1443 2773 1463 2785 ‘
1500 2769 1607 2798 Datis.

914 2813 1087 2844 verberibus
1105 2815 1315 2855 accipiuntur]
1343 2812 1497 2842 Nonnulli
1514 2810 1611 2841 codd.

849 2856 1028 2888 deteriores
1062 2866 1091 2888 v.
1119 2859 1322 2897 afficiuntur,
1359 2868 1439 2887 unus
1472 2865 1501 2886 v.
1531 2857 1613 2885 exci-

846 2904 985 2942 piuntur.
1041 2905 1084 2933 At
1113 2909 1203 2932 recte
1232 2903 1333 2933 Moser
1365 2905 1531 2941 comparat
1557 2900 1610 2929 lv.

121 2948 274 2979 Volcaniis
295 2949 405 2991 armis]
429 2948 567 2991 „quibus
590 2946 732 2979 Achilles
760 2953 814 2977 te·
849 2944 913 2984 36,
939 2945 999 2979 782
1035 2947 1109 2985 Quo
1134 2953 1164 2976 te
1185 2945 1284 2977 modo
1306 2944 1524 2986 accepissem,
1562 2942 1614 2974 iu-
