1832 3137
657 74 815 107 LIBER
838 76 878 108 V.
904 73 945 115 9,
971 75 1024 109 24.

1532 69 1615 113 409

66 155 222 203 siones,
254 151 394 192 exsilia
409 182 419 201 ,
453 151 639 192 orbitates
660 167 835 207 magnam
860 154 936 194 vim
963 155 1104 196 habere
1127 156 1171 197 ad
1199 157 1297 198 male
1315 158 1533 213 misereque
1557 160 1615 199 vi-

63 226 254 276 vendum,
287 239 364 265 non
391 231 450 265 est
470 238 586 265 ausus
607 226 707 266 elate
737 234 776 266 et
796 228 920 281 ample
944 228 1068 282 loqui,
1110 245 1224 283 quum
1251 231 1445 272 humiliter
1475 233 1615 273 demis-

61 312 181 352 seque
198 298 377 339 sentiret.
431 297 556 351 Quam
575 299 690 350 hene,
727 314 801 339 non
821 302 1041 354 quaeritur,
1075 311 1299 344 constanter
1317 305 1467 359 quidem
1489 313 1611 346 certe.

61 370 196 425 Itaque
220 371 310 411 mihi
334 372 485 426 placere
509 387 585 412 non
604 374 704 413 solet
724 375 999 426 consequentia
1022 377 1325 430 reprehendere,
1358 393 1469 432 quum
1493 380 1615 434 prima

61 445 322 485 concesseris.
377 444 451 485 Hic
471 453 597 486 autem
619 446 932 500 elegantissimus
950 449 1117 489 omnium
1135 451 1445 505 philosophorum
1469 460 1508 492 et
1527 467 1614 492 eru-

61 518 272 559 ditissimus
293 533 368 559 non
393 533 532 573 magno
554 533 670 574 opere
693 519 1011 574 reprehenditur,
1043 537 1157 576 quum
1178 524 1250 564 tria
1271 539 1414 579 genera
1436 526 1528 567 dicit
1546 527 1614 566 bo-

62 606 223 644 norum,
262 599 433 632 vexatur
460 599 589 633 autem
623 592 670 633 ab
694 593 870 633 omnibus
894 594 1056 647 primuni
1079 595 1118 635 in
1146 611 1192 636 eo
1218 597 1340 648 libro,
1383 613 1492 652 quein
1518 601 1614 640 scri-

61 666 138 720 psit
160 666 205 705 de
225 666 304 706 vita
322 665 452 716 beata,
485 666 523 705 in
545 680 618 719 quo
641 666 756 706 multa
780 665 960 720 disputat,
995 669 1244 721 quamobrem
1267 671 1313 720 is,
1349 672 1408 725 qui
1435 680 1614 727 torquea-

60 746 144 789 tur,
187 739 249 792 qui
272 739 489 789 crucietur,
531 738 666 779 beatus
697 752 784 779 esse
811 753 887 779 non
917 741 1062 794 possit,
1106 742 1144 782 in
1170 757 1214 782 eo
1241 744 1354 783 etiam
1380 752 1535 799 putatur
1559 747 1614 786 di-

126 872 187 894 non
206 863 296 894 modo
318 863 361 894 ad
389 863 612 904 beatissimam]
645 864 711 895 ich
733 865 824 895 will

58 909 176 940 nicht
194 917 334 948 sayen,
357 917 427 938 zum
448 909 675 948 9li2chlichsten.
701 909 740 939 V.
760 920 820 940 nos

61 952 91 984 in
119 952 175 983 Gr.
200 953 238 984 L.
262 955 290 996 ξ.
310 952 383 984 135.
408 953 488 984 Not.
508 952 558 985 16.

129 1008 204 1039 (ΣΑΡ.
223 1008 283 1040 ΙΧ.
309 1011 336 1043 (ἱ.
355 1006 410 1040 2-1.
435 1008 596 1052 sustinere]
621 1009 663 1040 H.
680 1020 707 1040 e.
728 1008 819 1049 illud,

61 1053 113 1084 cui
135 1052 347 1084 defendendo
369 1064 436 1084 non
457 1065 515 1096 par
537 1060 606 1085 erat
621 1054 820 1097 Theophra-

58 1106 138 1130 stuS.
173 1100 272 1130 Moser
295 1109 401 1140 comp.
426 1098 461 1129 C.
486 1099 577 1129 Verr.
604 1100 643 1137 V,
666 1098 727 1132 39:
754 1099 820 1131 hoc

60 1143 181 1176 crimen
205 1145 351 1175 sustinere
374 1154 408 1174 se
433 1143 524 1175 nullo
548 1143 648 1175 modo
674 1155 782 1187 posse.

136 1210 232 1240 quum
265 1201 420 1231 humiliter
454 1201 641 1240 demisseque
673 1200 815 1243 sentiret]

59 1245 151 1276 Haec
173 1244 272 1276 verba
291 1244 380 1287 quasi
402 1256 462 1286 pro
485 1244 655 1287 epexegesi
678 1244 817 1288 quadam

57 1289 282 1322 antecedentis
295 1289 432 1332 protasis
445 1302 451 1320 :
472 1300 566 1330 quum
576 1293 728 1322 statuisset
739 1296 817 1322 cett.

57 1334 248 1377 accipienda
282 1342 367 1366 sunt.
425 1334 490 1366 Cic.
526 1334 640 1365 Manil.
664 1335 726 1373 20,
752 1334 814 1367 59:

58 1379 122 1419 Qui
144 1391 242 1423 quum
262 1390 301 1410 ex
324 1378 416 1411 vobis
439 1385 627 1422 quaereret,
652 1381 678 1411 si
697 1378 730 1410 in
751 1390 815 1411 uno

59 1424 118 1456 Cn.
143 1424 296 1467 Pompeio
328 1423 437 1456 omnia
468 1424 656 1467 poneretis,
692 1424 820 1467 siquid

59 1469 101 1502 de
124 1481 162 1501 eo
187 1470 311 1501 factum
342 1476 447 1507 esset,
486 1469 518 1500 in
549 1480 614 1512 quo
643 1481 735 1512 spem
765 1481 817 1500 es-

58 1514 137 1547 setis
161 1514 323 1553 habituri,
360 1515 448 1557 cepit
471 1526 624 1557 magnum
648 1526 724 1546 suae
748 1515 819 1546 vir-

58 1560 138 1592 tutis
159 1560 311 1593 fructum.
358 1560 408 1591 Cf.
431 1561 589 1600 Heindorf.
613 1559 655 1591 ad
674 1560 716 1591 N.
732 1561 770 1591 D.
792 1560 817 1591 I.

60 1606 121 1643 10,
142 1605 196 1637 25.
231 1605 284 1647 qui
316 1604 465 1647 apposite
488 1611 657 1647 comparat
681 1604 722 1635 de
748 1604 818 1636 Fin.

59 1652 85 1682 I.
106 1650 147 1690 3,
170 1649 208 1683 7:
245 1650 437 1692 Quanquam
462 1650 487 1680 si
516 1649 613 1692 plane
635 1649 682 1681 sic
706 1656 818 1680 verte—

58 1706 127 1727 rem
149 1694 319 1726 Platonem
344 1702 400 1726 aut
422 1694 633 1726 Aristotelem
647 1719 654 1733 ‚
682 1700 718 1725 ut
741 1706 818 1726 ver-

58 1746 170 1771 terunt
193 1739 296 1771 nostri
320 1747 440 1782 poetae
460 1739 598 1777 fabulas,
624 1739 719 1777 male,
745 1751 818 1771 cre-

58 1785 123 1824 do,
148 1796 291 1816 mererer
313 1785 354 1816 de
378 1784 499 1816 civibus
521 1785 620 1823 meis,
655 1788 682 1817 si
703 1786 745 1815 ad
769 1794 818 1816 eo-

55 1840 127 1863 rum
147 1832 349 1872 cognitionem
370 1832 477 1862 (livino
499 1832 553 1861 illa
572 1833 697 1870 inqenia
718 1833 819 1860 trans-

55 1877 185 1916 ferrem:
210 1875 264 1906 ubi
285 1887 316 1907 v.
338 1877 475 1907 Ottonem
500 1886 531 1917 p.
550 1875 588 1907 10
599 1886 646 1918 sq.
672 1882 705 1906 et
728 1876 819 1905 Mad-

54 1923 119 1961 viy.
144 1932 176 1963 p.
195 1920 244 1953 17.
293 1920 461 1962 Aristoph.
488 1919 612 1951 Eceles.
638 1919 714 1953 218.
736 1915 764 1967 ᾖ
789 1915 818 1953 δ’

56 1960 246 2007 Ἀξῖηναίων
265 1963 372 2005 πόλις,
395 1964 423 1997 εἰ
436 1965 531 1998 τοῦτο
546 1966 705 2008 χρηστῶς
720 1967 817 2006 εῖχεν,

57 2006 118 2044 οὔκ
144 2005 182 2043 ἄν
208 2009 373 2050 ἐσώζετο,
409 2009 437 2042 εἰ
470 2008 516 2051 μή
545 2021 576 2042 τι
605 2007 714 2043 καινὸν
740 2007 818 2043 ἄλλο

56 2053 314 2097 περιειργάζετο.
360 2055 400 2085 V.
425 2055 639 2095 Heindorfium
669 2054 710 2086 ad
734 2056 815 2087 Plat.

55 2099 223 2132 Phaedon.
246 2100 274 2142 §-
290 2099 344 2132 33.
368 2111 400 2142 p.
415 2100 468 2132 52.
492 2106 525 2130 et
546 2111 606 2131 nos
629 2099 662 2131 in
688 2100 744 2132 Gr.
760 2101 816 2133 Gr.

57 2143 155 2177 T.11.
184 2146 212 2188 §.
230 2144 314 2184 323,
340 2143 371 2177 9.

122 2204 292 2233 constanter
312 2201 435 2241 quidem
458 2201 548 2243 certe]
585 2201 624 2233 V.
648 2201 690 2233 ad
715 2213 742 2233 c.
761 2203 816 2242 20,

55 2244 118 2279 60:
144 2247 267 2286 quidem
290 2250 377 2278 certe.

126 2303 184 2333 Hic
211 2301 328 2344 autem]
363 2301 612 2344 Theophrastus
644 2313 711 2334 non
740 2302 816 2334 ideo

56 2345 291 2388 vituperandus
314 2352 404 2386 erat,
432 2346 541 2388 quod,
566 2347 619 2389 qui
643 2354 818 2390 torquere-

57 2397 130 2430 tur,
165 2390 219 2433 qui
243 2390 459 2429 cruciaretur,
494 2402 567 2422 eum
591 2391 722 2423 beatum
747 2403 818 2423 esse

58 2446 156 2479 posse
179 2441 334 2478 negaret3
363 2435 463 2467 immo
485 2435 541 2467 illa
561 2436 706 2468 omnium
725 2437 816 2468 Peri-

56 2480 275 2524 pateticorum
295 2480 458 2512 sententia
479 2481 624 2512 notanda
647 2488 738 2521 erat,
764 2481 818 2524 qui

56 2525 212 2558 dicebant
224 2525 286 2557 tria
306 2536 426 2568 genera
438 2537 508 2557 esse
527 2526 706 2558 bonorum:
730 2526 818 2569 quod

58 2570 86 2602 si
111 2570 321 2610 conceditur,
359 2570 388 2602 ei
420 2582 611 2602 succensere
636 2582 702 2603 non
727 2570 817 2613 licet,

58 2615 113 2659 qui
133 2616 224 2656 dicit,
247 2627 314 2648 non
338 2627 450 2648 omnes
476 2616 581 2647 bonos
600 2627 670 2648 esse
688 2616 815 2657 beatos,

58 2671 157 2703 quum
188 2661 221 2692 in
255 2672 366 2693 omnes
399 2661 505 2693 bonos
539 2668 572 2692 et
604 2661 751 2704 corporis
781 2668 815 2693 et

59 2705 213 2738 fortunae
232 2706 317 2738 mala
339 2706 456 2738 cadere
478 2705 615 2749 possint.
655 2706 741 2738 Nam
764 2707 815 2738 al-

59 2756 166 2781 terum
188 2751 284 2783 alteri
308 2763 509 2794 consequens
535 2758 593 2783 est.

137 2805 250 2836 magno
282 2796 385 2839 opere]
420 2796 583 2840 „Scripsit
617 2798 670 2828 Or.
702 2807 816 2837 mayno

58 2849 166 2880 opere:
196 2840 299 2872 minus
321 2841 424 2880 bene,
448 2841 475 2873 si
496 2853 609 2874 verum
634 2847 701 2881 est,
726 2841 815 2884 quod

59 2883 218 2927 praecipit
230 2886 320 2918 Beier
330 2886 371 2918 ad
384 2886 446 2919 Off.
459 2888 482 2920 1.
493 2885 545 2923 40,
562 2886 634 2919 145.
647 2898 677 2929 p.
690 2886 756 2919 290
765 2898 815 2929 sq.

1319 869 1355 900 V.
1388 868 1486 901 etiam
1510 869 1614 901 Beier.

855 909 897 940 ad
910 910 973 941 Off.
988 912 1012 943 Ι.
1027 910 1082 950 26,
1095 911 1149 944 90.
1164 924 1197 955 p.
1209 913 1286 945 20¹2.
1310 914 1350 944 ΙΙ.
1366 912 1416 952 16,
1428 913 1481 946 56.
1494 926 1526 957 p.
1542 914 1614 948 109.

855 955 966 986 Habet
998 963 1114 988 nostro
1147 957 1223 989 loco
1255 968 1369 999 magno
1404 969 1493 999 opere
1526 959 1614 991 solus

858 999 995 1032 Duisb.“
1026 1003 1135 1035 Moser.
1171 1004 1220 1033 De
1240 1002 1279 1034 R.
1303 1010 1335 1034 et
1357 1004 1393 1035 P.
1416 1004 1496 1036 nihil
1521 1016 1614 1036 corn-

854 1052 1015 1077 memorat
1038 1047 1198 1088 Tregder.

920 1091 1066 1135 veoeatur]
1102 1093 1143 1124 H.
1165 1104 1191 1124 e.
1223 1092 1434 1126 vehementer
1457 1095 1610 1137 carpitur,

854 1142 999 1166 notatur.
1050 1137 1225 1180 Comparat
1246 1140 1347 1171 Moser
1377 1139 1418 1170 de
1440 1139 1501 1171 hac
1520 1140 1613 1171 huius

854 1180 943 1211 verbi
977 1181 1218 1223 significatione
1254 1183 1340 1215 Gell.
1370 1185 1411 1215 N.
1436 1188 1473 1216 A.
1502 1186 1551 1221 ΙΙ,
1577 1184 1610 1217 6.

854 1225 1001 1257 Macrob.
1027 1228 1093 1258 Sat.
1117 1229 1180 1266 VI,
1206 1228 1236 1261 7.
1272 1228 1557 1261 Pseudo-Ascon.
1580 1230 1612 1260 iu

855 1269 888 1299 C.
915 1271 1008 1304 Verr.
1036 1273 1059 1303 1.
1094 1273 1120 1314 ξ.
1150 1273 1199 1305 12.
1235 1285 1266 1315 p.
1294 1274 1365 1306 130.
1406 1274 1458 1308 ed.
1495 1275 1612 1306 Baiter.

853 1316 950 1358 (Opp.
973 1316 1038 1348 Cic.
1062 1317 1112 1349 ed.
1133 1319 1186 1349 Or.
1205 1319 1245 1349 T.
1261 1320 1299 1349 V.
1316 1319 1361 1360 2.)
1398 1321 1445 1351 De
1465 1323 1615 1359 primum,

852 1359 902 1390 cui
924 1372 983 1402 pro
1003 1373 1071 1404 seq.
1091 1364 1200 1394 deinde
1221 1363 1314 1404 5125.
1336 1365 1534 1407 respondet:
1563 1368 1615 1396 Ve-

853 1409 949 1436 matur
969 1408 1073 1446 idem,
1096 1419 1126 1438 v.
1153 1407 1195 1438 ad
1216 1409 1270 1438 IV.
1295 1408 1337 1439 35
1351 1434 1358 1447 ,
1381 1408 1434 1442 74.
1456 1410 1559 1451 princ.

923 1452 954 1482 in
979 1453 1054 1483 libro
1079 1453 1115 1483 de
1138 1455 1205 1483 vita
1229 1455 1332 1495 beata]
1359 1453 1434 1496 περὶ
1458 1451 1612 1497 εὔδαιμο-

853 1494 943 1535 νίας,
981 1496 1078 1539 Diog.
1101 1498 1140 1528 L.
1166 1498 1204 1535 V,
1231 1496 1283 1530 43.
1318 1498 1394 1541 περὶ
1423 1501 1486 1542 τῆς
1521 1500 1615 1538 Zeia<

854 1536 1086 1583 εὖδαιμονίας,
1123 1542 1201 1574 ibid.
1231 1539 1285 1575 49.
1334 1545 1373 1576 V.
1407 1543 1448 1575 de
1476 1544 1548 1576 Fin.
1572 1546 1613 1575 V.

853 1586 884 1622 ὃ,
911 1587 960 1617 12.
986 1585 1065 1629 ibiq.
1103 1591 1247 1620 Goerenz.
1270 1599 1301 1630 p.
1316 1587 1392 1621 544.
1417 1595 1451 1620 et
1473 1592 1613 1631 Madvi9.

853 1641 884 1672 p.
911 1630 987 1663 631.
1022 1639 1055 1662 et
1075 1634 1149 1664 5552.
1175 1640 1256 1664 extr.
1318 1634 1418 1666 Acad.
1445 1636 1468 1666 I.
1493 1635 1533 1673 9,
1558 1635 1612 1668 35.

853 1675 1021 1717 Scriptura
1044 1676 1137 1708 huius
1161 1678 1225 1709 loci
1255 1678 1338 1710 male
1371 1679 1485 1711 habuit
1512 1682 1614 1712 Bent—

852 1719 969 1759 leium,
997 1721 1051 1764 qui
1071 1721 1118 1753 sic
1143 1723 1320 1755 rescribere
1342 1724 1446 1756 iubet:
1477 1728 1614 1765 primum

854 1764 942 1806 quod
970 1768 1004 1797 in
1024 1777 1057 1798 eo
1080 1769 1156 1799 libro
1178 1778 1267 1808 quem
1295 1768 1460 1810 inscripsit
1486 1772 1527 1801 De
1549 1773 1614 1802 vim

853 1812 961 1850 beata,
993 1814 1092 1842 multa
1113 1811 1303 1855 disputarit,
1329 1817 1527 1854 quamobrem
1549 1821 1612 1846 ete.

854 1858 896 1885 At
917 1855 1077 1897 scriptura
1102 1864 1151 1887 est
1175 1857 1352 1890 sanissima.
1401 1860 1523 1891 Locum
1548 1871 1613 1891 no—

853 1906 922 1930 stro
945 1901 1148 1933 consimilem
1173 1902 1376 1945 deprehendi
1397 1904 1428 1935 in
1455 1904 1611 1943 Quinctil.

854 1945 932 1986 lust.
968 1947 1022 1978 Or.
1048 1947 1094 1977 X.
1120 1949 1157 1985 l,
1181 1946 1221 1979 0:
1264 1948 1448 1991 Scriptores
1482 1949 1612 1993 quidem

851 1988 1033 2021 iamborum
1069 1992 1254 2035 veterisque
1288 1994 1479 2026 comoediae
1515 1995 1613 2026 etiam

851 2037 882 2066 in
916 2037 979 2066 illis
1017 2038 1074 2077 (sc.
1110 2048 1224 2079 parum
1262 2040 1454 2070 verecundis
1491 2040 1610 2077 verbis)

852 2091 950 2122 saepe
985 2082 1156 2113 laudantur
1188 2082 1230 2123 (h.
1252 2095 1278 2116 e.
1313 2092 1450 2127 propter
1482 2085 1537 2116 illa
1562 2085 1613 2116 vel

853 2124 894 2155 de
920 2124 1007 2166 illis).
1056 2126 1213 2159 Similiter
1245 2128 1285 2159 de
1311 2130 1399 2161 Orat.
1425 2131 1448 2160 Ῐ.
1478 2132 1534 2168 1¹,
1557 2128 1611 2163 47.

852 2181 916 2212 quo
945 2170 977 2201 in
1009 2170 1094 2203 libro
1127 2175 1159 2204 in
1180 2175 1236 2205 hoc
1268 2174 1408 2206 maxime
1431 2177 1615 2207 admirabar

852 2215 1044 2254 Platonem,
1079 2217 1168 2259 quod
1191 2225 1251 2251 etc.
1301 2219 1380 2249 Aliis
1405 2219 1486 2251 locis
1511 2222 1613 2251 admi-

850 2262 916 2291 rari
936 2263 968 2292 in
990 2263 1097 2301 aliqua
1115 2272 1148 2293 re
1168 2262 1329 2304 siguificat
1346 2266 1392 2295 bei
1413 2267 1494 2296 einer
1514 2266 1613 2296 Sache

850 2306 915 2336 sich
936 2307 1107 2346 wundern,
1144 2313 1179 2337 ut
1201 2318 1296 2349 supra
1318 2309 1373 2339 III.
1399 2309 1455 2347 les,
1479 2308 1542 2341 39:
1579 2309 1612 2341 in

852 2360 917 2392 quo
938 2349 1020 2381 haec
1041 2350 1214 2383 admiratio
1237 2352 1350 2383 fiebat:
1388 2353 1440 2384 ubi
1472 2365 1500 2385 v.
1529 2353 1611 2387 Adu.

853 2394 893 2425 de
913 2396 1000 2425 Orat.
1026 2396 1065 2426 II.
1087 2396 1140 2434 725,
1161 2396 1237 2428 316.
1276 2397 1316 2428 de
1340 2397 1444 2431 Finib.
1467 2401 1490 2431 J.
1513 2398 1544 2437 2,
1567 2397 1609 2438 -1-.‚

853 2438 907 2470 ubi
926 2441 1066 2471 Bremius
1092 2452 1157 2471 non
1188 2448 1277 2473 recte
1301 2443 1440 2474 contulit
1462 2450 1611 2476 nostrum

852 2483 983 2521 locum3
1022 2496 1082 2516 nec
1115 2486 1267 2518 convenit
1290 2487 1330 2518 ab
1356 2488 1473 2520 eodem
1493 2489 1610 2521 allatus

855 2528 953 2559 Corn.
977 2529 1062 2571 Nep.
1087 2531 1220 2562 Eumen.
1246 2533 1349 2572 Xlll,
1376 2534 1406 2564 2.
1455 2536 1555 2566 Moser
1577 2534 1610 2566 in

853 2584 987 2605 censura
1009 2585 1106 2616 supra
1131 2575 1172 2607 ad
1196 2588 1222 2608 c.
1241 2578 1272 2613 l,
1302 2578 1326 2609 1.
1358 2577 1491 2611 laudata
1512 2579 1610 2611 affert

851 2617 893 2649 ad
912 2618 1001 2649 Fam.
1020 2620 1075 2658 111,
1091 2621 1122 2652 ὅ.
1147 2623 1178 2652 in
1198 2632 1258 2661 quo
1277 2627 1303 2654 te
1323 2625 1490 2664 obiurgem,
1516 2637 1608 2656 com-

850 2670 1007 2706 paratque
1041 2663 1082 2695 de
1113 2667 1201 2698 Orat.
1226 2667 1290 2706 111,
1318 2665 1368 2700 14.
1401 2671 1609 2701 exhorrescere

850 2714 883 2738 et
906 2711 1081 2741 exclamare
1103 2712 1135 2742 in
1159 2713 1265 2752 aliqua
1293 2723 1335 2745 re.
1394 2714 1444 2745 Cf.
1470 2716 1608 2751 Madviq.

849 2751 891 2783 ad
921 2753 990 2784 Fin.
1017 2755 1042 2785 Ι.
1064 2754 1104 2794 2,
1126 2753 1157 2788 4.
1192 2767 1224 2798 p.
1251 2758 1301 2790 10.
1361 2759 1408 2789 De
1441 2758 1607 2789 locutione

848 2799 977 2837 gloriari
999 2801 1030 2831 in
1049 2801 1155 2840 aliqua
1178 2811 1211 2833 re
1234 2814 1262 2834 v.
1285 2802 1327 2834 ad
1351 2804 1373 2833 l.
1393 2802 1446 2839 21,
1467 2800 1533 2841 45„
1558 2804 1604 2834 la-

848 2846 979 2875 mentari
999 2847 1032 2876 in
1049 2847 1173 2879 vulnere
1194 2846 1235 2879 ad
1262 2848 1300 2880 ΙΙ.
1323 2850 1384 2885 21,
1407 2845 1459 2878 49.

856 872 1033 907 praeeunte
1061 866 1267 900 Gernhardo.
