1832 3137
613 134 774 167 menn
805 136 860 168 nr.
890 133 948 175 15,
974 135 1027 169 32.
1518 128 1599 171 277

1026 229 1124 270 quae
1153 213 1212 256 M.
1238 212 1375 257 Crassi
1406 217 1506 257 illius
1532 232 1599 258 ve-

182 300 293 340 qnem
322 289 441 327 semel
469 289 522 328 ait
545 288 582 328 iu
608 289 709 328 omni
737 289 815 328 vitu
848 287 982 328 risisse
1009 287 1207 339 Lucilius,
1240 290 1307 329 sed
1332 290 1539 343 tranquilla
1560 298 1595 330 et

34 222 73 256 et
98 219 376 254 revertentem.

32 287 146 337 teris,

438 212 526 254 Nec
559 229 654 255 vcro
679 230 724 255 ca
752 218 859 256 frons
883 223 991 266 erat,

31 374 193 411 serena,
229 360 283 400 sic
313 361 414 400 enini
441 362 678 416 accepimus.
745 359 834 401 lure
866 367 994 401 auten]
1027 370 1108 401 erat
1133 376 1289 417 semper
1312 363 1410 403 idem
1445 364 1591 414 vultus,

31 448 143 487 quum
168 434 330 481 inentis,
362 449 382 474 a
411 449 484 488 qua
512 435 543 474 is
569 435 750 489 tingitur,
787 433 890 473 nulla
917 434 1026 474 lieret
1049 436 1225 475 mutatio.
1289 436 1422 489 Quare
1446 438 1592 491 accipio

30 507 205 560 equidem
230 521 250 546 a
276 504 509 562 Cyrenaicis
536 508 631 548 haee
654 521 759 547 arina
782 513 917 546 eontra
939 520 1052 546 casus
1080 515 1118 547 et
1143 516 1332 560 eventus,
1366 509 1503 563 quibus
1529 524 1595 550 co-

28 594 112 620 rum
139 580 394 620 advenientes
418 581 581 635 impetus
601 580 781 621 diuturna
802 580 1149 634 praemeditatione
1173 582 1421 634 frangantur,
1456 583 1588 623 simul-

1327 662 1396 695 5⁶2.
1431 656 1461 695 si
1489 656 1590 695 enim

1058 724 1137 766 Sed
1165 734 1223 767 est
1248 727 1382 767 iisdem
1406 729 1450 768 de
1475 729 1592 768 rebus

27 800 125 854 quod
152 800 225 839 diei
252 799 373 854 possit
399 799 601 849 subtilius,
636 800 668 839 si
691 800 793 853 prius
822 798 980 854 Epicuri
1005 799 1237 840 seutentiam
1266 800 1493 851 viderimus,
1528 802 1593 854 qui

28 667 101 707 que
133 653 281 703 iudico,
328 654 467 694 :nalum
494 654 582 694 illud
615 654 808 708 opinionis
843 666 956 703 esse,
1002 667 1078 692 non
1107 661 1293 703 naturam

28 727 64 766 in
95 741 136 766 re
168 734 273 766 esset
293 730 302 752 ¹
324 759 334 776 ,
378 741 447 766 cnr
470 727 605 767 tierent
637 727 795 781 provisa.
821 726 999 767 leviora?

27 881 184 922 censet,
220 886 382 927 necesse
409 886 497 913 esse
523 887 658 913 omnes
681 872 718 913 in
745 873 987 927 aegritudine
1010 887 1122 927 esse,

27 946 266 986 arbitrentur
279 978 288 996 ,

24 1020 166 1060 verint.

28 1093 158 1143 viora,

115 1206 192 1237 XV.
244 1204 257 1236 1
284 1217 315 1236 ν.
347 1205 429 1236 Adn.

479 1204 500 1236 2
525 1204 621 1236 muci
649 1203 746 1235 codd.
770 1203 952 1236 deteriores
979 1206 1310 1244 praemeditationem,

1157 873 1218 926 qui
1245 887 1287 913 se
1312 873 1347 912 in
1371 873 1483 914 malis
1506 888 1594 914 esse

331 946 413 986 sive
440 946 501 986 illa
536 953 626 986 ante
652 947 808 1001 provisa
834 953 872 986 et
894 953 1124 1001 exspectata
1150 947 1249 997 sint,
1291 947 1375 986 sive
1400 947 1594 987 invetera-

227 1018 332 1059 Nnm
360 1033 485 1073 neque
510 1026 705 1060 vetustate
731 1019 849 1059 minui
872 1020 996 1069 mala,
1032 1033 1103 1059 nee
1125 1020 1206 1059 fieri
1233 1020 1511 1073 praemeditata
1536 1020 1590 1060 le-

199 1093 431 1146 stultamqne
459 1093 573 1132 etium
603 1106 691 1133 esse
724 1092 1050 1132 meditationem2
1075 1092 1193 1132 futuri
1219 1093 1308 1132 mali
1334 1100 1401 1132 aut
1425 1094 1592 1133 fortasse

1345 1210 1379 1235 nt
1398 1217 1424 1235 (3.
1453 1203 1512 1243 14,
1536 1202 1591 1236 29.

27 1248 122 1289 016,
147 1250 212 1288 3⁴3
249 1256 283 1282 at
306 1262 404 1294 quum
427 1249 528 1282 modo
554 1249 770 1292 praecesserit
790 1251 1040 1290 praemeditata,
1075 1249 1226 1281 consulto
1252 1249 1286 1281 C.
1310 1249 1470 1280 abstinuit
1497 1261 1592 1281 com—

27 1295 148 1338 posito.

29 1385 98 1404 esse
123 1380 218 1416 putat
243 1384 319 1416 pro:
356 1385 421 1416 quo
455 1373 572 1405 eodem
602 1383 732 1414 semper
755 1384 790 1404 se

28 1417 146 1449 vidisse
172 1419 275 1449 virum
298 1429 391 1449 sunm
417 1420 587 1449 Socratem
617 1423 791 1449 exeuntem

25 1463 126 1495 ‹lomo
147 1469 180 1494 et
201 1470 431 1501 revertentem,
456 1463 577 1494 dicitur
592 1462 792 1505 Xanthippe

28 1508 218 1551 praedicare
243 1508 339 1540 solita
365 1508 466 1539 fuisse
489 1508 521 1539 in
547 1507 615 1539 illo.

104 1555 145 1585 M.
171 1555 290 1596 Crassi]
330 1553 451 1585 Plinius
484 1555 526 1584 H.
552 1553 593 1585 N.
620 1551 789 1592 vn,19:

26 1599 89 1630 Pei
93 1605 150 1629 unt
172 1599 214 1629 C.
216 1610 333 1637 ussum,
358 1610 452 1630 {vum
477 1597 610 1629 Crassi
602 1610 634 1628 in
660 1597 792 1629 Parthia

27 1651 114 1675 inte1
117 1651 229 1696 empti
253 1655 416 1686 nunqu-„im
434 1643 561 1681 risisse3
587 1642 630 1674 ob
650 1642 685 1673 id
701 1645 792 1684 Age—

28 1689 146 1720 lastum
173 1685 229 1730 (ἀγ
235 1688 315 1721 ε’)ασ
317 1689 382 1729 τοι)
409 1694 571 1720 v.ocatum

93 1735 278 1775 Lucilius],
283 1733 364 1768 Csr.
388 1733 504 1764 Lucilii
527 1733 688 1775 Fragmm.
711 1744 737 1763 c.
761 1743 792 1764 n.

29 1780 160 1811 nonme
187 1778 245 1809 Ed.
269 1779 408 1810 Haverc.
438 1790 470 1821 p.
491 1775 593 1810 '245³‘
650 1780 791 1810 Orellius.

28 1824 119 1856 Adde
145 1822 215 1854 Fin.
242 1824 279 1855 V.
305 1823 368 1862 30,
395 1822 450 1855 92.

93 1869 175 1908 Iure}
212 1868 288 1899 Non
325 1870 433 1900 merito
466 1874 560 1899 notat
594 1867 626 1898 h.
653 1867 698 1906 l.,
735 1865 793 1897 sed

26 1915 194 1946 necessario
235 1913 439 1955 (nauti-lion),
481 1923 518 1945 ex
552 1915 622 1952 ipsa
657 1914 795 1943 Socratis

27 1963 142 1990 natura
167 1960 361 1997 sequebatur,
385 1964 421 1988 ut
443 1969 573 2000 semper
597 1956 684 1987 idem
709 1962 794 1986 esset

29 2004 96 2035 eius
118 2003 238 2034 vultus.
268 2002 345 2033 Sall.
370 2003 436 2043 lug.
459 2000 508 2039 14,
533 2002 590 2033 10:
618 2001 694 2031 dum
712 2001 794 2031 Car-

30 2047 251 2089 thagiuieuses
269 2047 450 2078 incolumes
470 2047 574 2085 fuere,
598 2049 664 2078 iure
685 2045 794 2077 omniu

28 2105 124 2124 saeva
155 2091 376 2135 patiebamur:
414 2091 503 2134 qnod
526 2091 696 2133 eleganter
720 2092 793 2122 Kri-

27 2140 105 2169 tzius
134 2137 371 2179 interpretatur
402 2136 466 2168 sic:
503 2148 611 2167 rerum
643 2135 794 2167 condicio

30 2183 76 2214 ita
102 2181 249 2220 ferebat,
277 2189 310 2213 ut
335 2193 467 2213 necesse
492 2188 581 2219 erat3
608 2180 702 2212 aliter
724 2179 793 2211 fieri

30 2239 95 2259 non
120 2233 271 2270 poterat,
298 2239 394 2270 quam
420 2233 455 2258 ut
471 2245 515 2250 —
537 2233 735 2269 pateremur.

98 2283 118 2303 a
144 2272 336 2314 Cyrenaicis]
362 2273 401 2303 V.
429 2283 455 2303 c.
476 2270 535 2310 13,
559 2271 612 2303 28.

96 2327 187 2348 arma
212 2335 277 2357 —,
317 2319 426 2356 quibus
460 2326 566 2347 eorum
599 2317 795 2348 advenientes

29 2365 159 2401 impetus
177 2364 327 2393 diuturna
347 2362 621 2400 praemeditatione
641 2363 794 2400 franyan-

30 2407 94 2449 tur]
125 2406 295 2448 Duplieem
319 2404 498 2436 ablativum
519 2407 645 2444 Wolfius
666 2405 713 2436 sic
734 2416 795 2436 ex—

33 2449 184 2493 plicavit:
220 2449 347 2492 accipio
372 2449 454 2480 haec
477 2460 588 2489 arma,
611 2452 722 2488 quibus
743 2459 795 2480 ar-

30 2498 100 2535 mis,
124 2497 182 2526 i.e.
202 2497 476 2535 praemeditatione
499 2495 660 2533 diuturna,
682 2504 796 2525 eorum

32 2540 105 2572 adv,
129 2540 208 2582 imp.
234 2540 274 2572 fr.
325 2538 455 2570 Rectius
480 2540 620 2570 Klotzius
650 2538 796 2581 priorem

32 2585 211 2616 ablativum
232 2587 343 2625 quibus
363 2584 626 2621 instrumentum,
651 2594 716 2625 quo
734 2594 796 2615 eo-

33 2641 104 2661 rum
149 2629 362 2662 advenientes
407 2628 548 2671 impetus
590 2628 794 2669 frangantur,

34 2675 229 2717 posteriores
250 2674 411 2706 ablativos
440 2676 589 2705 diuturna
620 2675 797 2712 praemedi-

33 2722 144 2751 tatione
176 2719 329 2757 modum,
367 2730 431 2762 quo
464 2730 522 2761 per
555 2717 637 2748 illud
670 2717 796 2748 instiu-

36 2769 180 2795 mentum
204 2764 248 2795 illi
272 2765 412 2806 impetus
439 2764 644 2805 stangnum,
669 2761 798 2803 signiti—

36 2819 110 2839 care
130 2808 263 2848 iudicat,
288 2821 395 2852 comp.
420 2808 462 2839 de
482 2810 535 2840 01.
560 2809 616 2839 Ill.
639 2804 692 2845 44,
716 2804 796 2839 174.

34 2853 117 2884 haec
151 2852 215 2883 duo
247 2853 380 2892 musici,
416 2853 472 2896 qui
505 2859 599 2884 erant
632 2851 799 2893 qnondam

34 2897 134 2928 iidem
156 2901 291 2939 poetae,
326 2898 503 2930 machinati
526 2897 567 2929 ad
594 2897 799 2938 voluptatem

36 2948 134 2981 sunt,
158 2953 286 2974 versum
308 2949 406 2986 atque
429 2949 579 2981 cantum,
606 2948 640 2972 ut
664 2948 697 2972 et
721 2953 798 2972 ver-

36 2986 151 3019 borum
184 2997 308 3020 numero
339 2995 372 3019 et
403 2999 518 3020 vocum
548 2989 640 3019 modo
666 2988 799 3018 delecta-

824 1375 904 1404 tione
934 1372 1106 1403 vincerent
1139 1372 1262 1403 aurium
1294 1373 1500 1404 sam—tatem:
1549 1373 1590 1404 ad

826 1428 922 1460 quem
956 1417 1066 1448 locum
1098 1428 1128 1448 v.
1151 1419 1283 1448 Ellendt.
1308 1419 1381 1449 Vol.
1397 1419 1436 1449 ΙΙ.
1461 1431 1493 1460 p.
1511 1417 1587 1450 4315.

827 1469 861 1493 et
883 1473 977 1505 quem
1007 1462 1062 1493 hic
1084 1461 1197 1492 laudat
1222 1464 1425 1494 Matthiaezmi
1455 1462 1496 1493 ad
1522 1462 1587 1493 Cic.

826 1508 912 1540 Mur.
941 1504 1004 1546 40,
1030 1506 1083 1540 ὅΐ.
1134 1506 1185 1537 Cf.
1218 1506 1329 1548 paullo
1364 1513 1441 1549 post
1475 1509 1502 1550 §.
1527 1507 1588 1539 33:

826 1551 1032 1594 voluptates,
1068 1554 1179 1591 quibus
1202 1551 1258 1582 ille
1283 1558 1316 1582 et
1342 1552 1590 1592 praeteritarum

826 1599 975 1628 memoria
1004 1603 1038 1627 et
1063 1607 1116 1635 spe
1138 1596 1409 1639 consequentium
1433 1596 1590 1639 sapientis

826 1641 927 1673 vitam
951 1642 1109 1673 lefmtam
1135 1648 1239 1684 putat.

873 1687 901 1729 G.
913 1687 966 1719 32.
988 1687 1288 1729 sieniminreesset]
1300 1686 1353 1717 Sic
1363 1689 1416 1717 Οι.
1432 1699 1458 1717 c.
1470 1686 1500 1718 b.
1514 1693 1591 1717 octo

829 1735 910 1763 Oxx.
937 1731 1022 1762 Gud.
1050 1732 1087 1763 ll.
1124 1742 1188 1762 uuo
1213 1731 1327 1762 Leid..
1365 1731 1455 1774 quod
1489 1743 1593 1773 ιιιιρθι

830 1775 982 1819 p1obavit
1015 1778 1148 1807 Wesenb.
1174 1777 1244 1806 Em.
1259 1777 1296 1806 ΙΙ.
1328 1788 1360 1818 p.
1378 1776 1431 1808 53.
1481 1776 1590 1818 Vulgo

829 1833 935 1864 neque
955 1820 1052 1852 aliter
1072 1820 1204 1862 plurimi
1227 1820 1323 1852 codd.
1347 1827 1380 1851 et
1403 1820 1530 1862 optimi,
1558 1827 1593 1851 ut

831 1868 867 1897 R.
896 1867 929 1898 P.
957 1865 1042 1898 Gud.
1070 1865 1097 1897 l.
1129 1870 1245 1897 essent.-
1280 1865 1369 1907 quod
1397 1872 1592 1907 receperunt

828 1911 885 1942 Kl.
909 1916 942 1941 et
964 1912 1020 1942 Tr.
1035 1935 1042 1948 ‚
1067 1920 1205 1952 quorum
1229 1910 1284 1940 ille
1308 1914 1403 1941 essent
1425 1910 1467 1940 ad
1494 1922 1588 1951 prue—

830 1954 981 1987 cedentia
1013 1966 1043 1985 v.
1077 1965 1169 1986 casus
1202 1961 1235 1985 et
1264 1958 1387 1986 eventus
1420 1954 1524 1985 refert
1559 1960 1592 1985 et

829 2007 934 2031 neutr.
955 2001 1083 2039 provisa
1104 2002 1222 2031 leviora
1244 1999 1352 2042 posita
1377 2005 1492 2041 putat,
1517 1999 1593 2041 qnia

828 2056 919 2078 casus
939 2051 973 2076 et
996 2047 1120 2076 eventus
1139 2043 1181 2074 ad
1205 2044 1392 2086 generalem
1422 2044 1592 2075 notionem

829 2089 975 2121 revocati
1005 2091 1092 2120 mala
1123 2088 1200 2121 sint.
1248 2092 1291 2120 At
1313 2089 1395 2120 haec
1418 2089 1502 2120 ratio
1528 2088 1592 2119 du—

828 2134 955 2166 rissima
977 2140 1037 2165 est.
1086 2133 1202 2164 Omnia
1226 2140 1341 2164 contra
1368 2140 1443 2164 sunt
1466 2133 1593 2176 planis-

828 2180 927 2218 sima,
953 2178 979 2210 si
1005 2178 1126 2221 legitur
1147 2181 1174 2210 si
1198 2181 1278 2211 enim
1300 2181 1332 2209 in
1353 2189 1386 2210 re
1410 2183 1518 2210 esset
1545 2189 1591 2209 sc.

828 2225 949 2256 malum
972 2224 1074 2265 illud,
1100 2224 1133 2255 h.
1153 2235 1180 2255 e.
1206 2223 1232 2254 si
1255 2223 1342 2254 enim
1365 2224 1487 2254 malum
1511 2221 1593 2253 illud

831 2269 1030 2312 (aegritudo)
1055 2275 1192 2300 naturae
1214 2274 1310 2299 esset.
1357 2270 1489 2300 Provisa
1512 2267 1593 2297 sub-

828 2314 963 2346 stantivi
990 2314 1079 2345 vices
1107 2313 1265 2345 sustinet:
1302 2323 1339 2344 ea.
1359 2322 1438 2351 qnae
1467 2313 1597 2351 provisa

830 2363 947 2399 essent,·
973 2371 1009 2390 ea
1033 2365 1142 2390 autem
1164 2357 1249 2388 mali
1273 2369 1343 2387 tSS(·
1364 2355 1593 2397 intelligenda,

829 2415 929 2447 quum
963 2416 1021 2446 per
1054 2414 1089 2433 SC
1121 2408 1231 2444 peltet,
1269 2409 1337 2433 [UD]
1369 2412 1409 2431 CX
1446 2411 1594 2442 ΡῘΟΧῘΙΠΘ

830 2455 937 2481 antec.
961 2450 1080 2480 malum
1102 2449 1201 2485 illud,
1227 2458 1336 2488 comp
1363 2446 1418 2483 13,
1440 2444 1593 2478 1&:vi-

830 2494 951 2525 dentur
982 2504 1067 2523 enin]
1093 2502 1202 2522 omma
1226 2497 1398 2532 IP[)[’llUll‘l
1429 2501 1593 2531 gidvlola.

833 2536 884 2577 14,
905 2537 959 2570 30.
984 2537 1037 2575 22¹,
1058 2536 1118 2567 52:
1144 2538 1225 2575 quod
1247 2538 1407 2574 prouisum
1427 2541 1503 2566 ante
1526 2546 1591 2565 non

831 2585 888 2621 sit,
922 2581 957 2612 id
990 2581 1089 2612 ferire
1114 2580 1359 2618 vehementius,
1395 2586 1446 2610 et:
1485 2579 1594 2610 omnia

832 2626 934 2658 videri
968 2628 1071 2657 subita
1104 2624 1238 2656 maiora.
1297 2624 1463 2667 Sciipturu
1499 2628 1596 2655 essent

831 2670 989 2713 originem
1013 2682 1104 2701 suum
1128 2670 1198 2701 sine
1219 2669 1320 2701 dubio
1342 2668 1493 2712 sequenti
1518 2669 1594 2711 ptu-

831 2715 909 2747 mli:
936 2718 1040 2756 fierent
1059 2717 1186 2755 provisa
1207 2717 1322 2747 leviora
1346 2714 1458 2746 debet.

900 2762 1008 2792 iisdem
1032 2761 1069 2791 de
1092 2762 1181 2792 rebus
1204 2761 1301 2802 quod]
1340 2760 1388 2791 De
1420 2759 1594 2790 verborum

835 2804 1056 2837 collocatione
1080 2817 1111 2836 v.
1136 2803 1177 2835 ad
1203 2806 1227 2836 1.
1252 2806 1293 2843 ὅ,
1321 2803 1371 2836 16.

900 2859 1017 2882 necesse
1045 2859 1108 2881 esse
1128 2868 1172 2873 —-
1195 2859 1258 2881 esse
1283 2868 1322 2872 -—-
1350 2850 1426 2890 esse]
1462 2849 1512 2879 De
1545 2853 1596 2877 ter

837 2894 980 2938 repetito
1007 2904 1070 2927 esse
1100 2894 1218 2937 exiguo
1251 2893 1428 2926 intervallo
1452 2904 1481 2923 v.
1506 2890 1547 2923 ad
1572 2891 1596 2922 1.

833 2940 896 2979 22,
922 2939 976 2972 52.
1535 2980 1538 2981 .

904 2986 967 3017 sive
990 3003 1031 3010 -
1055 2985 1133 3026 sive]
1160 2985 1198 3018 V.
1227 2982 1310 3015 Adn.
1337 2982 1367 3013 iu
1394 2994 1420 3013 c.
1443 2979 1483 3018 6,
1512 2980 1568 3012 12.
