1832 3137
1543 98 1620 142 147

54 197 138 225 cum
165 180 321 238 Pyrrho
347 196 467 238 nepos
499 197 543 223 se
579 183 744 225 hostium
772 184 857 225 telis
894 184 1154 236 obiecissent,
1197 198 1274 226 non
1302 199 1380 227 uno
1413 186 1512 228 bello
1547 203 1616 244 pro

52 257 176 312 patria
211 256 396 297 cadentes
426 255 635 312 Scipiones
674 257 861 312 Hispania
896 258 1087 310 vidisset,
1129 257 1306 300 Paullum
1340 267 1378 300 et
1406 259 1614 303 Geminum

50 327 231 381 Cannae,
265 329 441 371 Venusia
457 329 706 380 Marcellum,
727 329 869 370 Litana
887 334 899 357 ¹
930 331 1131 382 Albinum,
1163 331 1348 373 Lucani1
1375 331 1611 375 Gracchum.

649 104 810 137 LIBER
838 106 862 137 1.
884 103 947 146 37,
972 104 1026 139 90.

48 401 154 444 Num
191 404 276 458 quis
313 404 447 444 horum
482 405 602 445 miser
636 403 774 444 hodie?
832 402 896 443 Ne
931 410 1008 443 tum
1037 406 1188 458 quidem
1217 414 1304 460 post
1337 407 1513 462 spiritum
1543 422 1614 449 ex-

50 483 230 517 tremum.
290 476 380 517 Nec
412 478 512 517 enim
545 485 672 531 potest
701 490 790 516 esse
822 476 943 516 miser
972 477 1197 531 quisquam,
1241 494 1359 520 sensu
1396 489 1609 537 perempto.

48 555 118 590 90.
153 549 266 602 Atid
295 551 420 605 ipsum
449 551 625 591 odiosum
654 557 736 600 est,
771 549 857 590 sine
883 563 1136 605 sensu‘csse.
1160 575 1215 580 —
1270 551 1484 605 Odiosum,
1519 555 1551 595 si
1576 556 1613 595 id

48 631 156 664 esset
188 638 340 665 carere.
403 623 531 676 Quum
564 638 661 664 vero
693 623 939 678 perspicuum
969 623 1044 673 sit,
1089 623 1181 663 nihil
1211 639 1326 679 posse
1359 626 1396 665 in
1430 640 1477 666 eo
1505 641 1611 680 esse,

48 696 111 751 qui
136 696 218 752 ipse
250 712 327 737 non
348 698 421 748 sit3
466 697 554 751 quid
588 703 827 751 potestesse
857 696 895 736 in
931 710 977 736 eo
1015 696 1216 748 odiosum,
1261 698 1325 752 qui
1353 712 1425 738 nec
1461 707 1610 751 careat,

49 784 122 810 nec
144 769 319 810 sentiat?
379 768 611 824 Quanquam
639 770 711 810 hoc
742 770 894 824 quidem
921 770 1035 810 nimis
1060 784 1199 825 saepe,
1245 771 1312 811 sed
1336 785 1407 822 eo,
1450 773 1551 825 quod
1572 772 1612 813 in

49 842 121 883 boc
142 842 245 883 inest
266 843 392 883 omnis
412 843 530 883 animi
554 844 770 883 contractio
793 857 846 884 ex
868 850 971 883 metu
995 844 1146 884 mortis.
1210 843 1288 897 Qui
1311 844 1414 884 enim
1435 846 1532 885 satis
1555 845 1613 887 vi-

46 915 170 967 derit,
202 917 240 956 id
268 917 368 970 quod
391 924 452 957 est
472 917 558 957 luce
583 916 746 968 clarius,
781 917 909 957 animo
939 923 977 957 et
1001 931 1166 971 corpore
1196 925 1425 972 consumpto
1453 925 1612 973 totoque

45 989 241 1030 animante
266 990 394 1030 deleto
421 997 460 1030 et
485 991 586 1030 facto
608 990 768 1031 interitu
792 990 1003 1041 universo,
1036 990 1129 1030 illud
1153 991 1318 1041 animal,
1353 992 1452 1045 quod
1477 993 1609 1044 fuerit,

45 1064 188 1104 factum
218 1077 306 1103 esse
336 1063 454 1103 nihil:
498 1063 531 1103 is
566 1063 677 1118 plane
712 1063 942 1118 perspiciet,
985 1063 1089 1103 inter
1120 1062 1506 1118 Hippocentaurum,
1548 1065 1612 1119 qui

47 1150 241 1191 nunquam
277 1136 417 1187 fuerit,
450 1144 489 1176 et
519 1150 651 1190 regem
683 1136 1019 1189 Agamemnonem
1052 1136 1146 1176 nihil
1175 1137 1393 1188 interesse,
1427 1151 1500 1178 nec
1530 1139 1612 1191 plu-

45 1211 101 1252 ris
142 1224 244 1251 nunc
287 1211 415 1250 facere
444 1208 506 1250 M.
541 1207 746 1250 Camillum
787 1209 860 1249 hoc
891 1209 1005 1250 civile
1045 1209 1212 1260 bellum,
1256 1224 1369 1264 quam
1401 1224 1498 1265 ego,
1545 1211 1611 1252 illo

45 1339 90 1372 lio
123 1350 224 1382 seque
259 1350 277 1370 e
312 1338 494 1370 continenti
530 1349 652 1380 genere
686 1340 811 1370 tertiam

43 1384 212 1417 victimam
230 1383 277 1416 rei
302 1383 452 1425 publicae
468 1383 709 1425 praebuisset.“
742 1382 809 1414 Ce—

44 1436 151 1461 terum
172 1429 261 1461 tertii
284 1429 385 1466 Decii,
409 1427 463 1471 qui
483 1440 517 1459 se
543 1427 727 1465 devoverit,
751 1439 808 1458 ce·—

43 1475 104 1506 teri
117 1475 295 1517 scriptores
309 1474 430 1505 nullam
444 1473 647 1505 mentionem
663 1473 808 1509 faciunt;

45 1531 126 1551 unus
139 1522 282 1551 Zonaras
301 1518 415 1550 Aunal.
432 1519 520 1556 VllI,
534 1519 564 1550 5.
580 1517 631 1550 ed.
647 1518 688 1550 H.
700 1517 809 1549 Wolf.

44 1564 143 1597 Basil.
169 1564 263 1597 1557.
291 1565 332 1596 T.
355 1565 396 1597 H.
422 1575 455 1606 p.
473 1562 515 1597 47
529 1575 578 1606 sq.
605 1570 722 1594 auctor
746 1569 808 1602 est,

44 1609 181 1641 Decium
216 1609 351 1640 tertium
384 1621 418 1640 se
443 1608 608 1640 devovere
644 1607 807 1646 voluisse3

43 1661 78 1686 et
100 1655 171 1697 ipse
184 1654 300 1685 Cicero
321 1653 391 1685 aliis
412 1653 492 1685 locis
510 1653 576 1685 duo
598 1659 726 1685 tantum
740 1654 808 1684 De-

44 1700 113 1731 cios
133 1706 378 1732 commemorat.
407 1698 457 1730 Cf.
472 1698 514 1730 de
527 1698 624 1730 offic.
639 1699 694 1730 111.
707 1696 740 1738 4,
758 1696 807 1731 16.

42 1744 159 1778 Parad.
183 1745 207 1775 l.
227 1744 259 1783 ¹2,
282 1744 329 1776 12.
352 1755 384 1786 p.
401 1743 509 1775 Sestio
526 1743 579 1782 21,
600 1742 652 1776 48.
692 1742 808 1774 Caton.

46 1790 124 1821 Mai.
145 1791 198 1827 20,
217 1789 270 1822 75.
305 1789 387 1820 Rem
409 1788 582 1820 enucleare
604 1794 741 1819 conatus
757 1793 808 1818 est

44 1837 189 1867 Goerenz.
214 1833 256 1865 ad
281 1834 351 1866 Fin.
372 1834 393 1866 l.
413 1833 446 1865 d.
469 1831 609 1876 p.214.‚
643 1832 698 1875 qui
723 1843 807 1863 con-

46 1879 147 1911 ciliari
180 1885 270 1911 recte
300 1879 348 1911 sic
379 1890 477 1922 posse
506 1877 700 1909 Ciceronem
734 1888 808 1908 cum

43 1926 171 1956 Zonara
191 1930 296 1966 putat,
321 1924 349 1955 si
375 1923 546 1955 consilium
570 1922 671 1953 Decio
695 1933 731 1953 se
745 1921 808 1953 de—

43 1969 187 2002 vovendi
210 1969 309 2000 fuisse
332 1976 524 2005 statuamus,
549 1967 618 2006 sed,
643 1978 752 2009 pugna
774 1966 805 1997 in

45 2014 172 2046 felicius
197 2025 301 2051 versa,
326 2013 359 2044 id
384 2025 455 2045 esse
476 2011 714 2050 intermissum3
739 2018 807 2042 tam

45 2058 163 2102 cupide
180 2065 291 2090 tamen
312 2059 399 2090 hunc
412 2069 586 2101 pugnasse,
603 2063 638 2088 ut
656 2056 689 2087 in
704 2068 807 2099 proe-

44 2103 89 2136 lio
115 2103 258 2135 caderet.
306 2103 401 2135 Adde
421 2105 518 2135 Beier.
542 2102 584 2134 ad
606 2101 703 2133 offic.
728 2101 749 2133 l.
773 2102 806 2133 d.

44 2160 78 2192 p.
101 2150 177 2182 2025.
226 2150 335 2180 Moser.
357 2148 399 2180 ad
421 2148 454 2179 h.
476 2148 498 2179 l.
520 2154 554 2179 et
580 2146 623 2178 ad
647 2146 754 2177 Divin.
783 2147 804 2177 Ι.

45 2192 107 2233 24,
129 2193 182 2226 51.
230 2195 405 2225 Ferralium
431 2192 475 2224 ad
496 2203 543 2225 or.
568 2203 600 2233 p.
622 2193 706 2223 sest.
727 2191 749 2222 l.
773 2190 806 2224 d.

112 2240 228 2269 Litana
249 2238 406 2281 Albinum]
431 2238 485 2269 Sic
506 2236 595 2269 edidi
619 2247 636 2268 e
661 2236 808 2268 certissi-

44 2294 98 2314 ma
127 2282 314 2314 coniectura
335 2284 450 2315 Menhii
469 2293 529 2325 pro
552 2281 640 2323 vulg.
661 2283 810 2313 Latini

47 2330 203 2359 Albinum.
250 2326 362 2357 Livius
383 2328 438 2365 25,
453 2326 524 2359 24.;
549 2326 638 2358 Silva
664 2326 710 2368 (in
725 2326 808 2357 Gal-

47 2371 90 2403 lia
125 2371 320 2413 Cispadana)
357 2377 427 2402 erat
456 2377 549 2402 vasta
586 2389 629 2394 -—
661 2372 810 2402 Litanam

48 2415 136 2448 Galli
161 2415 326 2447 vocabant
349 2433 412 2452 —,
446 2426 508 2457 qua
532 2414 712 2445 exereitum
737 2422 809 2446 tra-

47 2460 204 2493 ducturus
220 2466 300 2492 erat.
312 2478 357 2484 —
382 2459 430 2490 lbi
447 2458 630 2491 Postumius
645 2459 807 2500 (Albinus)

48 2507 136 2537 omni
166 2506 220 2545 vi,
260 2516 301 2537 ne
333 2511 524 2547 caperetur,
566 2503 723 2534 dimicans
749 2515 809 2535 oc-

50 2551 171 2583 cubuit.
218 2552 267 2582 De
301 2550 419 2582 Litana
455 2549 536 2580 silva
570 2549 612 2580 cf.
639 2555 809 2589 praeterea

49 2593 111 2635 34,
145 2596 200 2628 22.
234 2602 268 2627 et
311 2593 365 2627 4¹2.
429 2594 545 2625 Vellei.
592 2595 719 2625 Patere.
768 2595 807 2624 ΙΙ.

51 2639 110 2679 1-1»,
134 2640 168 2672 2.
214 2642 246 2673 S.
270 2639 341 2671 [ulii
372 2639 523 2671 Frontini
547 2637 809 2678 Strategematic.

50 2686 74 2716 1.
97 2684 129 2723 6,
148 2682 186 2717 4:
213 2685 285 2717 Boii
306 2684 339 2716 in
362 2684 443 2715 silva
466 2686 592 2722 Litana,
617 2694 679 2726 qua
700 2689 811 2713 trans-

50 2729 153 2760 iturus
179 2737 249 2762 erat
282 2736 395 2761 noster
419 2729 601 2765 exercitus,
637 2734 719 2759 etc.:
757 2726 810 2757 ubi

51 2774 106 2805 hic
137 2773 224 2806 idem
259 2781 369 2806 noster
403 2775 442 2806 L.
466 2773 650 2805 Postumius
678 2772 812 2803 Albinus

52 2827 336 2858 commemoratur,
354 2819 499 2862 itemque
513 2818 697 2861 complures
715 2816 813 2848 codd.

52 2863 176 2895 habent
199 2866 333 2904 Latina,
369 2871 404 2895 ut
435 2870 548 2895 nostro
573 2863 660 2894 loco.
708 2863 813 2893 Vcrae

52 2908 234 2951 scripturae
254 2909 391 2951 vestigia
413 2915 605 2952 comparent
627 2908 659 2938 in
684 2906 769 2939 Gud.
785 2908 813 2939 1.

54 2954 94 2986 11.
118 2964 183 2985 uuo
203 2955 272 2993 Ox„
297 2954 352 2997 qui
373 2954 530 2986 exhibent
549 2955 688 2993 Latmia,
712 2952 745 2983 in
764 2952 814 2991 R„

845 1337 899 1381 qui
924 1337 1024 1369 habet
1048 1340 1182 1379 Latina,
1207 1339 1238 1370 in
1264 1339 1389 1378 Rehd.,
1416 1340 1448 1371 in
1473 1352 1538 1383 quo
1561 1348 1608 1373 es?

844 1385 989 1414 Albinum
1012 1384 1136 1414 Latina.
1162 1402 1206 1407 -
1249 1385 1310 1415 Pro
1338 1387 1458 1417 Lucani
1480 1388 1612 1418 Orellius

845 1439 873 1459 c.
897 1427 1000 1459 Rehd.
1026 1429 1167 1460 Lucania
1193 1428 1369 1471 legendum
1388 1436 1521 1470 censet,
1547 1442 1610 1462 ne—

844 1484 907 1515 que
928 1473 1025 1504 aliter
1047 1472 1218 1514 legitur-jn
1246 1474 1332 1506 Gud.
1357 1475 1395 1507 ll.
1427 1481 1460 1505 et
1480 1475 1608 1507 duobus

845 1520 925 1550 Oxx.
978 1522 1080 1549 Acute
1116 1525 1229 1550 monet
1251 1521 1370 1559 Moser,
1407 1519 1459 1562 qui
1484 1520 1609 1563 recepit

842 1564 999 1602 Lucania,
1024 1562 1092 1594 veri
1112 1574 1182 1594 esse
1201 1563 1419 1603 simillimum,
1443 1564 1607 1605 librarios,

844 1615 1017 1651 postquam
1042 1620 1060 1639 a
1083 1610 1199 1640 Litana
1222 1609 1265 1640 ad
1286 1611 1392 1641 Latini
1421 1610 1609 1642 aberravis-

842 1659 937 1691 sent,
974 1653 1118 1695 regionis
1144 1655 1301 1686 Lucaniae
1325 1665 1447 1686 nomen
1470 1655 1608 1687 concin—

843 1697 954 1730 nitatis
984 1698 1111 1730 scilicet
1144 1710 1257 1730 caussa
1288 1699 1320 1730 in
1355 1699 1464 1742 gentis
1487 1711 1605 1732 nomen

842 1743 1037 1775 mutandum
1061 1743 1309 1776 existimavisse.

910 1800 938 1842 §-
953 1799 1007 1831 90.
1034 1801 1195 1839 Odiosum,
1219 1802 1245 1831 si
1265 1802 1298 1831 id
1322 1804 1396 1831 esset
1419 1800 1537 1843 carere]
1563 1801 1606 1832 H.

844 1855 871 1875 e.
895 1844 1047 1875 odiosum
1081 1848 1176 1883 esset,
1210 1844 1236 1875 si
1266 1852 1329 1877 etc.
1381 1847 1514 1877 Wesenb.
1537 1847 1606 1877 Em.

845 1889 882 1919 Π.
907 1900 938 1931 p.
952 1888 1006 1920 25.
1033 1895 1204 1930 comparat
1226 1888 1295 1920 Fin.
1316 1890 1355 1920 11.
1377 1889 1431 1928 225,
1445 1890 1508 1922 93:
1534 1891 1607 1922 Nec

841 1940 950 1965 tamen
970 1933 1068 1964 miser
1100 1943 1161 1965 esse
1187 1951 1228 1958 -
1251 1935 1424 1965 videbatur.
1474 1938 1517 1966 At
1537 1935 1603 1966 mi-·-

841 1990 894 2010 ser
917 1980 973 2021 (sc.
996 1989 1066 2009 esse
1086 1978 1288 2019 videretur),
1328 1978 1355 2009 si
1382 1997 1419 2003 —-
1441 1979 1605 2011 afflueret.

844 2023 937 2055 Plura
957 2022 1107 2054 dedimus
1129 2023 1161 2054 in
1187 2024 1243 2055 Gr.
1268 2024 1305 2054 L.
1334 2023 1456 2065 §.162‚
1485 2025 1513 2056 1.
1538 2025 1585 2062 a).

910 2089 1094 2119 quanquam
1118 2098 1160 2102 —
1184 2081 1277 2111 m'mis
1300 2079 1405 2122 saepe]
1441 2081 1492 2112 Sc.
1515 2092 1532 2111 a
1555 2091 1608 2112 me

842 2124 979 2161 dicitur;
1006 2123 1064 2155 sed
1086 2124 1147 2155 hac
1163 2123 1204 2155 de
1224 2135 1336 2155 caussa
1358 2124 1390 2155 id
1405 2136 1504 2167 saepe
1520 2124 1606 2158 (lico.

842 2171 983 2201 Klotzius
1013 2175 1181 2211 comparat
1207 2170 1227 2200 l.
1261 2169 1310 2206 17,
1336 2167 1397 2201 40:
1434 2170 1521 2200 Num
1543 2169 1606 2212 igi-

841 2221 896 2246 tur
921 2213 1137 2245 dubitamus?
1175 2225 1217 2245 an
1248 2214 1313 2252 sic,
1352 2221 1388 2245 ut
1420 2214 1606 2256 pleraque?

843 2270 1028 2302 quanquam
1050 2259 1115 2290 hoc
1137 2258 1268 2301 quidem
1291 2258 1442 2295 minime,
1469 2269 1607 2299 persua-

843 2304 923 2335 dent
948 2303 1035 2335 enim
1057 2309 1119 2335 etc.
1156 2302 1337 2334 Particulae
1350 2312 1531 2342 quanquam
1552 2305 1606 2345 (et-

843 2350 882 2389 si)
901 2368 944 2373 —-
968 2350 1022 2380 sed
1042 2359 1140 2390 saepe
1161 2347 1206 2377 ita
1230 2347 1417 2388 iunguntur.
1467 2347 1554 2378 [nfra
1577 2358 1604 2379 c.

844 2393 906 2432 42,
931 2392 986 2426 99.
1021 2393 1101 2435 (etsi)
1145 2393 1201 2424 ΙΙΙ.
1222 2393 1286 2429 22,
1311 2392 1364 2423 52.
1410 2392 1448 2422 V.
1474 2391 1526 2434 ll),
1551 2394 1604 2424 55.

845 2439 886 2471 N.
914 2439 953 2469 D.
980 2439 1034 2475 Ill,
1059 2436 1123 2469 36:
1171 2437 1365 2478 Quanquam
1388 2436 1605 2479 Pythagoras,

845 2494 944 2526 quum
974 2481 1006 2512 in
1032 2481 1213 2523 geometria
1238 2480 1393 2523 quiddam
1414 2481 1490 2512 novi
1508 2481 1607 2513 inve*-

845 2527 945 2558 nisset
959 2551 968 2565 ‚
994 2526 1094 2556 Musis
1116 2525 1235 2557 bovem
1256 2525 1443 2557 immolasse
1464 2524 1605 2563 dicitur;

844 2571 901 2602 scd
932 2570 965 2601 id
987 2570 1118 2612 quidem
1147 2582 1212 2601 non
1237 2570 1348 2602 credo.
1397 2571 1436 2602 V.
1461 2572 1606 2603 Goerenz.

845 2615 886 2647 ad
913 2615 1064 2646 Academ.
1094 2616 1131 2647 ΙΙ.
1161 2614 1216 2653 23,
1240 2613 1292 2649 74.
1325 2627 1356 2658 p.
1385 2614 1457 2649 137.
1506 2618 1605 2648 Beier.

845 2660 886 2691 ad
908 2659 1015 2715 ,02¹i0·
1041 2661 1094 2691 lll.
1126 2659 1167 2701 9,
1191 2659 1244 2693 39.
1271 2662 1314 2703 lp.
1336 2658 1414 2693 ⁴:49.
1450 2659 1505 2700 33,
1533 2660 1606 2693 121.

847 2717 878 2747 p.
903 2705 1011 2781 izidv‘ni
1033 2750 1213 2793 contractio]
1239 2751 1277 2781 V.
1297 2749 1339 2781 ad
1363 2749 1418 2781 IV.
1443 2749 1505 2788 31,
1529 2747 1583 2781 66.

915 2808 1188 2847 Agamemnonem]
1216 2805 1270 2849 qui
1296 2806 1374 2837 olim
1397 2805 1507 2837 fuerit.

916 2872 968 2894 nec
980 2864 1080 2902 pluris
1095 2862 1210 2903 facere]
1234 2862 1275 2893 H.
1288 2873 1315 2892 e.
1330 2873 1391 2892 nec
1405 2860 1506 2902 magis
1523 2871 1609 2890 nunc

851 2906 987 2939 Camillo
1023 2918 1118 2938 curae
1155 2918 1226 2938 esse
1259 2907 1324 2938 hoc
1356 2905 1450 2937 civile
1475 2904 1607 2943 bellum,

850 2963 947 2995 quam
961 2951 1087 2984 Camilli
1110 2957 1220 2983 aetate
1239 2950 1329 2990 mihi,
1355 2950 1408 2992 qui
1431 2956 1502 2982 tum
1522 2960 1610 2982 non-

1196 2998 1285 3035 10*
