1863 3221
227 108 280 149 42

843 117 1007 149 LIBER
1032 119 1057 149 I.
1086 117 1125 155 1,
1159 118 1181 148 l.

228 198 391 237 remissa
418 197 670 250 temporibus,
704 196 820 249 longo
842 195 1048 236 intervallo
1072 195 1311 245 intermissa,
1344 197 1546 245 revoc-avi,
1583 202 1637 246 et,
1673 208 1785 248 quum

226 270 395 309 oninium
422 269 587 319 artium,
629 282 726 322 quae
758 269 804 308 ad
829 275 974 309 rectam
1010 269 1167 309 vivendi
1195 268 1297 308 viam
1318 269 1583 322 pertinerent,
1625 269 1722 307 ratio
1749 277 1788 308 et

225 342 424 396 disciplina
453 342 580 382 studio
608 341 849 397 sapientiae,
890 355 987 396 quae

1020 341 1262 397 philosophia
1296 340 1461 392 dicitur,
1503 341 1784 387 contineretur,

224 415 296 455 hoc
332 413 423 453 niihi
454 413 609 455 Latinis
643 414 783 455 litteris
814 415 1084 456 illustrandum
1117 413 1272 469 putavi3
1314 429 1390 454 non
1424 415 1510 468 quia
1544 414 1783 469 philosophia

225 486 391 527 Graecis
416 495 454 527 et
473 487 612 528 litteris
637 494 674 528 et
693 488 914 529 doctoribus
937 489 1080 543 percipi
1103 503 1178 529 non
1202 495 1357 542 posset,
1391 488 1458 527 sed
1485 502 1612 528 incurn
1630 501 1784 542 semper

223 560 404 600 iudiciuin
434 560 528 612 suit,
571 561 701 602 omnia
728 568 886 602 nostros
911 569 976 602 aut
1000 561 1201 602 invenisse
1232 575 1300 616 per
1325 574 1367 601 se
1390 560 1629 615 sapientius,
1672 574 1784 615 quani

289 682 418 711 remissa
431 682 630 722 lcmporibusj
645 680 842 723 Intelligitnr
853 680 885 711 id
897 688 984 712 tem-

224 736 305 768 pus,
341 735 406 767 quo
429 724 629 766 reipublicae
661 726 824 767 gerendae
850 737 984 768 operam

224 769 326 802 dedit.
376 768 443 800 Csr.
467 769 509 801 de
533 769 597 801 Oss'.
620 771 662 802 H.
689 770 727 809 1,
752 770 774 803 3
791 783 840 814 sq.
876 770 985 813 ibique

221 817 362 847 Beierum
384 826 415 857 p.
435 813 475 845 12
487 826 535 857 sq.
555 822 588 846 et
607 827 666 846 nos
686 815 717 846 in
740 815 760 847 I.
785 816 817 846 d.
839 816 984 858 p.-lOsq.

222 859 375 891 Ceterum
407 858 596 891 adnotanda
624 860 820 903 significatio
845 860 985 892 nominis

221 909 370 945 tempora.
409 903 448 934 Id
471 916 589 936 nomen
615 905 732 947 plurali
754 917 901 945 numero,
926 918 983 937 ra-

220 949 286 981 rius
306 948 461 991 singulari
483 950 625 991 positum
645 962 743 994 saepe
764 951 888 982 indicat
909 952 983 982 sor-

220 1001 319 1026 tunae
349 1000 472 1025 statum
506 1001 538 1025 et
562 995 788 1027 conditionem
822 996 983 1036 (Zeitmn-

220 1039 363 1080 staffile),
388 1040 528 1070 maxime
552 1039 721 1071 difficilem
746 1047 777 1072 et
799 1041 981 1080 adversam,

222 1084 273 1115 vel
296 1084 528 1121 necessitates,
561 1085 671 1127 quales
703 1092 828 1128 tenipus
854 1098 979 1117 rerum-

222 1140 285 1171 que
321 1127 468 1159 conditio
503 1140 612 1159 seeum
647 1130 754 1161 affert.
806 1130 876 1161 Cat.
901 1132 925 1161 1.
949 1129 980 1168 9,

218 1173 281 1204 22:
319 1175 505 1212 temporibus
539 1176 724 1213 reipublicae
760 1176 863 1206 cedas.
923 1185 982 1217 pro

220 1218 345 1250 Milone
366 1215 429 1255 56,
458 1218 539 1250 100:
580 1219 685 1258 bona,
720 1220 869 1252 fortunas
894 1232 981 1252 meas

219 1274 258 1295 ac
281 1263 460 1294 liberorum
483 1274 630 1295 meorum
655 1264 686 1295 in
719 1265 982 1297 communionem

218 1315 349 1340 tuorum
363 1311 534 1347 temporum
555 1307 587 1351 (i.
602 1320 629 1340 e.
646 1309 879 1352 calamitatum)
905 1322 983 1342 con-

220 1353 292 1385 tuli.
323 1354 362 1384 V.
384 1352 606 1385 doctissimam
625 1354 874 1387 adnotationem
884 1357 982 1387 Beierl'

219 1398 261 1430 ad
285 1398 349 1430 Cic.
374 1397 415 1428 de
438 1397 534 1429 offic.
556 1399 580 1429 Ι.
604 1398 667 1437 23,
694 1399 750 1432 81.
784 1412 815 1443 p.
837 1398 914 1432 187.
949 1406 983 1431 et

220 1445 262 1475 ΙΙ.
286 1443 315 1481 1,
335 1440 368 1474 4.
392 1454 424 1485 p.
444 1441 495 1474 13.
534 1445 732 1484 Temporibus
753 1451 803 1476 est
822 1445 982 1478 ablativus

220 1487 275 1531 qui
298 1487 418 1519 dicitur
443 1488 612 1520 caussalis:
648 1495 786 1532 propter
808 1496 981 1533 tempor&

222 1535 349 1574 Wolfius
372 1544 431 1575 pro
451 1532 564 1565 dativo
586 1535 715 1577 accepit
740 1536 856 1578 (studia
879 1537 984 1567 remisi

219 1581 252 1610 in
279 1580 417 1618 qratiam
445 1580 556 1610 talium
584 1583 757 1620 temporum
789 1583 983 1612 turbulento-

218 1623 324 1665 rum).·
348 1622 380 1654 in
403 1635 465 1665 qua
490 1623 646 1665 opinione
669 1624 884 1657 assentientes
908 1636 981 1657 eum

218 1668 341 1700 habere
366 1668 536 1699 Klotzium
573 1676 607 1700 et
638 1671 825 1709 Moserum,
861 1670 914 1713 qui
946 1670 980 1701 in

219 1712 338 1744 tertiae
368 1720 499 1744 nostrae
529 1713 581 1744 ed.
607 1726 741 1746 censura
763 1715 910 1747 dativum
935 1715 982 1747 sie

220 1758 448 1801 accipiendum
485 1759 620 1797 statuit,
666 1760 756 1802 quasi
790 1760 906 1792 Cicero
946 1760 979 1791 in

221 1809 332 1834 mente
355 1803 523 1834 habuerit:
549 1807 653 1836 remisi
676 1806 758 1837 haec
779 1805 886 1837 studia
908 1809 983 1837 tem-

216 1850 344 1889 poribus
368 1850 497 1888 cedens,
521 1849 631 1880 miror.

285 1895 375 1933 longo
388 1895 549 1926 intervallo
560 1896 750 1939 intermisso]
772 1895 984 1928 Turbulentis

220 1938 296 1970 belli
321 1938 423 1970 civilis
448 1939 619 1970 Caesarem
649 1940 736 1972 inter
758 1947 858 1984 atque
883 1942 981 1973 Pom—

219 1984 329 2027 peium
351 1983 434 2025 gesti
457 1985 672 2027 temporibus.

286 2029 416 2070 artium]
450 2029 683 2061 Doctrinarum
714 2030 766 2062 vel
788 2030 981 2073 disciplina-

220 2084 302 2106 rum.
339 2073 377 2103 V.
391 2075 548 2105 Bremium
568 2073 610 2105 ad
629 2075 760 2106 Cornel.
780 2076 864 2118 Nep.
881 2075 981 2107 Dion.

220 2119 245 2157 1,
265 2116 304 2150 2:
335 2117 500 2159 ingenium
520 2136 565 2141 —
585 2126 698 2161 aptum
719 2119 760 2151 ad
779 2127 866 2151 artes
891 2121 982 2164 opti-

220 2175 308 2201 mas,
336 2169 368 2193 et
392 2164 567 2195 Forcellinii
586 2164 685 2196 Thes.
708 2166 782 2198 Lat.
804 2165 836 2196 li.
858 2178 889 2197 v.

283 2210 469 2248 pertinerent
493 2227 536 2232 ——
559 2211 774 2253 contineretur]
810 2210 907 2242 Pauci
932 2210 981 2242 ei—

220 2264 283 2297 que
317 2252 499 2284 deteriores
534 2253 631 2285 codd.
665 2255 788 2286 habent
819 2258 981 2295 pertinent,

220 2298 310 2342 quod
330 2309 388 2341 per
406 2309 440 2329 se
459 2298 672 2331 reiiciendum
690 2311 755 2332 non
772 2307 831 2337 est,
854 2312 883 2333 v.
899 2312 981 2343 quae

221 2343 331 2387 paullo
361 2350 438 2386 post
462 2343 504 2375 ad
527 2345 643 2376 verba:
679 2355 758 2385 quae
787 2348 982 2386 philosophia

221 2392 334 2422 dicitur
365 2388 528 2427 dicemus;
565 2389 624 2421 sed
650 2390 890 2422 observandum
921 2398 980 2429 est,

222 2441 349 2466 veteres
372 2434 550 2476 scriptores
572 2435 720 2473 Latinos,
744 2435 776 2466 in
801 2435 912 2478 primis
925 2435 982 2466 Ci-

223 2490 396 2517 ceronem,
421 2479 452 2509 in
476 2479 634 2512 orationis
657 2480 809 2524 obliquae
829 2480 983 2512 enuntia-

223 2523 367 2555 tionibus
390 2535 472 2566 quae
501 2524 654 2557 dicuntur
683 2526 882 2557 secundariis
906 2532 983 2569 post

223 2576 352 2611 tempus
376 2568 588 2610 praeteritum
608 2570 706 2602 etiam
730 2577 799 2602 tum
820 2571 982 2614 imperfe-

225 2620 278 2645 cto
307 2619 340 2644 et
371 2613 628 2656 plusquampers.
656 2616 701 2646 uti
724 2617 848 2655 solere,
883 2627 981 2660 quum

222 2657 387 2690 sententia
405 2658 586 2700 profertur,
610 2671 692 2701 quae
712 2660 743 2691 in
766 2662 873 2693 omnia
895 2668 982 2692 tem—

226 2714 306 2747 pora
327 2709 358 2734 et
376 2702 408 2733 in
435 2714 548 2734 omnes
570 2704 718 2735 homines
741 2706 863 2747 pariter
884 2707 982 2739 cadit.

222 2748 297 2781 Tali
325 2749 425 2780 modo
457 2749 617 2790 generalis
650 2760 731 2791 quae
753 2749 872 2782 dicitur
901 2763 974 2782 sen-

222 2794 327 2826 tentia
349 2794 493 2825 refertur
514 2793 556 2825 ad
576 2793 728 2825 iudicium
753 2795 840 2833 eius,
874 2807 892 2826 a
916 2808 980 2838 quo

224 2838 353 2881 prolata
371 2845 431 2878 est,
451 2845 485 2870 et
504 2845 660 2881 tanquam
679 2838 746 2870 eius
765 2839 898 2882 propria
919 2841 981 2872 de—

223 2883 381 2926 signatur.
441 2883 492 2915 Cf.
525 2885 549 2916 l.
573 2883 615 2923 4,
640 2881 674 2916 7.
697 2882 728 2915 8.
766 2885 807 2917 ΙΙ.
831 2883 895 2923 25,
919 2883 979 2917 61:

225 2928 398 2971 Pompeius
421 2929 584 2969 narrabat,
608 2929 820 2961 Posidonium
839 2929 983 2972 graviter

226 2980 259 3005 et
284 2974 417 3017 copiose
440 2973 480 3006 de
504 2974 569 3007 hoc
591 2974 683 3017 ipso,
719 2974 798 3006 nihil
824 2986 893 3007 esse
918 2974 982 3006 bo-

1020 692 1118 719 nnm,
1151 681 1211 712 nisi
1235 680 1324 723 qnod
1343 679 1518 711 honestum
1539 683 1634 718 esset,
1659 678 1784 710 cuban-

1021 733 1087 757 tem
1109 725 1339 768 disputavisse.
1387 726 1443 756 111.
1468 723 1507 762 3,
1533 720 1565 755 6.
1601 723 1643 754 de
1665 723 1734 754 Fin.
1758 725 1781 755 l.

1020 771 1051 809 ὁ,
1072 770 1120 802 14.
1149 769 1350 814 ttipicurum)
1375 781 1437 811 ego
1459 768 1657 800 a1·bitror—-
1674 769 1782 800 omnia

1020 816 1204 855 tradidisse,
1231 826 1313 858 quae
1330 818 1514 854 pertinerent
1535 813 1577 845 ad
1598 813 1682 845 bene
1700 813 1780 844 bea-

1019 866 1117 904 teque
1139 861 1324 892 vivendum.
1376 859 1426 891 Cf.
1450 861 1635 891 Ramshorn.
1660 860 1699 890 L.
1724 859 1781 891 Gr.

1020 907 1048 948 ᾖ.
1070 903 1142 937 luo.
1176 908 1307 937 Ellendt.
1330 904 1372 935 ad
1390 906 1477 935 Brut.
1502 904 1527 945 ᾗ,
1549 901 1620 935 124.
1652 904 1778 936 Jordan.

1019 950 1060 982 ad
1092 963 1139 982 or.
1172 962 1233 994 pro
1263 949 1392 981 Caecin.
1418 948 1480 987 22,
1506 946 1561 980 63.
1596 959 1629 990 p.
1648 946 1712 979 241
1730 960 1779 991 sq.

1019 1007 1076 1027 nos
1100 996 1141 1027 ad
1167 1008 1193 1027 c.
1209 995 1249 1036 4,
1274 993 1313 1027 7:
1339 998 1372 1026 ul
1394 996 1504 1026 habere
1526 996 1723 1033 auderemus,
1748 1000 1781 1025 ct

1018 1041 1048 1072 in
1068 1042 1124 1073 Gr.
1147 1042 1184 1072 L.
1206 1041 1233 1073 (ἵ.
1255 1037 1355 1078 stoa,
1382 1039 1467 1070 Adu.
1490 1039 1522 1071 3.
1537 1039 1568 1080 1))
1595 1045 1627 1069 et
1651 1038 1732 1069 Adn.
1748 1038 1778 1070 -1,

1018 1098 1048 1128 p.
1067 1084 1134 1117 358
1148 1079 1275 1128 5(1.“ο(1.
1293 1084 1324 1116 3.

1083 1133 1163 1162 ratio
1186 1134 1212 1161 el
1240 1130 1421 1169 disciplina]
1449 1129 1584 1171 Saepius
1609 1127 1690 1159 haec
1714 1127 1779 1159 duo

1018 1174 1150 1206 nomina
1181 1174 1291 1206 iuncta
1323 1174 1550 1216 reperiuntur,
1590 1179 1624 1204 ut
1649 1172 1690 1204 de
1715 1171 1779 1205 Off.

1018 1221 1074 1252 111.
1096 1219 1138 1259 4,
1162 1218 1226 1251 20:
1271 1219 1343 1250 Erit
1376 1225 1485 1250 autem
1520 1218 1600 1250 haec
1638 1217 1780 1249 formula

1016 1265 1205 1296 Stoicorum
1237 1266 1353 1296 rationi
1376 1266 1617 1303 disciplinaeque
1642 1264 1781 1294 maxime

1018 1316 1249 1341 consentanea.
1274 1310 1365 1340 Ratio
1379 1309 1560 1350 respondet
1572 1309 1702 1340 Graeco
1716 1318 1779 1339 vo-

1018 1355 1135 1386 cabulo
1153 1354 1308 1397 μέῖῖοδος,
1330 1354 1363 1385 h.
1379 1366 1405 1385 e.
1429 1353 1491 1389 via,
1517 1365 1580 1395 qua
1598 1360 1684 1384 artes
1708 1360 1776 1383 tra—

1017 1400 1139 1431 duntur
1161 1399 1214 1431 vel
1235 1399 1415 1430 discuntur.
1456 1401 1628 1438 Disciplina
1651 1404 1700 1429 est
1723 1409 1778 1428 ar·-

1016 1445 1058 1475 tis
1083 1445 1134 1476 vel
1159 1443 1331 1475 doctrinae
1355 1443 1488 1474 alicuius
1514 1441 1682 1484 σύστημα.
1724 1442 1778 1473 Si-

1016 1489 1139 1521 militer
1162 1489 1339 1531 iunguntur
1359 1490 1440 1520 ratio
1462 1494 1494 1519 et
1516 1490 1655 1527 scientia,
1682 1493 1716 1518 ut
1737 1487 1779 1518 de

1018 1537 1071 1566 Or.
1095 1536 1118 1567 1.
1140 1531 1193 1572 46,
1213 1533 1297 1565 201:
1325 1533 1489 1575 regendae
1508 1533 1707 1576 reipublicae
1727 1542 1779 1564 ra—

1016 1582 1056 1612 lio
1081 1592 1119 1611 ac
1149 1581 1287 1611 scientia.
1338 1579 1376 1610 V.
1403 1580 1537 1610 Giesium
1558 1578 1599 1609 ad
1622 1577 1729 1609 Diviu.
1753 1579 1775 1608 Ι.

1015 1624 1055 1663 2,
1080 1626 1111 1656 4.
1138 1637 1169 1667 p.
1189 1622 1221 1656 8.
1267 1624 1357 1655 Infra
1383 1635 1410 1654 e.
1433 1623 1493 1662 13,
1519 1622 1582 1655 30:
1607 1622 1696 1654 nulla
1719 1632 1775 1654 ra·-

1015 1673 1093 1702 tione
1119 1669 1272 1711 nullaque
1293 1671 1452 1701 doctrina.-
1478 1668 1532 1699 nbi
1557 1680 1585 1698 v.
1598 1667 1777 1699 Adnotatu.

1084 1725 1163 1755 quae
1194 1716 1391 1754 philosophia
1418 1715 1545 1755 dicitur}
1580 1712 1780 1744 indicativus

1017 1759 1049 1791 in
1075 1759 1224 1791 oratione
1246 1759 1387 1801 obliqua,
1415 1769 1605 1800 praegresso
1630 1764 1777 1800 tempore

1018 1804 1220 1848 praeterito,
1249 1803 1358 1835 locum
1382 1803 1482 1834 habet
1500 1803 1531 1834 in
1558 1803 1602 1833 eis
1625 1801 1775 1834 enuntia-

1018 1849 1185 1888 tionibus,
1233 1860 1316 1892 quae
1351 1847 1577 1891 explicationis
1611 1859 1723 1879 caussa
1759 1859 1777 1879 a

1018 1895 1181 1937 scriptore
1195 1893 1328 1926 additae
1345 1900 1430 1924 sunt.
1456 1895 1495 1925 V.
1518 1894 1606 1925 Held.
1626 1892 1668 1924 ad
1688 1893 1778 1924 Caes.
1804 1922 1807 1923 .

1019 1941 1054 1971 Β.
1081 1941 1120 1971 G.
1146 1941 1178 1976 Ι,
1207 1938 1259 1972 18.
1289 1950 1321 1981 p.
1343 1936 1395 1970 26.
1433 1945 1466 1970 et
1495 1939 1678 1970 Ramshorn.
1703 1939 1777 1970 Lat.

1019 1986 1076 2018 Gr.
1112 1981 1246 2028 §.186‚
1271 1984 1302 2016 2.
1350 1985 1476 2016 Kz'umer
1500 1984 1537 2014 L.
1564 1984 1622 2014 Gr.
1648 1980 1776 2025 §.16st

1018 2030 1104 2062 Adn.
1129 2029 1162 2062 7.
1209 2029 1414 2061 Femininum
1448 2039 1526 2069 quae
1565 2040 1625 2070 pro
1661 2035 1778 2059 neutro

1016 2078 1098 2115 quod
1124 2074 1267 2117 positum
1297 2081 1357 2106 est.
1406 2075 1443 2106 V.
1470 2074 1634 2104 Adnotatu
1658 2073 1699 2104 ad
1725 2074 1778 2105 IV.

1020 2120 1070 2158 10,
1094 2120 1150 2152 23).
1174 2139 1216 2143 —
1251 2119 1404 2150 Ceterum
1423 2120 1636 2159 philosophiae
1659 2129 1778 2149 nomen

1019 2164 1188 2196 Ciceronis
1210 2170 1318 2195 aetate
1348 2163 1492 2194 nondum
1517 2164 1550 2194 in
1573 2175 1778 2194 communem

1016 2210 1175 2241 sermonis
1192 2208 1461 2241 consuetudinem
1477 2208 1614 2246 venisse,
1639 2215 1778 2251 apparet

1017 2265 1055 2285 ex
1086 2254 1172 2286 illius
1196 2265 1259 2297 qua
1286 2265 1361 2284 usus
1394 2259 1442 2284 est
1472 2252 1773 2284 circumlocutione.

1019 2301 1066 2331 De
1104 2298 1332 2342 philosophiae
1366 2305 1474 2329 autem
1512 2297 1704 2329 definitione
1745 2311 1774 2329 v.

1016 2347 1157 2377 Beierum
1180 2344 1221 2376 ad
1249 2344 1350 2374 Cicer.
1379 2344 1473 2375 Ol‘lic.
1500 2344 1539 2374 ΙΙ.
1565 2342 1606 2381 2,
1631 2343 1661 2374 5.

1084 2400 1144 2421 non
1164 2389 1252 2432 quia]
1278 2388 1391 2420 Rarius
1413 2388 1500 2430 apud
1515 2388 1705 2419 Ciceronem
1726 2388 1776 2419 le*

1016 2434 1113 2477 gitur,
1141 2446 1235 2477 qnam
1256 2446 1315 2466 non
1336 2444 1406 2474 quo,
1431 2444 1492 2466 non
1511 2435 1603 2473 quod.
1641 2434 1680 2464 V.
1695 2436 1775 2466 Goe-

1016 2490 1097 2511 renz.
1123 2480 1164 2510 ad
1190 2480 1255 2511 Cic.
1280 2479 1321 2510 ‹Ie
1346 2478 1453 2510 Finib.
1476 2480 1531 2516 JV,
1557 2477 1612 2511 23.
1639 2477 1710 2509 init.
1743 2484 1776 2510 et

1017 2527 1221 2557 Mallhiaeum
1251 2525 1293 2556 ad
1326 2536 1372 2556 or.
1398 2535 1458 2567 pro
1479 2523 1548 2554 Mil.
1572 2524 1693 2559 XXII,
1719 2521 1773 2554 59.

1018 2571 1067 2601 De
1088 2577 1250 2601 structura
1273 2582 1303 2601 v.
1328 2568 1494 2601 Adnotata
1517 2567 1560 2599 ad
1581 2568 1622 2598 ΙΙ.
1646 2566 1700 2605 23,
1722 2565 1775 2599 56.

1017 2622 1050 2646 et
1074 2614 1115 2645 de
1146 2626 1207 2647 non
1228 2617 1302 2656 quia
1326 2633 1367 2638 -
1387 2615 1441 2645 sed
1472 2624 1532 2656 pro
1563 2614 1616 2645 sed
1636 2615 1711 2653 quia
1734 2612 1775 2645 ad

1019 2662 1057 2691 ll.
1082 2658 1145 2700 26,
1170 2658 1225 2693 6-1».

1086 2708 1212 2737 Graecis
1230 2709 1256 2737 el
1275 2706 1382 2736 litteris
1400 2707 1426 2735 el
1444 2703 1631 2746 doctoribus]
1657 2703 1777 2735 Similis

1017 2751 1106 2782 locus
1129 2750 1171 2782 ad
1195 2751 1274 2781 Fam
1309 2750 1389 2787 Vll,
1418 2746 1474 2779 19:
1510 2748 1566 2779 Sin
1590 2748 1649 2779 tibi
1672 2759 1776 2791 quae—

1016 2795 1090 2827 dain
1112 2795 1305 2826 ridebuntur
1325 2792 1524 2832 obscuriora,
1548 2792 1694 2835 cogitare
1714 2793 1775 2824 de-

1018 2840 1108 2872 bebis
1127 2842 1246 2872 nullam
1266 2842 1362 2870 artem
1381 2840 1488 2869 litteris
1506 2838 1575 2869 sine
1595 2839 1776 2880 interprete

1018 2892 1050 2916 et
1067 2885 1136 2916 sine
1155 2884 1261 2926 aliqua
1283 2882 1516 2914 exercitatione
1533 2885 1652 2923 percipi
1666 2892 1775 2923 posse:

1019 2929 1073 2961 nbi
1097 2941 1126 2962 v.
1151 2931 1325 2962 Mamilium
1346 2934 1379 2958 et
1402 2930 1580 2960 Graevium.
1629 2929 1775 2970 Uterque

1019 2974 1177 3007 ablativus
1204 2976 1334 3017 (lilleris,
1359 2973 1544 3015 doctoribus}
1570 2984 1630 3016 pro
1651 2972 1775 3004 insu-u-
