1832 3137
1503 70 1584 110 113

17 161 151 196 contra
175 155 276 194 seras
303 152 561 193 invenerunt:
596 167 618 193 a
639 153 777 207 quibus
799 153 1053 194 mansuefacti
1076 160 1115 193 et
1136 153 1282 195 exculti
1304 168 1325 195 a
1347 157 1581 197 necessariis

611 73 910 113 1.18ER1.25‚
935 72 990 106 63.

16 226 188 269 artificiis
212 227 257 267 ad
281 225 522 280 elegantiora
543 225 792 266 defluximus.
841 224 944 266 Nam
967 233 1006 267 ct
1027 226 1187 268 auribus
1209 226 1419 269 oblectatio
1440 244 1580 284 magna

15 308 121 357 parta
146 307 230 352 est,
263 300 422 341 inventa
446 306 485 340 et
503 305 717 354 temperata
737 299 928 339 varietate
952 307 990 340 et
1013 307 1151 341 natura
1172 314 1383 354 sonorum3
1418 309 1456 342 et
1473 311 1580 344 astra

15 374 288 429 suspeximus,
323 387 438 427 quum
456 376 474 399 ⁶
500 386 571 422 ea,
606 385 704 426 quae
727 378 818 412 sunt
841 371 962 412 infixa
991 374 1109 414 certis
1138 374 1260 425 locis,
1306 382 1385 416 tum
1411 376 1476 417 illa
1501 391 1579 418 non

13 460 80 498 re,
123 447 191 488 sed
218 447 411 487 vocabulo
444 445 630 487 errantia.
694 443 871 498 Quorum
904 446 1187 488 conversiones
1215 462 1428 503 omnesque
1451 457 1579 491 motus

13 520 77 576 qui
108 522 291 573 [animus]
309 522 329 547 ⁷
355 519 474 570 vidit,
509 519 541 559 is
561 516 713 569 docuit,
747 518 912 558 similem
935 518 1103 558 animum
1127 533 1239 561 suum
1264 522 1347 562 eius
1368 536 1481 575 esse,
1515 523 1578 578 qui

14 607 60 634 ea
86 593 296 634 fabricatus
320 600 425 634 esset
447 593 486 633 in
509 592 634 633 caelo.
696 597 766 632 65.
799 589 901 631 Nam
926 606 1040 645 quum
1065 590 1324 634 Archimedes
1348 595 1480 647 lunae,
1514 611 1579 636 so-

13 666 77 718 lis,
112 667 280 721 quinque
305 665 515 706 errantium
535 672 662 705 motus
682 664 722 704 in
742 664 945 719 sphaeram
964 664 1144 718 illigavit,
1178 666 1306 706 effecit
1325 666 1443 718 idem,
1478 669 1580 722 quod

12 739 99 790 ille,
142 740 205 794 qui
235 739 274 779 in
303 738 469 779 Timaeo
501 738 681 779 mundum
713 737 933 778 aedificavit
955 736 1134 778 Platonis
1161 738 1280 790 deus,
1324 747 1366 780 ut
1396 741 1579 782 tarditate

103 865 125 900 6
149 868 202 901 Sic
228 870 266 899 D.
287 868 356 899 sine
380 867 480 899 dubio
510 880 528 899 e
550 867 662 905 codd.‚
687 867 786 899 etiam
812 867 877 900 duo
903 869 983 899 Oxx.
1004 867 1130 900 habent
1155 879 1225 901 cum
1246 871 1325 909 illa;
1360 871 1414 902 Or.
1439 882 1466 902 c.
1490 870 1576 913 vulg.

13 918 88 946 ium.
136 915 175 947 V.
200 913 243 945 ad
263 914 302 945 V.
322 912 387 953 25,
411 911 466 945 72.
515 911 536 945 7
560 925 592 945 v.
616 913 700 946 Adn.

79 993 265 1033 superiores]
302 992 344 1023 H.
367 1003 394 1022 e.
421 991 478 1034 qui
504 991 665 1034 prioribus
688 997 778 1022 tem-

13 1037 148 1080 poribus
173 1037 328 1073 suerunt,
362 1047 450 1074 non,
484 1043 520 1067 ut
543 1038 670 1068 Neidius
694 1036 775 1075 vult,

11 1083 66 1122 qui
89 1091 205 1121 supra,
239 1085 332 1112 antea
356 1083 585 1112 commemorati
616 1085 707 1120 sunt,
742 1086 779 1111 ut

12 1126 200 1158 referantur
223 1125 263 1156 ad
289 1125 384 1164 illos,
422 1125 476 1168 qui
509 1125 686 1168 dissipatos
712 1126 778 1156 ho-

13 1170 117 1202 mines
143 1175 425 1212 congregaverunt
458 1176 491 1201 et
518 1170 560 1201 ad
584 1169 777 1201 societatem

14 1221 292 1246 convocaverunt.

91 1261 134 1290 ad
167 1261 356 1299 elegantiora
389 1260 591 1300 defluximus]
630 1260 777 1289 Venuste

11 1304 136 1336 dictum
157 1314 218 1345 pro
239 1303 383 1345 vulgari:
408 1303 451 1334 ad
472 1303 572 1345 magis
594 1303 691 1342 lecta,
717 1315 777 1334 ex-

11 1347 182 1392 quisitiora
205 1347 361 1385 artificia,
388 1354 424 1378 ut
447 1348 591 1385 musica,
624 1348 775 1390 philoso-

10 1393 134 1436 phiam,
159 1392 401 1430 mathematica,
427 1392 547 1423 sensim
569 1392 694 1434 delapsi
716 1404 775 1423 su-

10 1449 91 1471 mus.
140 1439 190 1469 De
220 1449 248 1468 v.
273 1439 461 1478 elegantiora
487 1449 517 1468 v.
542 1440 716 1469 Ernestium
741 1438 774 1468 in

11 1482 101 1514 Clav.
124 1482 157 1514 h.
179 1494 209 1514 v.
258 1483 305 1513 De
337 1481 440 1513 verbo
471 1484 627 1523 defluendi
660 1482 704 1513 cf.
730 1482 773 1515 N.

11 1528 52 1559 D.
77 1529 117 1559 ΙΙ.
140 1527 194 1566 31,
216 1525 277 1560 79:
304 1526 421 1569 quodsi
443 1527 529 1558 inest
550 1527 582 1558 in
603 1527 773 1559 hominum

9 1583 131 1615 genere
153 1583 263 1609 mens,
296 1571 397 1609 fides,
428 1571 551 1611 virtus,
585 1571 772 1611 concordia,

11 1617 98 1648 unde
119 1616 200 1648 haec
222 1616 254 1647 in
275 1623 402 1656 terras,
427 1616 487 1647 nisi
510 1629 528 1648 a
549 1617 694 1659 superiS,
719 1619 772 1649 de-

10 1664 103 1702 fluere
123 1660 330 1703 potuerunt?
379 1661 505 1693 Eodem
529 1661 688 1700 similiter,
714 1661 773 1692 sed

9 1705 42 1737 in
63 1706 182 1738 malam
202 1712 329 1748 partem
344 1731 352 1745 ,
385 1706 487 1737 utitur
511 1706 575 1738 Cic.
601 1707 691 1738 Lael.
717 1705 772 1746 26,

11 1750 90 1783 100:
118 1751 227 1782 nescio
249 1762 314 1793 quo
336 1758 435 1793 pacto
459 1751 499 1782 ab
520 1751 671 1783 amicitiis
693 1763 773 1793 per-

9 1795 174 1827 fectorum
194 1796 363 1827 hominum
381 1815 424 1820 —
442 1795 484 1827 ad
504 1796 591 1828 leves
613 1796 773 1827 amicitias

10 1841 140 1881 defluxit
162 1840 269 1872 oratio
297 1841 358 1883 (uti
381 1852 420 1872 ex
444 1840 578 1882 optimis
600 1841 696 1872 codd.
721 1840 771 1871 le-

9 1884 185 1926 gendum):
212 1885 266 1916 ubi
291 1897 318 1915 v.
344 1883 630 1928 Seyffert-,p.‡›-'}T.
665 1884 773 1924 Quin-

11 1928 77 1960 ctil.
103 1931 182 1960 lnst.
208 1932 262 1960 Or.
287 1930 311 1960 l.
331 1932 370 1966 ὅ,
397 1932 437 1960 9:
475 1929 508 1960 in
543 1929 652 1960 omnia
685 1929 772 1960 deli-

9 1972 132 2004 ciarum
153 1973 233 2004 vitia
257 1972 387 2004 dicendi
411 1984 539 2016 quoque
561 1974 689 2005 ratione
713 1976 772 2006 de-

9 2020 169 2058 fluximus.
217 2019 316 2049 Moser
339 2017 432 2049 addit
456 2019 501 2049 X.
531 2019 557 2054 1,
591 2018 666 2051 1¹26:
694 2025 771 2050 tan—

11 2069 78 2092 tum
102 2062 142 2093 ab
165 2061 222 2093 illo
244 2063 436 2103 defluebant,
467 2070 624 2106 quantum
649 2063 705 2094 ille
730 2064 770 2095 ab

9 2106 151 2149 antiquis
178 2105 405 2138 descenderat.

74 2153 223 2183 varietate
246 2155 271 2183 et
297 2156 411 2184 natura
435 2153 594 2196 sonorum]
631 2154 671 2187 V.
699 2153 771 2185 Ad-

10 2202 124 2227 notata
148 2196 178 2227 in
204 2198 244 2228 Il.
267 2197 308 2234 4,
336 2197 386 2228 1⁴2.

75 2251 135 2272 non
158 2251 210 2280 re,
234 2243 286 2272 sed
309 2244 456 2273 vocabulo
479 2245 632 2285 errantia]
658 2244 770 2274 Voca—

10 2283 127 2315 bantur
159 2284 234 2316 illae
266 2285 402 2324 stellae,
439 2298 521 2329 quae
555 2287 642 2319 circa
664 2288 769 2319 solem

9 2327 104 2359 simul
129 2339 201 2359 cum
224 2335 311 2359 terra
335 2338 519 2369 moventur,
544 2331 583 2363 ab
608 2332 771 2375 antiquis-

10 2371 99 2403 simis
122 2373 297 2414 πλανῆται,
321 2372 353 2404 h.
368 2385 395 2403 e.
418 2382 573 2414 errantes,
599 2377 674 2418 quia
693 2389 769 2409 mo-

9 2422 61 2447 tus
87 2426 197 2448 eorum
230 2416 326 2448 nullis
360 2417 485 2459 legibus
516 2419 674 2452 obnoxius
699 2433 769 2453 esse

9 2460 194 2499 videretur,
231 2461 277 2492 uti
303 2461 402 2493 docet
426 2464 563 2495 Neidius.
611 2465 769 2498 Platonici

9 2512 124 2537 contra
157 2505 342 2544 docebant,
378 2507 488 2538 stellas
523 2515 668 2541 errantes
701 2522 769 2542 non

9 2561 92 2593 vago
127 2558 240 2589 motu,
275 2551 333 2582 sed
368 2552 465 2583 certis
493 2552 617 2595 legibus
641 2554 767 2596 agitari.

10 2594 96 2627 Hinc
115 2595 230 2628 Cicero
255 2596 297 2626 N.
317 2597 354 2628 D.
378 2597 417 2627 ll.
441 2597 495 2635 20,
515 2599 575 2630 51:
603 2599 770 2636 „Maxime

9 2650 87 2671 vero
107 2647 183 2672 sunt
199 2640 406 2672 admirabiles
424 2648 531 2673 motus
546 2654 655 2674 earum
671 2643 768 2686 quin-

9 2694 72 2726 que
95 2685 279 2725 stellarum,
316 2697 398 2728 quae
425 2686 508 2718 falso
534 2694 695 2719 vocantur
718 2698 768 2719 er-

6 2733 130 2769 ran1e85
163 2729 241 2762 nihil
267 2730 352 2762 enim
377 2738 484 2770 errat,
509 2731 598 2774 quod
622 2733 654 2763 in
681 2733 771 2764 omni

9 2773 204 2806 aeternitate
244 2782 418 2807 conservat
464 2787 655 2819 progressus
690 2777 770 2808 reli—

10 2827 155 2859 quosque
193 2826 300 2852 motus
343 2827 533 2853 constantes
570 2829 603 2853 et
645 2826 768 2854 ratos.“

10 2861 157 2894 Eandem
191 2864 293 2896 nostri
329 2877 459 2908 quoque
495 2867 676 2898 astronomi
712 2879 768 2898 se-

11 2912 152 2946 quuntur
171 2909 378 2940 sententiam.
426 2912 464 2942 V.
487 2923 570 2953 quae
589 2911 629 2942 de
651 2911 767 2954 plane*

78 2960 124 2987 ed.
145 2969 200 2994 qna
207 2966 252 2988 rta

811 990 853 1022 tis
875 991 1118 1033 elegantissime
1139 991 1292 1023 disseruit
1314 995 1401 1025 Alex.
1425 996 1463 1024 ab
1480 996 1577 1025 Hum-

813 1037 904 1067 boldt.
926 1036 957 1066 in
982 1036 1126 1067 Kosmos
1151 1036 1227 1067 Vol.
1248 1038 1303 1069 lll.
1329 1049 1362 1079 p.
1381 1036 1446 1069 420
1460 1049 1532 1080 sqq.

878 1082 931 1119 qui
954 1080 1123 1124 [animuffl
1149 1081 1204 1112 Sic
1229 1083 1373 1121 Orellius,
1398 1082 1452 1125 qui
1474 1094 1577 1114 voca-

812 1124 924 1155 bulum
948 1127 1073 1157 animus
1096 1126 1297 1157 inculcatum
1323 1137 1393 1157 esse
1413 1126 1537 1158 iudicat
1558 1139 1577 1159 a

813 1169 1015 1212 glossatore,
1042 1170 1095 1212 qui
1121 1170 1305 1212 significare
1329 1170 1450 1209 vellet,
1477 1172 1577 1204 verba

811 1217 865 1254 qui
886 1215 965 1245 vidit
998 1225 1061 1245 non
1097 1216 1139 1246 ad
1174 1215 1377 1257 astrologum
1402 1216 1575 1258 quendam,

811 1259 869 1290 sed
892 1258 1027 1289 omnino
1051 1259 1093 1290 ad
1117 1260 1293 1291 humanum
1315 1261 1458 1292 animum
1486 1262 1577 1292 refe-

811 1304 912 1335 rendu
934 1314 1014 1334 esse.
1063 1306 1121 1336 Tr.
1145 1317 1175 1336 v.
1200 1308 1324 1336 animus
1354 1305 1451 1347 plane
1481 1306 1577 1338 dele—

810 1348 869 1380 vit.
905 1348 1095 1379 Bouhier-ius
1116 1349 1201 1380 coni.
1216 1353 1269 1389 qui
1280 1352 1401 1389 primus
1412 1361 1463 1389 v.,·
1488 1352 1577 1382 Man.

810 1404 848 1424 ex
864 1392 976 1424 Maffei
1001 1392 1085 1424 libro
1105 1394 1280 1435 legendum
1299 1401 1412 1426 censet
1433 1398 1486 1435 qni
1507 1398 1576 1427 ani-

810 1448 859 1469 mo
878 1439 968 1476 vidit,
994 1449 1100 1480 neque
1119 1439 1216 1470 aliter
1237 1438 1357 1481 legitur
1375 1440 1407 1470 in
1433 1440 1484 1471 ed.
1509 1447 1575 1471 vet.

810 1483 851 1513 H.
879 1489 912 1514 et
937 1488 971 1513 ut
996 1482 1126 1515 videtur
1156 1483 1190 1515 in
1221 1483 1350 1527 aliquot
1374 1487 1476 1517 Oxx.:
1515 1485 1575 1516 sed

808 1534 898 1559 recte
919 1529 1019 1559 Moser
1040 1535 1172 1568 monet,
1200 1532 1305 1560 animo
1327 1540 1397 1560 esse
1420 1529 1574 1562 otiosum.

808 1574 949 1604 Klotzius
986 1573 1181 1605 vocabulum
1218 1576 1342 1605 animus
1382 1586 1575 1616 germanum

807 1617 921 1658 habet,
945 1616 979 1648 id
1003 1630 1063 1660 pro
1083 1618 1216 1650 homine
1236 1619 1361 1650 dietum
1382 1631 1453 1650 esse
1474 1627 1574 1652 ratus.

811 1662 988 1705 Compar-at
1019 1662 1083 1694 Off.
1107 1665 1127 1695 l.
1149 1663 1214 1702 23,
1239 1664 1301 1697 80:
1339 1664 1472 1702 „Fortis
1496 1675 1575 1696 vero

808 1709 907 1739 animi
929 1714 962 1738 et
987 1708 1168 1739 constantis
1193 1715 1263 1746 est,
1296 1720 1362 1740 non
1389 1710 1575 1751 perturbari

807 1751 841 1782 in
874 1752 969 1783 rebus
1004 1753 1127 1795 asperis
1160 1765 1220 1784 nec
1246 1753 1501 1785 tumultuantem
1533 1754 1575 1786 de

807 1796 911 1837 gradu
937 1796 1052 1835 deiici,
1090 1804 1124 1827 ut
1148 1797 1286 1835 dicitur,
1321 1798 1381 1828 sed
1410 1799 1574 1840 praesenti

807 1843 913 1872 animo
946 1841 993 1871 uti
1024 1849 1056 1872 et
1087 1842 1270 1873 consilio:“
1305 1842 1364 1873 sed
1398 1842 1451 1874 hic
1483 1843 1573 1875 locus

808 1884 888 1915 nihil
919 1885 1014 1927 plane
1045 1885 1268 1917 similitudinis
1299 1887 1399 1918 habet
1424 1899 1494 1918 eum
1521 1900 1573 1927 eo,

807 1940 904 1971 quem
940 1942 1025 1961 nunc
1062 1938 1257 1967 tractamu53
1307 1931 1446 1974 primum
1483 1933 1570 1964 enim

807 1974 906 2006 verba
927 1978 1084 2014 praesenti
1103 1979 1208 2008 animo
1230 1976 1326 2019 longe
1347 1984 1475 2009 remota
1497 1985 1574 2009 sunt

805 2030 824 2051 a
847 2031 876 2050 v.
905 2022 1023 2059 animi,·
1061 2020 1179 2052 deinde
1203 2021 1301 2053 verba
1331 2032 1478 2062 praesens
1503 2026 1572 2054 ani-

805 2074 874 2096 mus
893 2064 1090 2107 singularem
1115 2066 1277 2108 quandam
1301 2066 1424 2098 habent
1446 2067 1573 2109 signifi-

807 2109 992 2147 cationem3
1017 2109 1169 2153 denique,
1196 2111 1282 2154 quod
1308 2123 1412 2154 nuper
1435 2114 1572 2144 Wessen-

805 2156 886 2194 ber9.
911 2155 982 2187 Em.
1010 2156 1050 2186 ll.
1076 2166 1108 2198 p.
1130 2156 1180 2188 18.
1203 2156 1350 2195 monuit,
1388 2157 1572 2188 subiectum

804 2198 957 2230 infinitivi
979 2203 1024 2231 uti
1045 2212 1112 2232 non
1138 2206 1187 2231 est
1209 2205 1369 2240 animum,
1404 2201 1463 2232 sed
1488 2213 1570 2243 pro-

804 2256 924 2275 nomen
954 2244 1161 2276 indefinitum
1184 2248 1318 2285 aliquem
1349 2253 1459 2276 mente
1489 2256 1569 2287 sup-

804 2289 973 2331 plendum.
1013 2289 1104 2321 Idem
1126 2289 1288 2321 vocabulo
1307 2292 1432 2321 animus
1454 2301 1570 2320 corru—

804 2333 914 2376 ptelae
929 2340 1042 2365 notam
1056 2333 1196 2371 addidit,
1221 2333 1279 2364 sed
1295 2333 1434 2372 dubitat,
1461 2341 1569 2366 utrum

804 2377 988 2409 aberrando
1021 2390 1059 2409 ex
1090 2389 1159 2419 seq.
1195 2381 1336 2409 animum
1368 2385 1480 2410 natum
1514 2379 1568 2418 sit,

804 2434 845 2454 an
881 2422 1188 2454 accommodatione
1220 2422 1359 2465 quadam
1392 2435 1431 2454 ex
1463 2427 1568 2456 animo

806 2470 930 2509 (comp.
954 2466 1054 2497 Acad.
1079 2468 1101 2499 l.
1126 2468 1153 2510 §.
1178 2467 1262 2507 1⁴25.)
1291 2474 1500 2512 corruptum,
1526 2481 1567 2501 an

804 2523 843 2543 ex
863 2513 986 2550 primus
1013 2513 1134 2554 (comp.
1156 2511 1229 2544 init.
1253 2512 1287 2544 h.
1311 2513 1354 2555 (J.)
1381 2520 1490 2545 ortum
1513 2527 1566 2546 er-

804 2567 898 2593 rore,
936 2556 1129 2597 praesertim
1162 2556 1272 2599 paullo
1305 2564 1382 2589 ante
1414 2561 1567 2598 animum,

804 2611 869 2631 non
890 2600 1084 2633 incredibili.
1131 2603 1244 2644 Inepte
1265 2602 1343 2634 mihi
1365 2603 1490 2634 dictum
1514 2604 1566 2635 vi-

805 2644 922 2676 detur:
961 2647 1016 2685 qui
1049 2648 1173 2678 animus
1203 2649 1280 2679 vidit
1313 2652 1469 2680 astrorum
1501 2659 1566 2680 mo-

804 2693 871 2729 lus,
903 2692 930 2721 is
953 2691 1073 2731 docuit,
1107 2691 1234 2723 etiamsi
1257 2704 1322 2724 non
1349 2693 1567 2736 subsequatur

803 2744 952 2766 nmmum.

871 2781 1080 2823 Archimedes]
1119 2782 1208 2813 Haec
1236 2782 1374 2825 sphaera
1400 2789 1465 2813 erat
1493 2793 1566 2811 ma-

804 2823 918 2863 china,
951 2824 985 2856 in
1010 2837 1072 2868 qua
1096 2827 1302 2869 planetarum
1336 2826 1566 2858 conversiones

802 2876 1139 2912 repraesentarentur.
1199 2872 1252 2905 Cf.
1287 2872 1329 2903 N.
1366 2872 1404 2902 D.
1436 2871 1484 2907 ΙΙ,
1510 2871 1565 2903 35.

803 2913 886 2957 Rep.
908 2915 943 2953 1,
971 2914 1022 2948 14.
1046 2927 1080 2958 p.
1095 2916 1149 2949 65.
1174 2917 1260 2948 Mos.
1283 2917 1435 2948 Lactant.
1459 2916 1509 2954 11,
1533 2915 1565 2946 5.

1219 2977 1244 3010 8
