1863 3221
259 112 342 154 508

258 204 359 234 Ferire
384 201 424 233 de
443 202 537 234 rebus
557 200 744 242 inopinatis.
769 200 826 231 III.
846 199 900 238 22,
923 200 976 232 52.

257 249 366 279 Ferre:
390 247 416 278 si
438 259 487 278 res
508 249 584 286 fert,
608 245 653 276 ita
675 247 742 285 fert.
769 246 793 275 Ι.
817 242 870 284 46,
896 245 967 277 110.

257 293 344 324 Ferri
368 294 500 323 libidine.
526 292 581 321 ΙΙΙ.
606 290 636 327 2,
659 288 690 321 4.
739 290 781 321 cf.
804 290 860 320 IV.
885 290 934 328 15,
957 290 1010 323 35.

304 337 341 368 V.
367 339 432 368 Ser.
482 337 565 366 Ferri
587 336 629 365 ad
651 336 781 374 aliquid.
807 336 862 365 ΙΙΙ.
885 335 916 372 2,
939 334 969 367 3.

256 383 384 413 Ferrum
405 383 536 419 recipere
557 378 598 411 (le
622 379 868 421 gladiatoribus.
894 380 935 412 Π.
961 380 1011 418 17,

301 424 353 457 41.

255 473 409 502 Fertilitas
431 471 577 500 barbara.
604 470 644 500 ΙΙ.
670 469 721 509 15,
742 468 796 502 36.

254 517 404 546 Fidentia.
432 514 486 546 JV.
507 515 561 553 37,
583 515 636 546 80.

254 561 380 590 Fidibus
402 570 541 614 fauere,
565 559 709 599 discere,
744 560 883 601 docere,
918 561 1012 593 scire.

299 606 322 635 1.
344 606 374 641 2,
396 606 428 636 4.

254 649 339 680 Finis
368 648 388 680 i.
412 660 439 679 e.
466 661 636 681 summum.
661 652 700 682 ΙΙ.
727 652 754 688 1,
773 650 804 683 3.
851 654 941 684 Fines
965 663 1010 683 sc.

298 693 460 725 bonorum
481 701 514 726 et
533 695 703 726 malorum.
728 697 767 727 V.
789 695 842 735 29,
869 697 922 730 δ’ὁ.

252 741 389 778 Flayilia
414 739 534 771 dicere.
560 742 614 772 IV.
637 738 690 779 34,
713 740 766 773 73.

252 786 406 815 Flamma.
452 787 512 816 Per
533 787 564 826 fl.
584 795 712 817 currere.
737 787 778 817 ΙΙ.
802 785 855 826 26,
876 785 931 820 26.

251 830 379 860 Flebiles
397 831 491 860 modi.
519 831 542 861 Ι.
564 829 617 869 44,
644 830 714 863 106.

252 875 339 904 Fletu
360 875 470 913 funera
492 877 601 914 facere.
628 877 651 906 Ι.
679 876 729 913 15,
753 873 806 908 34.

251 919 360 949 Fluere
384 919 531 950 mollitia.
558 922 596 951 ΙΙ.
620 920 672 958 22,
698 921 752 951 52.

251 964 366 994 Fodere
386 970 418 994 et
441 965 577 1003 fodicare
601 964 642 995 de
664 963 788 996 dolore.
813 967 853 996 II.
881 964 930 1003 14,
955 965 1008 999 33.

251 1009 394 1039 Forensis
414 1014 446 1038 et
469 1010 651 1041 domesticus
674 1020 752 1052 opp.
775 1012 800 1042 1.
822 1007 876 1048 34,
899 1009 954 1043 64.

251 1054 454 1084 Formidines.
479 1055 501 1085 Ι.
530 1053 577 1090 16,
601 1053 655 1086 36.

250 1099 354 1128 Fortes
375 1099 501 1137 fortuna
521 1101 662 1130 adiuvat.
688 1100 728 1130 11.
750 1097 781 1139 4,
808 1099 858 1132 11.

249 1143 432 1173 Forticulus.
459 1145 500 1174 11.
523 1144 573 1181 19,
595 1142 648 1175 45.

249 1188 405 1219 Fortuilus
439 1189 604 1230 quomodo
643 1189 923 1231 pronuntiandum
956 1191 1010 1222 sit.

296 1232 320 1262 Ι.
343 1230 397 1270 40,
426 1233 498 1265 115.

251 1278 405 1309 Fortunas
429 1280 560 1310 alicuius
585 1281 726 1311 laudare.
752 1281 790 1311 V.
809 1279 864 1321 39,
891 1281 963 1313 115.

251 1323 456 1354 Fortunatam
480 1324 657 1365 negotium.
684 1325 708 1356 Ι.
731 1325 793 1363 35,
815 1325 868 1358 teo.

250 1368 405 1407 Franyere
427 1369 623 1400 auctoritate
645 1369 795 1412 aliquem.
833 1372 855 1401 I.
879 1371 932 1409 21,
954 1368 1008 1404 49.

250 1413 362 1452 Fraus,
386 1415 513 1453 fraudes
537 1413 578 1445 de
598 1414 729 1456 flagitiis
752 1414 886 1446 dictum.
911 1417 934 1446 Ι.
956 1416 1009 1455 30,

294 1456 347 1489 72.

250 1502 448 1543 Fruyalitas,
471 1505 555 1544 fruyi
579 1504 739 1536 homines.
763 1506 820 1535 ΙΙΙ.
842 1504 873 1542 8,
898 1503 948 1538 16.

249 1548 325 1577 Frui
361 1551 462 1588 officio
495 1549 642 1590 possitne
672 1549 792 1581 Latine
829 1549 903 1582 dici.
950 1551 1007 1582 111.

296 1590 347 1629 16,
369 1595 422 1625 34.

249 1637 398 1677 Frustra,
422 1638 491 1669 siue
515 1651 635 1671 caussa.
659 1641 682 1670 Ι.
710 1640 759 1679 10,
784 1639 838 1672 21.

249 1682 365 1721 Fugere
389 1686 484 1715 aciem
506 1696 565 1726 pro
589 1687 729 1725 effugyere.
756 1686 778 1716 Ῐ.
799 1685 853 1724 22,
876 1685 930 1717 50.

248 1727 365 1765 Fugere
390 1735 422 1758 et
446 1731 582 1769 refuyere
607 1729 683 1772 quid
709 1729 873 1761 differant.
900 1731 926 1761 1.
951 1727 1005 1770 24,

293 1771 346 1803 56.

247 1817 387 1848 Fundere
410 1817 521 1850 inanes
544 1830 653 1851 voces·
689 1821 728 1852 V.
752 1820 814 1858 26,
839 1819 900 1858 73;
935 1823 1006 1861 fun-

293 1863 362 1893 dere
385 1874 515 1903 versus,
542 1876 682 1896 carmen.
709 1866 733 1895 I.
758 1864 811 1902 26,
836 1863 899 1903 643
935 1868 1006 1906 fun-

292 1908 362 1938 dere
383 1923 428 1935 =
447 1921 581 1951 parere,
606 1910 751 1952 gignere.
776 1911 815 1941 V.
840 1910 890 1949 13,
914 1910 967 1943 37.

246 1952 369 1983 Funera
392 1965 452 1995 pro
476 1956 579 1994 funus.
607 1957 630 1986 1.
658 1956 707 1992 15,
731 1952 784 1987 34.

245 1997 367 2037 Funyi,
392 2000 435 2029 acl
454 2010 566 2031 munus
585 2002 785 2041 fungendum.
818 2001 875 2032 111.
899 2000 930 2040 7,
954 2000 1004 2032 15.

245 2041 345 2072 Furor
368 2044 526 2084 poeticus.
551 2046 575 2076 Ι.
599 2045 651 2083 26,
673 2044 727 2077 64.

245 2087 396 2119 Futurum
418 2100 435 2119 a
459 2089 614 2121 Cicerone
631 2101 729 2131 saepe
744 2101 803 2131 pro
819 2102 924 2132 praes.
938 2102 1004 2133 po-

292 2131 388 2164 nitur.
415 2135 439 2164 Ι.
466 2134 513 2171 15,
538 2135 590 2166 35.
638 2146 664 2165 e.
686 2134 791 2165 ironia
814 2146 874 2176 pro
896 2146 1002 2176 praes.

291 2177 315 2207 Ι.
337 2178 391 2216 35,
412 2176 474 2215 913
510 2179 563 2209 ubi
586 2186 810 2221 exspectamus
831 2179 926 2221 imps.
948 2187 1002 2211 aut

291 2222 376 2263 perf.
401 2223 426 2254 Ι.
445 2220 499 2259 44,
517 2225 595 2261 1053
623 2223 664 2254 de
690 2231 818 2255 eventu.
842 2226 867 2255 Ι.
881 2225 934 2263 22,
949 2226 1001 2257 51.

246 2268 398 2298 Futurum
418 2267 538 2308 duplex
557 2268 589 2300 in
612 2268 831 2307 conclusione,
854 2276 904 2300 ut:
932 2280 1002 2310 ergo

291 2312 382 2343 miles
402 2311 436 2343 id
456 2313 565 2344 facere
585 2316 706 2354 polerit,
731 2314 780 2346 vir
794 2314 922 2357 sapiens
935 2326 1000 2346 non

290 2360 408 2397 polerit.
433 2359 473 2388 ΙΙ.
502 2357 552 2397 19,
574 2358 628 2391 39.

247 2404 397 2434 Futurum
418 2402 451 2434 in
475 2404 706 2436 consecutione
730 2410 762 2435 et
785 2404 1003 2436 conclusione.

291 2448 347 2478 111.
372 2447 402 2486 7,
428 2447 476 2479 15.

251 2494 397 2523 Futurum
420 2492 454 2523 in
480 2493 661 2525 obiectione
696 2501 728 2526 et
760 2494 825 2526 leni
850 2495 1005 2537 obiurga-

294 2536 392 2568 tione.
416 2538 454 2568 V.
479 2537 533 2575 32,
554 2538 607 2570 90.

248 2583 400 2612 Futurum
421 2582 494 2613 loco
518 2583 703 2625 imperativi
724 2585 879 2628 positum.
904 2586 928 2616 I.
953 2585 1003 2625 12,

293 2625 347 2658 26.

248 2673 400 2702 Futurum
427 2675 568 2703 exactum
600 2679 633 2704 et
664 2674 696 2705 in
729 2674 877 2718 protasi,
913 2681 946 2706 et
972 2674 1005 2706 in

295 2714 433 2758 apodosi
455 2716 607 2757 positum.
638 2720 662 2750 I.
682 2719 736 2757 30,
763 2720 815 2753 73.
862 2722 930 2751 Fut.
955 2730 1002 2751 ex.

292 2761 324 2792 in
358 2759 496 2802 apodosi
526 2767 601 2803 post
634 2763 695 2795 sut.
722 2764 755 2795 in
790 2765 924 2807 protasi.
961 2766 1002 2795 11.

292 2804 347 2846 26,
371 2806 423 2838 63.

246 2853 398 2883 Futurum
419 2855 559 2882 exactum
578 2854 724 2890 passivae
747 2855 863 2892 formae
890 2854 1003 2886 Cicero

293 2907 352 2938 per
374 2905 424 2927 ero
447 2903 480 2927 et
499 2899 719 2936 participium,
756 2904 790 2928 ut
811 2903 919 2930 nactus
942 2910 1004 2939 ero,

292 2952 359 2981 noi)
383 2951 442 2982 per
466 2942 551 2980 fuero
572 2941 703 2973 format.
728 2942 769 2972 11.
796 2941 844 2979 14,
866 2944 919 2975 32.

251 2988 398 3017 Futurum
432 2989 573 3018 exactum
608 2985 706 3018 futuri
738 2985 892 3028 simplicis
929 2988 1002 3019 loco

708 121 851 154 INDEX
875 121 1030 153 RERUM
1055 122 1113 154 ET
1136 121 1362 156 NOMINUM.

1091 200 1391 278 plosiltpmjgidetur,
1419 209 1454 234 ut
1475 206 1600 245 videro,
1624 209 1803 239 viderimus.

1125 269 1131 276 .
1199 271 1206 285 ,
1230 268 1248 278 ..
1274 271 1281 278 .

1413 329 1448 358 G.

1049 381 1208 412 Gaudium
1229 378 1341 424 (χαρά)
1363 381 1559 423 Stoicorum,
1581 387 1677 424 yaud.
1693 393 1726 417 et
1739 389 1802 418 lae-

1093 428 1171 457 lilia.
1200 427 1251 457 tv.
1275 427 1306 464 6,
1332 427 1382 459 13.

1050 472 1183 510 Genere,
1206 483 1236 501 v.
1262 481 1367 511 yenus.

1050 517 1218 546 Generosus
1232 515 1272 547 de
1291 517 1393 559 stirpe
1408 517 1619 550 nobilissima.
1644 520 1683 550 ΙΙ.
1698 518 1732 560 6,
1754 519 1803 552 16.

1049 562 1206 592 Geniliuus
1227 560 1261 591 iu
1284 571 1336 592 um
1361 574 1420 604 pro
1446 565 1530 602 ium,
1565 570 1600 594 ut
1624 566 1805 596 Caelestum.

1091 606 1131 636 ΙΙ.
1154 606 1184 644 Ε),
1206 605 1259 638 21.
1308 609 1497 647 Gigantum,
1525 619 1589 638 non
1616 611 1804 649 Giganlium.

1091 651 1131 682 ΙΙ.
1154 653 1187 688 ὅ,
1209 653 1261 682 20.
1292 652 1329 682 V.
1354 654 1422 683 Ser.
1470 653 1615 685 Liberum
1637 665 1696 696 pro
1718 654 1803 685 libe-

1089 707 1209 727 rorum.
1239 696 1294 727 ΙΙΙ.
1318 696 1372 735 24,
1396 698 1448 729 53.
1501 699 1729 739 Voluptatium‚
1761 702 1804 730 ci-

1087 743 1240 772 vitatium.
1288 743 1324 773 V.
1356 742 1408 780 27,
1433 739 1485 775 74.
1540 743 1739 783 Locuplelum
1770 751 1804 775 et

1088 788 1217 817 —ium.
1243 787 1282 818 V.
1305 787 1358 824 20,
1380 787 1433 819 55.
1475 789 1658 828 Ganymedi,
1682 791 1804 821 Socrati

1090 837 1152 862 etc.
1178 832 1234 862 111.
1260 831 1310 870 10,
1331 830 1384 863 21.

1046 878 1202 908 Genilivus
1235 887 1307 907 cum
1331 876 1510 918 praeposit.
1536 888 1635 920 saepe
1657 877 1802 920 elliptice

1089 921 1231 963 ponitur,
1254 927 1306 951 ut:
1332 923 1369 952 de
1381 923 1528 953 bonorum
1540 929 1601 955 etc,
1628 923 1667 953 ΙΙ.
1681 923 1733 960 27,
1749 922 1802 955 65.

1045 968 1203 997 Genilivus
1224 968 1406 996 substantivi
1429 967 1556 1007 gravius
1570 978 1630 1009 pro
1653 968 1803 999 adieclivo

1090 1021 1139 1052 pr.
1175 1012 1381 1052 (mediocritas
1403 1013 1574 1051 officiorum
1600 1023 1661 1053 pro
1685 1013 1803 1043 ‘medio-

1090 1057 1192 1086 cribus
1216 1055 1350 1095 officiis).
1376 1055 1432 1086 111.
1457 1057 1483 1093 1,
1514 1056 1539 1087 l.

1048 1101 1216 1139 Geniiivus,
1238 1111 1254 1129 a
1277 1098 1403 1130 duobus
1417 1100 1629 1132 substantivis
1643 1100 1801 1143 pendens,

1091 1144 1215 1187 potiori
1238 1143 1462 1184 substantivo,
1494 1146 1581 1188 quod
1603 1147 1706 1188 primo
1727 1145 1802 1178 loco

1090 1190 1232 1232 positum
1257 1195 1323 1228 est,
1351 1191 1506 1233 postponi
1531 1191 1633 1229 solet,
1661 1198 1712 1222 ut:
1750 1193 1803 1223 ho-

1090 1245 1146 1266 nor
1169 1236 1349 1273 disciplinae
1372 1242 1404 1265 et
1423 1236 1610 1268 auctoritas,
1635 1237 1660 1267 1.
1681 1235 1731 1274 16,
1746 1237 1800 1268 35.

1047 1281 1203 1312 Genitiuus
1236 1282 1435 1318 appositionis
1465 1281 1516 1312 in:
1554 1280 1678 1312 animus
1712 1292 1803 1312 meus

1092 1324 1274 1367 cogitantis.
1302 1326 1340 1355 ΙΙ.
1364 1323 1396 1363 4,
1421 1326 1471 1357 10.

1047 1372 1204 1403 Genitivus
1227 1371 1429 1411 qualitativas
1450 1373 1584 1410 pluralis
1614 1371 1798 1403 inusitatus.

1090 1416 1128 1445 V.
1157 1418 1184 1452 1,
1212 1417 1241 1447 2.

1045 1461 1202 1491 Genitivus
1224 1458 1428 1499 definitivus,
1466 1467 1519 1492 ut:
1554 1462 1642 1492 bona
1664 1461 1799 1503 gloriae,

1088 1504 1110 1536 i.
1131 1516 1158 1535 e.
1184 1505 1289 1545 bona,
1322 1515 1403 1546 quae
1426 1505 1459 1536 in
1479 1506 1584 1548 gloria
1609 1506 1800 1538 consistunt.

1089 1551 1113 1581 Ι.
1135 1548 1187 1588 45,
1214 1550 1285 1582 109.

1045 1596 1176 1626 Genitivi
1199 1596 1261 1626 duo
1295 1605 1366 1624 cum
1399 1594 1521 1636 duplici
1553 1595 1723 1626 relatione.
1759 1597 1800 1627 ΙΙ.

1090 1640 1140 1677 15,
1161 1640 1212 1671 35,
1253 1641 1372 1669 Eorum
1395 1639 1577 1670 collocatio.
1603 1641 1658 1671 IV.
1680 1640 1730 1679 13,
1747 1639 1800 1672 31.

1043 1685 1176 1715 Genilivi
1198 1686 1278 1724 duo,
1314 1683 1367 1715 uni
1390 1685 1514 1715 nomini
1533 1684 1645 1716 iuncti.
1670 1685 1725 1717 IV.
1751 1685 1803 1723 17,

1042 1776 1130 1806 Gens.
1178 1774 1363 1814 Maiorum‚
1396 1774 1560 1806 minorum
1593 1777 1738 1815 9entium.
1774 1776 1799 1806 1.

1090 1819 1139 1855 13,
1162 1819 1215 1851 29.

1043 1866 1169 1896 Gentilis
1194 1866 1355 1896 Ciceronis.
1382 1865 1407 1895 I.
1433 1864 1484 1903 16,
1508 1864 1563 1897 38.

1043 1911 1154 1949 Genus,
1175 1919 1291 1949 genere,
1317 1909 1514 1941 wesentlich.
1538 1910 1576 1941 V.
1598 1910 1630 1948 S,
1650 1910 1704 1941 22.
1750 1912 1800 1950 ld,

1085 1956 1140 1986 hoc
1157 1965 1253 1995 genus
1272 1966 1289 1985 e
1303 1955 1476 1986 verborum
1497 1955 1611 1986 ordine
1629 1954 1799 1997 explican-

1086 1999 1173 2030 dum.
1199 2001 1222 2032 I.
1248 2002 1276 2036 1,
1299 2002 1331 2031 2.

1041 2046 1237 2078 Geomeirica.
1263 2046 1287 2075 Ι.
1311 2045 1364 2084 24,
1389 2045 1443 2079 57.

1040 2103 1188 2176 Gessndii
1221 2101 1328 2132 forma
1351 2101 1384 2132 in
1408 2103 1536 2133 undum.
1574 2102 1633 2133 111.
1656 2102 1718 2141 25,
1741 2101 1796 2135 60.

1116 2170 1122 2175 .
1152 2148 1221 2177 Ser.

1038 2203 1226 2233 Geruwlium
1253 2213 1313 2244 pro
1337 2202 1517 2244 gerundivo
1541 2202 1704 2245 positum,
1739 2209 1793 2234 ut:

1080 2246 1222 2277 studium
1247 2247 1449 2278 aeternitatis
1471 2250 1615 2279 imitandi
1640 2259 1700 2289 pro
1721 2254 1794 2278 stu-

1082 2290 1170 2322 dium
1186 2291 1387 2323 aeternitatis
1405 2291 1591 2323 imitandae.
1614 2293 1653 2323 V.
1668 2293 1720 2330 25,
1736 2292 1788 2325 70.

1039 2349 1229 2379 Gerundz'um
1253 2359 1350 2390 saepe
1378 2348 1505 2390 passive
1530 2347 1673 2390 positum
1697 2347 1794 2380 vide-

1082 2399 1144 2432 tur,
1172 2399 1205 2423 ut
1228 2393 1425 2435 principium
1443 2394 1597 2424 movendi.
1622 2394 1647 2424 Ι.
1666 2393 1719 2432 23,
1740 2393 1792 2426 53.

1041 2451 1232 2481 Gerundium
1262 2460 1333 2480 cum
1364 2448 1608 2492 praepositione
1637 2449 1794 2488 iunctum,

1085 2500 1120 2524 ut
1143 2496 1179 2525 de
1203 2496 1278 2525 nihil
1302 2497 1467 2527 sentiendo.
1496 2496 1521 2526 Ι.
1545 2493 1606 2534 43,
1634 2496 1708 2527 102.
1756 2496 1794 2525 V.

1086 2541 1155 2570 Ser.

1041 2586 1251 2616 Gerundivum
1275 2596 1351 2616 num
1371 2584 1531 2627 significet
1551 2584 1596 2624 id,
1621 2583 1710 2627 quod
1729 2595 1793 2626 po—

1086 2635 1151 2660 test
1175 2629 1254 2660 fieri.
1283 2631 1305 2660 1.
1331 2632 1358 2667 1,
1382 2632 1413 2661 2.

1041 2676 1194 2713 Gesliens,
1217 2673 1286 2705 sich
1308 2674 1506 2716 gebarde-nd.
1533 2675 1590 2705 IV.
1608 2672 1639 2712 6,
1663 2673 1712 2706 13.

1042 2721 1170 2759 Giynere
1194 2729 1252 2761 pro
1275 2729 1394 2759 parere.
1421 2721 1444 2751 1.
1466 2719 1519 2759 42,
1545 2718 1618 2750 102.

1040 2766 1153 2795 Globus
1176 2770 1291 2796 terrae.
1317 2766 1340 2795 I.
1365 2765 1417 2803 25,
1443 2763 1495 2796 6³55.

1040 2810 1247 2849 (amandus,
1271 2808 1516 2851 praedicandus.
1540 2808 1579 2839 V.
1607 2808 1657 2847 17,
1680 2805 1735 2841 49.

1040 2855 1174 2885 Gloriari
1198 2854 1229 2884 in
1254 2854 1360 2897 aliqua
1383 2865 1427 2884 re.
1453 2854 1477 2884 Ι.
1499 2853 1551 2892 21,
1573 2850 1628 2886 43.

1039 2900 1194 2929 Glossema
1229 2898 1377 2930 Ciceroni
1406 2897 1542 2928 illatum.
1579 2899 1604 2928 Ι.
1630 2899 1668 2937 1,
1691 2898 1723 2930 3.
1767 2900 1788 2930 Ι.

1081 2941 1143 2980 42,
1172 2943 1243 2975 101.

1037 2989 1162 3019 Gradus
1192 2987 1232 3018 de
1257 2987 1426 3030 palaestra.
1474 2987 1527 3019 Sic
1557 2989 1658 3028 gradu
1687 2989 1788 3027 depel-
