1863 3221
254 117 304 157 10
855 123 1200 156 PROLEGOMENA.

249 206 428 244 codicum
457 213 496 245 et
523 205 738 243 editionum
773 211 948 241 veterum
978 203 1163 241 subsidiis
1195 203 1402 252 adhibitis,
1441 206 1584 256 partim
1608 205 1803 244 librorum

249 274 322 311 iam
345 274 579 311 collatorum
600 273 799 323 scriptura
820 271 1110 322 diligentissime
1131 271 1346 308 examinata
1369 272 1470 310 viam
1491 274 1539 310 ab
1555 273 1702 310 Orellio
1722 274 1801 311 ini—

250 346 325 378 tam
355 355 501 378 summa
527 354 614 377 cum
644 339 759 376 laude
789 339 986 390 persecuti
1015 345 1120 376 sunt.

361 408 520 445 Codices
543 407 822 457 manuscripti,
853 406 921 456 qui
943 406 1073 444 adhuc
1098 406 1229 443 collati
1253 412 1365 453 sunt,
1396 406 1437 443 hi
1461 414 1569 444 sunt:

360 473 448 526 (R.)
473 474 605 511 Codex
626 473 874 521 Parisiensis‚
915 474 985 523 qui
1007 467 1090 511 κατ’
1115 467 1251 522 ἐξοχὴν
1272 473 1494 523 appellatur
1519 476 1704 526 Regius,
1736 490 1799 513 se—

248 541 329 578 culi
356 542 450 578 noni
475 542 544 579 Nr.
571 545 717 589 6552„
748 536 929 590 στιχηόὂν
949 542 1143 591 scriptus,
1175 540 1215 578 h.
1241 554 1273 578 e.
1298 540 1365 588 ita,
1394 547 1440 578 ut
1465 543 1595 579 oratio
1618 557 1698 580 nou
1722 557 1803 580 uno

247 614 385 646 tenore
404 609 677 657 continuetur,
705 609 770 646 sed
790 610 1004 646 secundum
1022 609 1192 658 singulas
1211 609 1502 646 enuntiationes
1522 610 1804 660 distinguatur.

246 675 551 713 Accuratissima
579 676 661 713 eius
694 676 851 714 collatio
878 683 936 713 est
964 690 1026 724 ea,
1065 690 1198 725 quam,
1237 691 1258 712 a
1284 677 1331 714 N,
1356 678 1395 713 P.
1418 677 1641 727 Krarupio,
1681 678 1803 725 Dauo,

247 744 407 791 factam,
448 745 489 781 P.
520 744 567 781 H.
595 744 814 794 Tregderus
834 744 876 780 in
901 743 1074 780 editione
1101 757 1168 780 sua
1198 744 1432 794 publicavit.
1490 745 1523 781 ls
1546 745 1690 792 codex,
1731 747 1804 782 etsi

246 809 353 848 haud
387 811 524 861 paucis
551 811 678 858 vitiis,
715 824 813 860 quae
837 810 1057 860 Tregderus
1084 810 1126 847 in
1155 812 1276 861 praef.
1303 825 1340 861 p.
1364 811 1555 848 lx—Xt.
1581 812 1737 862 collegit
1766 818 1804 849 et

247 878 488 928 composuit,
520 878 751 928 inquinatus
771 885 846 925 est,
878 884 1004 914 tamen
1025 878 1111 914 iure
1132 878 1348 928 meritoque
1370 885 1591 916 ceterorum
1613 879 1803 916 Tuscula-

247 957 386 981 narum
417 945 596 982 codicum
626 946 982 995 praestantissimus
1014 945 1229 982 iudicatur.

360 1012 500 1064 (Vat.)
539 1013 720 1050 Secundo
758 1013 845 1049 loco
888 1012 1248 1049 commemorandus
1287 1019 1344 1049 est
1384 1013 1508 1050 codex
1559 1014 1804 1056 Vaticanus,

245 1079 361 1116 etiam
389 1075 569 1128 στιχηδόν
593 1082 786 1130 scriptus,
818 1086 856 1116 et
879 1080 1132 1129 antiquitate,
1164 1087 1202 1116 et
1226 1080 1514 1129 scripturarum
1539 1079 1715 1116 bonitate
1738 1080 1803 1116 in-

245 1147 379 1196 signis.
439 1147 696 1184 Vehementer
725 1146 939 1183 dolendum
962 1153 1039 1193 est,
1077 1153 1299 1183 accuratam
1325 1147 1407 1183 eius
1431 1146 1563 1183 adhuc
1589 1146 1804 1183 desiderari

245 1214 506 1252 collationem.

356 1280 488 1331 (Gud.
514 1280 567 1332 1.)
610 1281 726 1331 Regio
759 1287 797 1318 et
831 1287 976 1327 aetate,
1019 1287 1057 1317 et
1088 1281 1280 1330 dignitate
1317 1294 1465 1330 suppar
1499 1281 1715 1317 censendus
1750 1287 1808 1317 est

250 1349 473 1386 Gudianus
494 1351 676 1398 luimus)
710 1349 834 1384 codex
858 1348 1191 1398 Guelferbytanus
1212 1347 1334 1384 seculi
1356 1348 1422 1384 lx.
1452 1348 1512 1383 vel
1542 1349 1589 1384 X.
1618 1349 1684 1384 Nr.
1710 1351 1804 1386 258.

246 1429 308 1466 ap.
337 1416 484 1463 Ehem,
523 1430 544 1452 a
568 1417 610 1453 F.
636 1416 711 1452 Gu.
739 1415 1053 1452 Schneidewinio
1077 1414 1378 1464 exquisitissima
1401 1414 1603 1463 diligentia
1628 1415 1807 1452 collatus.

248 1484 480 1533 Plerumque
509 1497 598 1520 cum
629 1483 747 1532 Regio
779 1482 994 1532 conspirat.

360 1549 426 1597 (P.
461 1558 530 1587 aut
563 1549 696 1601 Pah.)
733 1550 916 1600 Optimus
949 1562 1074 1599 porro
1106 1548 1232 1586 codex
1265 1556 1322 1586 est
1345 1551 1598 1586 pithoeanus
1627 1549 1709 1599 (Er.
1738 1550 1804 1586 Pi-

250 1616 393 1669 thoei),
435 1618 546 1654 cuius
580 1617 871 1654 accuratissima
899 1616 1056 1653 collatio
1086 1622 1142 1653 est
1168 1616 1208 1652 in
1242 1616 1301 1652 ed.
1326 1616 1527 1666 Tregderi.
1587 1617 1654 1653 Est
1683 1617 1807 1653 codex

247 1679 461 1731 ἐκέφαλοςς
492 1685 634 1734 incipit
658 1684 757 1721 enim
776 1684 928 1720 demum
950 1697 969 1719 a
994 1683 1083 1719 libr.
1109 1683 1150 1720 [Ι.
1173 1688 1245 1731 20,
1278 1687 1342 1721 46.
1404 1683 1608 1720 Consentit
1629 1683 1805 1733 plerum—

249 1765 324 1800 que
350 1765 436 1789 culn
466 1752 602 1801 Regio,
633 1752 699 1788 sed
722 1752 846 1787 multo
865 1751 1122 1800 negligentius
1147 1751 1320 1800 scriptus
1342 1757 1408 1786 est.
1471 1752 1584 1797 Nam,
1618 1756 1662 1786 ut
1683 1751 1805 1800 Treg—

248 1818 330 1856 deri
361 1819 401 1855 in
425 1820 548 1869 praef.
569 1833 607 1869 p.
630 1819 714 1855 ΧΠ.
737 1818 869 1855 verbis
893 1824 1005 1865 utar,
1035 1817 1221 1853 librarius
1245 1817 1369 1854 oculis
1388 1823 1556 1867 propter
1577 1816 1806 1854 similitudi-

249 1899 335 1924 nem
356 1886 680 1924 terminationum
698 1885 976 1922 aberrantibus
996 1884 1130 1931 multa,
1163 1898 1261 1933 quae
1282 1884 1331 1921 ad
1350 1884 1561 1921 sententias
1581 1892 1686 1921 recte
1709 1898 1806 1921 con-

249 1954 474 1991 formandas
506 1953 719 1991 necessaria
750 1959 861 1999 sunt,
892 1952 1007 2002 plane
1038 1951 1182 1988 omisit.

362 2020 472 2070 (Gr.)
509 2021 779 2070 Gryphianus
804 2020 928 2056 codex
959 2019 1099 2056 eximia
1129 2018 1304 2055 bonitate
1334 2025 1391 2055 est
1421 2026 1459 2056 et
1481 2020 1562 2056 sine
1589 2019 1709 2057 dubio
1736 2034 1806 2057 ve—

251 2088 507 2135 tustissimus,
547 2087 661 2124 cuius
688 2086 869 2134 collatio,
911 2087 978 2123 sed
1004 2099 1083 2123 non
1111 2086 1285 2135 integra,
1329 2086 1430 2123 inest
1455 2087 1497 2123 in
1522 2087 1582 2124 ed.
1614 2088 1667 2124 Io.
1694 2088 1809 2125 Mich.

249 2157 386 2205 Bruti,
419 2156 540 2205 Lugd.
576 2158 703 2202 1570,
738 2158 800 2192 16.

362 2224 435 2275 (b.)
457 2225 589 2261 Codex
613 2225 831 2260 Bet-nensis
851 2234 925 2259 sec.
947 2222 1030 2258 XV.
1055 2234 1128 2268 „ex
1152 2221 1304 2271 optimo
1327 2221 1481 2270 quidem
1500 2222 1714 2272 exemplari
1738 2223 1807 2259 de—

248 2292 444 2341 scriptus,
474 2292 540 2328 sed
562 2291 676 2328 foede
695 2297 829 2341 postea
849 2304 869 2326 a
891 2290 1077 2339 magistro
1103 2289 1235 2338 aliquo
1255 2288 1488 2325 scholastico
1508 2288 1810 2339 interpolatus.“

254 2360 299 2397 V.
329 2359 523 2396 Orellium
546 2359 596 2396 ad
618 2359 730 2395 Tusc.
758 2359 784 2396 l.
810 2364 912 2394 extr.
939 2372 975 2407 p.
1002 2360 1097 2394 267.
1156 2357 1282 2393 Etiam
1305 2355 1370 2392 hic
1392 2356 1625 2405 plerumque
1646 2357 1810 2407 conspi-

252 2434 315 2464 rat
345 2441 433 2464 cum
464 2427 593 2477 Regio.

367 2494 447 2530 Hos
477 2507 544 2530 sex
580 2493 732 2530 codices
763 2492 960 2529 communi
997 2492 1209 2527 mdiorum
1243 2490 1400 2526 nomine
1431 2491 1637 2539 complecti
1666 2504 1809 2539 possu—

254 2574 358 2608 mus3
390 2560 463 2595 iam
484 2573 824 2597 conmiemoremus
841 2573 927 2606 eos,
959 2571 1070 2608 quOS,
1101 2557 1286 2594 cumillis
1306 2563 1569 2607 comparatos,
1600 2557 1810 2594 ‹leta-mres·

254 2627 453 2678 appellare
483 2626 586 2663 licet.

369 2692 497 2743 (Gud.
519 2694 566 2730 ῙΙ.
595 2692 674 2743 [ap.
699 2694 892 2729 Moserum
919 2693 1027 2729 Gml.
1047 2691 1121 2742 2.])
1152 2691 1372 2728 Gudianus·
1398 2690 1466 2733 ΙΙ.,
1500 2690 1585 2727 cod.
1611 2692 1812 2728 Guelferb.

258 2764 327 2799 ΝΥ.
357 2764 450 2798 257.
481 2775 544 2810 ap.
577 2761 706 2796 [fibert.
732 2759 911 2795 exeuntis
942 2773 1015 2796 sec.
1040 2760 1161 2804 XlV.‚
1206 2757 1263 2794 uti
1285 2756 1448 2793 videtur
1480 2757 1810 2806 Sclmeidewinio‚

260 2829 329 2878 qui
356 2841 441 2865 eum
473 2828 659 2864 contulit.
720 2826 963 2875 Negligenter
988 2826 1053 2862 ille
1083 2825 1237 2875 quidem
1264 2823 1436 2873 scriptus
1469 2831 1546 2871 est,
1589 2826 1655 2861 sed
1682 2826 1811 2875 pluri-

260 2910 364 2933 mum
396 2908 482 2932 cuni
511 2893 741 2931 melioribus
770 2893 978 2929 consentit.

376 2962 556 3013 (Gnate
585 2960 665 3011 [ap.
687 2961 880 2998 Moserum
908 2959 1038 3007 Gad„
1081 2958 1192 2997 nullo
1217 2957 1352 2995 addito
1373 2957 1584 3009 numero.])
1650 2961 1814 2998 Gadm-
