1832 3137
597 139 764 171 Lmen
792 140 846 171 iv.
875 138 934 178 17,
960 138 1014 172 39.
1039 139 1093 172 40.
1539 133 1622 175 355

58 217 120 271 qui
142 216 280 266 faciet,
315 229 390 255 non
411 216 652 269 aegritudine.
675 218 797 258 solum
827 218 1003 269 vacabit,
1038 219 1104 259 sed
1125 219 1240 260 etiam
1263 219 1617 273 perturbationibus
1653 240 1656 241 ⁷

57 289 215 342 reliquis
240 288 433 329 omnibus.
497 288 568 329 His
596 298 723 330 autem
748 305 892 331 vacuus
924 292 1074 333 animus
1102 293 1273 347 perfecte
1303 284 1416 347 atque
1441 294 1616 336 absolute

57 362 192 402 beatos
215 361 350 411 efficit,
394 362 571 416 idemque
599 364 816 403 concitatus
851 371 889 404 et
914 364 1134 405 abstractus
1166 348 1210 424 all
1244 366 1393 421 integra
1429 374 1614 421 certaque

1505 438 1614 493 Quo·
1654 450 1658 455 -

54 508 156 548 circa
186 508 310 548 mollis
341 515 377 548 et
402 517 587 549 enervata
614 510 779 563 putanda
801 516 861 548 est
882 507 1230 563 Peripateticorum
1264 513 1364 553 ratio
1400 520 1439 553 et
1471 514 1612 564 oratio,

55 435 206 475 ratione
226 449 303 475 non
323 435 578 476 constantiam
601 437 724 476 solum
744 437 900 487 amittit,
934 451 1069 477 verum
1090 438 1205 479 etiam
1224 438 1446 480 sanitatem.

53 581 115 635 qui
146 580 365 635 perturbari
398 582 549 622 animos
585 596 749 622 necesse
781 583 913 622 dicunt
947 584 1095 632 esse⁵‚
1142 586 1209 624 sed
1243 585 1425 626 adhibent
1460 587 1613 627 modum

1142 663 1212 697 39.
1244 656 1404 698 Modum
1440 666 1479 699 tu
1508 659 1615 700 adhi-

55 727 124 768 bes
149 728 271 768 vitio?
314 742 362 768 an
391 728 528 768 vitium
554 728 698 767 nullum
729 735 788 768 est
813 742 889 767 non
918 742 1056 781 parere
1080 730 1247 770 rationi?
1284 744 1332 770 an
1358 731 1456 771 ratio
1480 746 1613 785 parum

54 655 266 708 quendam,
301 669 412 708 quem
436 655 536 695 ultra
561 655 740 709 progredi
772 669 850 694 non
888 661 1080 708 oporteat.

54 800 261 854 praecipit,
296 814 368 840 nec
395 801 537 840 bonum
558 800 650 840 illud
679 814 791 850 esse,
827 801 927 854 quod
949 807 1016 841 aut
1038 801 1170 855 cupias
1196 803 1400 853 ardenter,
1433 811 1498 843 aut
1523 804 1614 844 ade-
1667 814 1669 817 '

54 880 140 928 ptus
168 873 352 913 ecferas6
391 880 427 913 te
461 873 707 913 insolenter?
745 888 817 913 nec
842 888 957 928 porro
992 874 1157 926 malum,
1202 890 1277 929 quo
1303 882 1368 915 aut
1402 890 1612 930 oppressus

52 946 205 996 iaceas,
240 953 328 996 aut,
363 960 411 986 ne
435 945 679 1000 opprimare,
713 954 843 987 mente
868 947 937 989 vix
959 948 1144 988 constes?
1175 962 1297 1002 eaque
1322 949 1448 989 omnia
1471 956 1536 989 aut
1554 949 1612 989 ni·—
1663 946 1669 954 '⁴

52 1019 124 1059 mis
149 1019 272 1059 tristia
302 1026 365 1059 aut
396 1020 510 1060 nimis
548 1019 650 1059 lacta
685 1034 821 1060 errore
854 1021 963 1060 lieri?
1023 1019 1101 1073 Qui
1133 1021 1165 1061 si
1194 1035 1307 1077 error
1338 1021 1466 1062 stultis
1500 1029 1612 1063 exte—

54 1100 194 1133 nuetur
213 1092 289 1142 die,
323 1099 379 1142 ut,
414 1107 527 1146 quum
550 1106 613 1133 res
636 1094 794 1133 eaedem
816 1079 1056 1144 maneantff
1085 1080 1198 1133 aliter
1224 1095 1351 1134 serant
1372 1094 1608 1145 inveterata,

1353 1173 1421 1208 40.
1455 1166 1610 1208 Etenim

768 1238 1013 1292 Quaeramus
1036 1239 1138 1279 enim
1159 1241 1314 1280 modum
1340 1241 1609 1294 aegritudinis,

52 1166 166 1206 aliter
197 1165 393 1217 recentia3
427 1166 624 1221 sapientes
658 1180 705 1206 ne
738 1166 902 1220 attingat
928 1166 1079 1220 quidem
1115 1166 1288 1207 omnino.

52 1239 136 1293 quis
162 1239 236 1279 erit
260 1239 415 1279 tandem
442 1240 578 1279 modus
606 1239 707 1279 iste?

50 1313 88 1352 in
114 1315 223 1366 quo⁸
251 1325 392 1366 operae
419 1312 623 1366 plurimum
648 1312 815 1366 ponitur.
880 1312 1014 1365 Aegre
1041 1313 1176 1353 tulisse
1198 1312 1244 1353 Ρ.
1276 1313 1507 1368 Rupilium⁹
1534 1315 1611 1354 fra*

142 1430 162 1461 5
187 1430 241 1462 Sic
256 1433 309 1461 Or.
325 1442 351 1461 c.
366 1431 448 1462 ΚΡ.
473 1430 604 1461 Gud.1.
635 1431 670 1460 ll.
693 1429 828 1472 aliisque
847 1429 958 1461 multis
980 1441 1041 1471 pro
1066 1429 1153 1471 vulg.
1172 1440 1234 1462 esse
1256 1431 1315 1462 dic.
1363 1428 1384 1462 6
1408 1431 1461 1463 Sic
1483 1432 1611 1463 Gud.1.

52 1482 86 1507 et
112 1476 151 1506 Ι).
171 1475 241 1506 sine
261 1475 362 1506 dubio
388 1486 405 1506 c
429 1474 547 1512 codd.;
574 1474 690 1506 eodem
716 1474 838 1506 ducunt
860 1474 1044 1516 scripturae
1067 1479 1093 1505 et
1115 1477 1208 1515 seras,
1236 1478 1373 1515 afferas;
1399 1478 1451 1506 Or.
1476 1488 1501 1507 c.
1526 1476 1610 1518 vulg.

51 1522 171 1561 efferas.
219 1521 260 1552 V.
281 1520 322 1551 ad
344 1520 404 1557 15,
430 1519 484 1552 35.
551 1518 571 1551 'i'
598 1519 651 1550 Sic
670 1518 692 1551 ’4
714 1522 794 1551 Oxx.
818 1524 898 1562 Aug.
924 1519 1029 1550 Rehd.
1054 1520 1139 1550 Gud.
1165 1520 1195 1551 2.
1234 1521 1324 1553 Mon.
1353 1520 1381 1551 1.
1407 1520 1458 1557 ’.ἦς
1496 1520 1612 1552 eodem

51 1565 175 1596 ducunt
199 1566 237 1596 R.
262 1567 296 1598 P.
321 1564 406 1596 Gud.
425 1565 452 1597 1.
477 1566 534 1603 ll.‚
559 1565 591 1595 in
616 1564 730 1607 quibus
757 1571 806 1596 est
826 1575 874 1597 res
896 1566 1003 1596 eadem
1028 1568 1197 1604 Τηαηεαηίς
1223 1566 1276 1597 Or.
1302 1577 1326 1596 c.
1351 1564 1514 1608 plerisque
1537 1565 1612 1597 edd.

51 1617 131 1641 vett.
155 1620 202 1642 res
223 1612 331 1642 eadem
353 1614 500 1649 maneam
534 1611 619 1641 Mos.
642 1616 732 1641 recte
764 1610 911 1651 praefert
942 1609 1122 1651 pluralem,
1160 1621 1258 1651 quum
1284 1610 1416 1652 pluralis
1452 1617 1485 1641 et
1514 1617 1610 1642 ante-

53 1655 148 1686 cedat
181 1656 291 1697 (eaque
315 1657 437 1689 omnia)
460 1661 493 1685 et
512 1661 666 1697 sequatur
690 1655 897 1696 (inveterata,
930 1655 1091 1696 recentia).
1138 1656 1223 1694 „Res
1242 1661 1350 1686 autem
1371 1654 1526 1697 intelligit
1547 1667 1612 1695 eas,

52 1711 134 1743 quae
159 1706 215 1730 aut
239 1699 332 1731 nimis
355 1699 474 1735 tristes,
502 1699 590 1741 quasi
613 1699 729 1737 malae,
755 1706 812 1730 ant
834 1700 929 1731 nimis
951 1699 1075 1736 laetae,
1099 1699 1188 1742 quasi
1210 1699 1338 1737 bonae,
1364 1711 1476 1734 errore
1497 1700 1613 1731 liant.“

51 1747 127 1777 Mos.
173 1744 195 1776 8
219 1756 248 1775 ν.
266 1745 348 1776 Adn.
396 1742 417 1775 9
442 1744 495 1775 Sic
516 1744 683 1776 emendav.
700 1745 743 1774 M.
764 1755 802 1775 ex
825 1744 917 1775 fastis
933 1744 1126 1786 Capitolinis
1147 1751 1179 1774 et
1200 1755 1277 1775 vero
1298 1744 1417 1786 legitur
1435 1745 1468 1775 in
1485 1745 1612 1778 Gud.1.

52 1801 113 1833 pro
139 1792 300 1822 Rutilium.
347 1790 386 1821 V.
413 1789 483 1820 lnd.
508 1789 585 1820 hist.
623 1789 715 1820 Idem
739 1789 894 1820 mendum
911 1790 943 1820 in
967 1789 1064 1822 codd.
1086 1789 1176 1820 Lacl.
1198 1788 1259 1828 20,
1284 1787 1345 1821 73:
1373 1789 1426 1820 ubi
1453 1802 1480 1820 v.
1504 1791 1611 1833 lntpp.

50 1869 105 1905 28,
126 1867 180 1901 60.
214 1868 310 1900 offic.
331 1870 353 1899 l.
374 1866 422 1906 lo,
446 1868 499 1899 ¹110.
534 1867 575 1898 de
594 1869 720 1898 luvent.
740 1869 763 1901 l.
785 1868 817 1899 ¹2.

53 1915 188 1946 Ochsner
206 1913 238 1944 in
262 1913 332 1944 Ecl.
357 1913 421 1943 Cic.
447 1925 478 1955 p.
496 1913 549 1945 ὃὸ.
574 1913 692 1950 docet,
721 1912 816 1942 Cice—

920 1869 948 1910 §.
972 1867 1025 1899 35).
1063 1871 1137 1907 aut,
1161 1878 1198 1899 ne
1220 1870 1416 1906 opprimere,
1440 1872 1538 1899 mente
1559 1870 1612 1899 vix

851 1913 981 1953 constes]
1021 1912 1123 1943 Recte
1155 1914 1275 1943 Keilius
1306 1912 1337 1942 in
1369 1912 1502 1951 Quaest.
1525 1912 1612 1944 Tull.

51 1969 165 1989 roncm
191 1958 351 1989 eiusmodi
375 1956 606 2000 παρη-[ἤματα
630 1958 681 1988 vel
707 1957 816 1999 potius

51 2000 284 2045 ὅμοιοτέλῑυτα
306 2003 338 2034 in
359 2003 522 2034 amoribus
545 2002 706 2033 habuisse.
745 2002 815 2033 Ad-

52 2047 94 2078 de
125 2048 263 2078 eundem
291 2059 321 2090 p.
341 2048 416 2080 ¹275).
466 2047 561 2078 Cuius
591 2047 719 2089 generis
755 2059 815 2079 ex-

52 2092 159 2134 empla
183 2093 272 2135 larga
304 2104 400 2124 manu
425 2092 639 2134 suppeditant
661 2094 750 2123 Beier
773 2092 815 2123 ad

53 2138 150 2169 offic.
177 2139 200 2169 l.
226 2141 285 2176 16,
309 2137 361 2170 61.
397 2149 428 2180 p.
448 2139 534 2177 145.Δ
554 2144 587 2168 et
608 2139 748 2169 Bromius
772 2136 813 2168 ad

50 2182 182 2214 Fin.11.
206 2183 236 2215 5.
272 2193 306 2224 p.
324 2182 395 2214 ¹21.
444 2181 600 2225 Apprime
633 2182 704 2213 noti
738 2188 815 2213 sunt

51 2234 82 2258 et
106 2227 288 2269 pervulgati
321 2227 367 2258 illi
392 2239 504 2259 versus
530 2227 733 2258 Ciceroniani
771 2230 814 2269 (v.

53 2272 208 2312 Quinctil.
223 2274 286 2310 Xl,
305 2273 331 2304 l.
359 2272 462 2304 Cicer.
484 2272 525 2303 de
539 2272 635 2303 Offic.
655 2273 676 2303 Ι.
695 2272 749 2312 22,
762 2272 815 2306 77.

52 2317 194 2348 Juvenal.
217 2319 252 2349 X
266 2343 273 2356 ,
304 2317 408 2357 1²23.):

89 2364 114 2392 O
127 2362 330 2393 fortunatam
341 2369 451 2393 natam
461 2374 514 2394 me
525 2361 658 2393 consule
670 2362 818 2393 Romam.

91 2406 219 2437 Cedant
253 2419 342 2438 arma
368 2413 485 2448 togae,
522 2406 684 2437 concedat
709 2406 818 2438 laurea

618 2450 718 2482 laudi.

55 2496 192 2527 Diversa
217 2502 266 2527 est
291 2507 328 2527 ea
355 2496 477 2538 figura,
517 2506 613 2537 quam
648 2495 817 2537 appellant

53 2543 302 2573 utlitlerationem
332 2543 374 2582 (v.
399 2540 439 2571 ad
468 2542 489 2571 l.
512 2540 576 2578 35,
602 2541 667 2571 >sim
683 2565 690 2577 ‚
729 2540 817 2570 cuius

55 2586 153 2617 etiam
176 2586 262 2628 apud
289 2586 478 2617 Ciceronem
510 2584 610 2615 multa
645 2585 816 2626 reperiun-

56 2638 108 2662 tur
131 2631 291 2673 exempla,
319 2638 353 2661 ut
374 2631 415 2661 de
437 2632 511 2661 Sen.
540 2631 571 2661 11
591 2642 596 2659 :
623 2632 733 2660 sensim
755 2632 819 2660 sine

55 2685 153 2708 sensu.
203 2678 306 2718 Supra
333 2677 357 2706 l.
385 2678 442 2712 1³,
467 2673 528 2707 42.-
557 2681 590 2705 ut
614 2674 819 2716 potissimum

55 2722 155 2752 videri
178 2723 267 2753 video
292 2720 456 2752 Panaetio.
501 2720 557 2750 lll.
581 2720 642 2753 δέ,
670 2719 728 2751 Πῑ
756 2730 819 2749 non

59 2766 135 2796 satis
159 2765 237 2796 mihi
261 2767 382 2797 videtur
403 2768 516 2797 vidisse
548 2763 612 2795 hoc
635 2763 819 2794 Cleanthes.

59 2809 172 2850 Nuper
193 2810 234 2840 de
256 2810 304 2841 his
324 2810 434 2852 figuris
456 2809 623 2850 eleganter
644 2807 823 2851 disputavit

60 2855 227 2893 Seyfferlus
246 2855 287 2885 ad
304 2855 392 2886 Lael.
412 2856 467 2893 21,
486 2854 549 2893 79„
575 2853 708 2885 laudato
732 2856 824 2892 Casp.

58 2900 203 2938 P099elio
236 2900 346 2931 Ueber
381 2900 412 2931 d.
448 2899 538 2931 Reim
567 2911 596 2929 u.
631 2898 664 2930 d.
688 2898 822 2930 Gleich-

61 2942 190 2985 kla'nge.
228 2944 377 2975 Miinster
404 2945 496 2977 1336.
523 2955 553 2985 p.
568 2944 610 2975 32
625 2955 694 2987 sqq.

129 2998 216 3028 quem
247 2990 343 3031 ultra]
369 2990 408 3021 V.
435 2989 520 3021 Adn.
545 2988 578 3020 in
604 2990 643 3022 Π.
668 2989 710 3029 6,
741 2988 788 3021 15.

851 1968 883 1999 p.
902 1957 957 1988 IX.
984 1957 1145 1988 intellexit
1167 1957 1198 1987 in
1222 1956 1329 1988 verbis
1348 1961 1447 1988 mente
1466 1960 1521 1989 vix
1542 1967 1614 1989 con·

851 2006 910 2033 stes
942 2002 1043 2032 latere
1075 2002 1245 2033 notionem
1275 2004 1509 2041 perlimcscendi
1545 2008 1613 2044 tarint

850 2047 1085 2089 pertimescas,
1121 2059 1162 2078 ne
1185 2046 1406 2089 opprimere),
1439 2054 1473 2077 et
1496 2058 1613 2089 quem-

849 2091 1027 2122 admodum
1047 2098 1144 2123 antea
1164 2092 1378 2135 cupiditatem
1395 2098 1428 2122 et
1442 2092 1612 2126 laetitiam,

848 2137 894 2168 ita
919 2148 1003 2168 nunc
1024 2136 1154 2168 inverso
1181 2136 1296 2168 ordine
1319 2136 1558 2178 aegritudinem
1580 2141 1615 2168 et

849 2188 971 2213 metum
997 2181 1183 2222 significari.

917 2226 980 2269 die]
1005 2227 1045 2257 H.
1059 2238 1087 2258 e.
1108 2227 1266 2269 temporis
1286 2226 1537 2269 longinquitate.
1572 2227 1612 2258 V.

852 2271 1020 2303 Adnotatu
1044 2271 1075 2302 in
1104 2273 1158 2303 ΙΙΙ.
1183 2272 1245 2307 30,
1271 2269 1324 2304 74.

921 2319 947 2354 ὃ.
970 2320 1022 2348 40.
1073 2316 1207 2358 Etenim]
1233 2317 1272 2347 V.
1296 2315 1336 2345 ad
1364 2317 1419 2347 [ll.
1444 2315 1482 2353 9,
1509 2316 1562 2346 20.

922 2357 951 2393 in
972 2372 1032 2400 quo
1057 2363 1180 2401 operae}
1218 2362 1271 2391 Or.
1299 2371 1326 2391 e.
1351 2360 1387 2390 R.
1412 2360 1445 2391 P.
1475 2358 1560 2390 Gud.
1586 2359 1612 2391 l.

854 2418 919 2437 uno
944 2408 1001 2435 Ox.
1030 2406 1133 2436 Relid.
1157 2408 1194 2436 A.
1214 2406 1251 2435 V.
1277 2406 1322 2435 M.
1347 2406 1382 2437 L.
1404 2404 1509 2435 Gebh.
1535 2406 1614 2435 Dav,

855 2450 959 2482 edidit
983 2453 1012 2480 ἰη
1032 2460 1114 2489 qua,
1139 2449 1185 2480 sic
1209 2449 1391 2491 explicans:
1418 2449 1448 2479 in
1473 2461 1535 2491 qua
1555 2461 1614 2480 ae—

853 2494 1019 2537 gritudine
1051 2493 1204 2536 pellenda
1236 2506 1253 2524 a
1287 2494 1511 2535 Peripateticis
1548 2501 1610 2525 ete.

853 2542 924 2581 Ego
952 2550 979 2569 c.
1002 2539 1080 2570 Ern.
1113 2544 1146 2570 et
1178 2538 1398 2580 compluribus
1428 2538 1505 2569 edd.
1531 2545 1614 2570 vett.

855 2593 887 2615 et
908 2583 1016 2618 codd..
1042 2583 1138 2614 etiam
1160 2583 1190 2614 b.
1215 2591 1248 2615 et
1272 2583 1357 2615 Gud.
1380 2583 1427 2622 ll.⁷
1451 2583 1559 2615 edidi:
1584 2587 1616 2616 in

853 2639 931 2670 quo:
964 2639 1060 2670 quam
1084 2628 1284 2671 scripturam
1316 2631 1414 2661 Moser
1443 2640 1482 2659 ex
1515 2641 1616 2672 prava

854 2673 1014 2714 scriptura
1038 2684 1138 2713 opere,
1165 2673 1208 2704 uti
1229 2680 1277 2705 est
1298 2673 1329 2704 in
1346 2673 1449 2704 Marb.
1474 2680 1505 2705 et
1522 2678 1615 2714 Augu,

857 2725 961 2750 ortum
994 2725 1098 2760 putat.
1147 2720 1181 2751 ln
1201 2729 1282 2759 quo,
1315 2718 1346 2750 h.
1372 2730 1398 2749 e.
1427 2718 1457 2749 in
1483 2730 1544 2760 qua
1570 2731 1614 2755 re,

855 2764 888 2794 iu
922 2763 1108 2806 quaerendo
1137 2764 1238 2795 modo
1269 2763 1493 2806 aegritudinis.
1543 2765 1614 2793 Kto-

858 2811 936 2840 lzius
956 2815 1125 2850 receperat
1146 2812 1177 2840 in
1199 2819 1268 2849 quo,
1293 2808 1351 2840 sed
1372 2820 1456 2839 nunc
1480 2808 1510 2837 in
1531 2806 1614 2837 Add.

859 2865 892 2895 p.
913 2852 984 2886 166.
1009 2853 1156 2896 praefert
1179 2857 1211 2886 in
1231 2864 1303 2894 qua.

927 2900 1022 2939 Aegre
1054 2898 1171 2942 tulisse]
1210 2903 1465 2941 Argumentatur
1501 2895 1616 2927 Cicero

860 2944 926 2975 hoc
949 2943 1019 2975 fere
1045 2944 1161 2976 modo:
1197 2944 1282 2981 Fac,
1311 2941 1495 2984 Rupilium,
1520 2951 1618 2983 quum

862 2988 928 3020 eius
950 2988 1052 3021 frater
1075 2988 1239 3031 repulsam
1258 2987 1396 3023 tulisset,
1422 2984 1621 3018 moderatius

1187 3033 1289 3073 25*
