1832 3137
624 102 925 144 mesurae,
954 100 1027 135 116.
1535 85 1612 127 175

311 191 470 241 Ignaris
499 189 664 243 homines
695 189 732 225 in
762 185 838 223 vita
868 183 1050 222 mentibus
1080 184 1234 226 errant,-

312 260 538 313 Ezitlzynozis
562 262 732 312 polz‘tzlr,
756 259 930 311 flabrum
961 255 1112 294 mimine
1130 256 1143 280 ¹
1162 284 1172 301 ,
1207 255 1293 292 leto.

313 337 378 376 S1'c
405 337 485 387 fecit
513 332 645 373 eitz'lz'zis
663 332 784 384 finiri
811 331 952 381 ipsique
984 329 1135 380 tibique.

55 420 150 455 116.
186 410 259 452 His
285 417 325 450 et
354 409 494 449 talibus
524 405 747 447 auctoribus
774 402 832 443 usi
863 402 1115 451 confirmant,
1150 413 1328 440 caussam
1357 396 1474 437 rebus
1500 410 1522 436 a
1545 394 1618 435 diis

53 484 337 528 immortalibus
369 481 590 522 iudicatam.
654 477 878 518 Alcidamas
903 477 914 500 ¹
957 474 1169 527 quidem1‚
1203 473 1338 513 rhetor
1368 470 1549 524 antiquus
1579 469 1619 508 in

54 560 188 616 primis
207 558 363 606 nobilis,
392 554 550 609 scripsit
573 553 687 593 etiam
708 548 969 590 laudationem
994 547 1144 595 mortis,
1171 559 1267 599 quae
1288 551 1439 584 constat
1456 557 1508 583 ex
1525 557 1620 583 enu-

54 632 271 674 meratione
293 630 549 670 humanorum
571 625 778 666 malorum.
842 618 917 662 Cui
941 620 1117 660 rationes
1142 632 1229 668 eae,
1264 631 1362 671 quae
1386 615 1620 670 exquisitius

55 721 76 747 a
108 703 345 761 philosophis
377 700 635 754 colliguntur,
681 698 910 745 defuerunt,
957 693 1113 733 ubertas
1152 689 1341 731 orationis
1374 704 1450 729 non
1483 688 1619 728 defuit.

56 777 199 820 Clarae
228 790 326 817 vero
354 781 524 823 mortes,
558 786 628 826 pro
653 770 776 825 patria
802 767 1021 823 oppetitae,
1054 780 1132 806 non
1158 765 1283 805 solum
1307 763 1503 817 gloriosae
1535 760 1624 800 rhe-

1037 839 1238 893 Repetunt
1269 837 1315 876 ab
1343 835 1568 876 Erechtheo
1584 836 1621 883 ²,

57 926 168 967 cuius
191 924 305 964 etiam
331 922 433 962 filiae
455 919 591 974 cupide
607 921 624 944 3
655 924 818 957 mortem
846 915 1125 969 expetiverunt
1148 926 1216 967 pro
1238 911 1319 951 vita
1345 909 1510 959 civium,
1545 905 1626 948 Co-

56 852 229 901 toribus,
264 850 332 890 sed
365 848 481 888 etiam
509 847 645 886 beatae
673 843 795 884 videri
831 842 974 882 solent.

58 1000 192 1048 drum,
241 996 304 1051 qui
336 1009 378 1036 se
410 994 448 1034 in
482 992 631 1033 medios
663 990 822 1031 immisit
853 989 985 1028 hostes
1016 994 1128 1026 veste
1162 983 1365 1033 famulari,
1414 996 1462 1023 ne
1494 987 1628 1036 posset

58 1072 241 1126 agnosci,
276 1070 308 1109 si
341 1074 447 1108 esset
478 1072 619 1106 ornatu
649 1064 784 1118 regio,
821 1062 919 1116 quod
953 1060 1150 1100 oraculum
1185 1065 1269 1098 erat
1299 1058 1453 1106 datum,
1488 1056 1521 1095 si
1552 1068 1628 1094 rex

153 1182 175 1214 2
200 1182 255 1214 Sic
277 1183 331 1212 Or.
356 1193 383 1212 c.
403 1179 490 1212 Gud.
518 1178 546 1210 1.
572 1179 613 1209 II.
634 1177 666 1210 b.
693 1179 775 1217 Aug.
797 1174 873 1207 edd.
898 1174 941 1205 H.
973 1174 1055 1204 Ven.
1089 1171 1224 1213 aliisque
1256 1180 1316 1212 pro
1347 1168 1434 1211 vulg.
1456 1168 1628 1199 Erichlheo.

63 1231 102 1260 V.
130 1231 274 1260 Goerenz.
305 1225 347 1258 ad
367 1225 438 1256 Fin.
467 1225 507 1255 V.
533 1224 562 1266 ξ.
581 1221 635 1253 22.
660 1233 693 1264 p.
714 1218 792 1252 611.
840 1220 862 1252 3
886 1231 916 1250 v.
944 1217 1027 1249 Adn.

64 1305 195 1339 cedenti
218 1306 395 1337 auctoribus
418 1300 614 1345 repetitum,
640 1303 829 1341 suspectum

63 1352 173 1384 habet.

122 1392 318 1436 Alcidamas]
341 1391 394 1423 Sic
406 1398 496 1423 recte
510 1392 564 1422 Or.
579 1401 605 1421 c.
620 1389 708 1421 Cam.
720 1386 830 1420 Leod.

64 1440 209 1473 HWolf.
231 1440 269 1470 D.
294 1444 326 1469 et
348 1436 446 1469 codd.
468 1436 545 1468 trib.
563 1437 643 1466 Oxx.
667 1445 728 1476 pro
742 1432 830 1474 vulg.

68 1487 259 1519 Alcidamas.
307 1484 347 1514 V.
380 1493 475 1525 quem
512 1483 564 1514 Or.
589 1479 702 1512 laudat
737 1479 831 1518 Spal-

66 1533 153 1571 ding.
179 1529 220 1561 ad
244 1527 402 1567 Quinctil.
428 1528 468 1559 Τ.
494 1528 517 1558 Ι.
540 1525 662 1568 ρ.-1»’.”ὀ.
681 1531 714 1555 et
736 1534 832 1566 quem

66 1578 167 1608 Moser
179 1573 273 1606 addit
287 1573 494 1612 Wyttenbach.
507 1571 549 1602 ad
561 1569 726 1602 Plutarch.
740 1570 779 1600 T.
796 1569 832 1600 11.

65 1632 99 1664 p.
122 1619 178 1652 26.
209 1619 262 1650 ed.
295 1618 385 1660 Lips.
442 1616 535 1648 Idem
569 1617 624 1646 Or.
657 1625 720 1658 pro
745 1612 833 1655 vulg.

66 1667 197 1706 quidam
220 1670 309 1695 recte
332 1662 464 1704 scripsit
483 1662 629 1701 quidem,
664 1659 709 1690 uti
736 1659 777 1690 D.
802 1664 835 1688 et

67 1712 123 1743 W.
145 1712 177 1743 2.
211 1709 252 1739 de
276 1710 404 1740 Bentleii
430 1706 616 1738 coniectura
649 1704 833 1740 ediderant,

69 1762 103 1787 et
136 1766 251 1786 revera
284 1753 406 1795 legitur
441 1752 472 1783 in
508 1752 545 1782 R.
578 1753 652 1793 (ap.
687 1747 832 1792 Tregd.)

71 1800 157 1832 Gud.
186 1800 210 1832 l.
249 1800 289 1829 11.
316 1798 347 1829 b.
381 1800 412 1841 (a
437 1809 485 1839 pr.
507 1796 565 1837 m.)
599 1800 678 1838 Aug.
728 1793 835 1825 Etiam

70 1848 211 1878 Klotzias
230 1843 364 1875 nuncin
379 1842 463 1874 Add.
492 1854 522 1884 p.
537 1843 589 1873 ὁδὶ.
610 1840 731 1883 probat
751 1837 836 1870 scri-

71 1897 201 1934 pturam
222 1890 356 1930 quidem.
406 1889 589 1919 Pronomen
612 1887 741 1926 quidam
764 1893 837 1914 cum

71 1947 162 1978 seqq.
183 1947 213 1966 v.
233 1936 335 1966 rhetor
354 1935 501 1972 antiquus
524 1934 564 1962 in
588 1932 741 1970 primis
764 1938 837 1959 τιο-

73 1983 176 2012 bilis
200 1985 343 2021 pugnam
383 1984 499 2009 contra
531 1975 612 2006 nihil
645 1974 752 2016 aptius
787 1977 838 2002 est

73 2023 232 2056 adverbio
257 2024 393 2062 quidem,
418 2020 508 2063 quod
531 2032 549 2051 a
576 2019 736 2050 Cicerone
760 2016 837 2048 addi

73 2070 159 2101 solet
183 2067 367 2099 nominibus
393 2065 553 2109 propriis,
596 2071 630 2095 ut
653 2074 752 2105 saepe
777 2073 838 2093 ex·-

73 2113 188 2157 plicari
212 2112 318 2155 possit
345 2123 405 2154 per
428 2115 482 2150 ιιι,
505 2112 598 2149 velut,
626 2113 658 2140 ut
682 2111 713 2140 in
737 2117 839 2139 exem—

73 2163 161 2201 plum
185 2160 339 2198 afferam,
373 2156 419 2187 ita
441 2155 591 2198 quidem,
627 2160 661 2185 ut
688 2153 752 2184 vim
776 2152 839 2183 ha-

76 2206 152 2236 beat
175 2201 473 2245 argumentativam
505 2199 726 2242 inserviatque
760 2208 838 2228 sen-

76 2248 201 2281 tentiae
236 2246 387 2290 prolatae
433 2244 591 2287 exemplis
626 2241 840 2275 illustrandae

79 2292 375 2326 confirmandaeve.
432 2293 536 2333 Supra
571 2290 633 2328 22,
667 2289 730 2320 51:
778 2287 842 2318 Di—

79 2338 253 2370 caearchus
278 2339 412 2377 quidem.
457 2336 523 2373 35,
547 2335 610 2367 ὅθι
647 2332 841 2365 Aristoteles

78 2385 212 2423 quidem.
246 2380 302 2421 34,
325 2380 378 2412 ei.
416 2381 457 2410 ΙΙ.
478 2378 512 2418 6,
537 2379 586 2411 17.
628 2377 676 2414 14,
698 2376 752 2409 3³..
785 2378 842 2407 ln.

83 2430 134 2464 12,
156 2427 210 2460 27.
248 2425 473 2463 camenam.
497 2423 540 2453 ad
562 2422 604 2452 N.
620 2423 658 2453 D.
682 2423 719 2452 n.
742 2421 773 2459 6,
794 2420 844 2453 16.

81 2485 114 2516 p.
129 2471 191 2505 135
204 2482 252 2514 sq.
302 2469 399 2501 Plane
421 2467 538 2499 eodem
562 2466 661 2497 modo
684 2467 845 2497 Graecum

81 2517 121 2560 γέ
144 2517 178 2548 in
215 2514 372 2557 exemplis
405 2511 581 2545 afferendis
612 2511 758 2553 ponitur.
806 2510 844 2541 V.

82 2565 237 2602 Hartuny.
264 2559 396 2591 Griech.
420 2557 540 2589 Partik.
563 2558 603 2588 T.
621 2557 644 2587 l.
668 2556 788 2597 μὲὖῦῆζ
813 2560 847 2585 et

82 2618 143 2638 nos
165 2606 197 2637 in
221 2606 278 2637 Gr.
306 2605 363 2635 Gr.
387 2605 427 2635 T.
447 2604 485 2634 11.
510 2598 629 2644 §.TO-1³.
655 2601 677 2630 l.
702 2598 821 2641 potr).

152 2654 183 2683 in
206 2650 330 2692 primis]
358 2648 489 2679 Sallust.
511 2648 580 2677 Cat.
603 2644 658 2682 40,
680 2644 719 2677 6:
749 2644 845 2674 Man-

84 2696 145 2728 lius
170 2702 204 2727 et
229 2694 426 2726 Faesulanus
452 2695 484 2724 in
508 2694 617 2732 primis
644 2690 677 2733 ki.
704 2701 732 2720 e.
761 2688 849 2719 inter

85 2740 305 2777 fortissimos,
341 2739 429 2770 inter
460 2737 584 2780 primos
619 2732 846 2777 pugnantium)

83 2789 259 2826 pu9nantes
283 2784 424 2816 cadunt:
466 2782 518 2813 ubi
543 2793 572 2812 v.
598 2783 696 2812 Kritz.
725 2791 755 2821 p.
771 2777 848 2809 322.

87 2829 133 2861 Id.
154 2831 219 2871 lug.
242 2828 274 2868 6,
293 2833 328 2861 1:
356 2829 484 2859 leonem
510 2826 633 2869 primus
657 2831 712 2855 aut
735 2826 766 2855 in
784 2824 850 2862 pri-

84 2877 144 2905 mis
164 2873 272 2906 ferire.
293 2873 346 2909 26,
363 2874 403 2906 ὃς
432 2871 585 2914 lngurtlm
604 2873 635 2902 in
654 2871 766 2909 primis
781 2867 851 2898 Ad-

85 2918 254 2950 herbalem
275 2918 494 2949 excruciatum
514 2922 621 2948 necat.
649 2912 851 2946 Adverbium

86 2965 243 3000 imprimis
266 2962 470 2994 scribendum
497 2969 558 2993 est.

934 1296 1147 1327 laudationem
1169 1293 1291 1335 mortis]
1334 1293 1383 1323 De
1407 1290 1631 1334 sophistarum

864 1339 1009 1377 ἐπαίνοις
1041 1351 1071 1370 v.
1098 1349 1194 1381 quem
1221 1340 1353 1370 Orellius
1377 1336 1490 1368 laudat
1515 1335 1631 1367 Plato—

866 1397 942 1417 nem
966 1385 999 1415 in
1025 1387 1178 1426 SympOS.
1204 1394 1236 1425 p.
1260 1382 1332 1414 177.
1359 1382 1391 1412 b.

933 1443 1097 1482 defuerunt
1121 1457 1164 1462 ——
1188 1448 1250 1470 non
1274 1437 1387 1480 defuit]
1425 1438 1465 1468 V.
1496 1436 1538 1468 ad
1574 1437 1630 1467 ΙΙΙ.

867 1488 898 1526 5,
926 1487 984 1518 11:
1013 1485 1130 1517 cudere
1154 1483 1283 1526 possit,
1309 1494 1375 1514 nou
1402 1481 1517 1525 possit.

938 1544 1049 1574 Clarae
1076 1560 1110 1564 -
1141 1539 1266 1582 mortes]
1306 1540 1353 1570 De
1383 1538 1502 1581 plurali
1531 1549 1562 1570 v.
1591 1536 1634 1568 ad

868 1588 923 1621 IV.
949 1590 980 1625 ¹2,
1006 1587 1048 1619 ὃς
1085 1593 1212 1617 mentes
1238 1596 1321 1616 suas.

937 1645 1063 1684 cupide)
1100 1642 1189 1673 Male
1223 1642 1281 1673 Tr.
1305 1653 1331 1672 c.
1363 1641 1402 1671 R.
1428 1646 1461 1671 et
1490 1638 1577 1670 Gud.
1604 1637 1633 1669 1.

869 1691 1023 1730 cupidae:
1049 1687 1137 1730 quod
1158 1687 1190 1718 in
1211 1685 1343 1728 poetica
1360 1685 1491 1728 quidem
1510 1683 1636 1715 oratio-

870 1746 910 1765 ne
934 1746 995 1777 pro
1021 1733 1179 1765 adverbio
1202 1731 1244 1763 ad
1270 1731 1496 1773 praedicatum
1518 1728 1637 1761 referri

873 1785 1001 1822 potest,
1028 1785 1064 1810 ut
1088 1779 1127 1809 ΙΙ.
1158 1778 1207 1815 10,
1231 1780 1293 1808 “.)-1»;
1329 1777 1427 1807 avida
1451 1787 1486 1806 se
1510 1775 1552 1805 ad
1573 1786 1636 1816 pa-

870 1831 939 1855 stus
961 1824 1084 1855 refert:
1111 1835 1140 1854 v.
1164 1833 1224 1853 nos
1247 1821 1280 1851 in
1303 1822 1359 1851 Gr.
1383 1821 1420 1851 L.
1447 1822 1474 1862 ξ.
1492 1820 1563 1855 109,
1580 1820 1635 1855 5.;

871 1869 930 1901 sed
964 1869 996 1900 in
1032 1866 1178 1910 pedestri
1222 1866 1374 1897 oratione
1414 1864 1637 1906 antiquiorum

873 1920 961 1945 certe
987 1912 1187 1954 scriptorum
1217 1921 1347 1951 semper
1371 1909 1491 1940 dicitur
1516 1910 1639 1948 cupide,

872 1959 985 1997 avide,
1019 1958 1163 1988 studiose.
1212 1956 1251 1988 V.
1279 1956 1466 1994 Wesenberg.
1503 1955 1570 1984 Em.
1597 1953 1637 1984 11.

874 2016 904 2046 p.
918 2001 972 2036 36.
1020 2003 1070 2033 De
1093 2011 1107 2032 e
1133 2007 1166 2032 et
1190 2011 1226 2031 ae
1252 2000 1283 2030 in
1309 1999 1405 2030 codd.
1429 2010 1528 2040 saepe
1554 2009 1639 2029 con—

873 2048 953 2080 fusis
976 2059 1006 2079 v.
1026 2045 1168 2078 eundem
1190 2045 1211 2077 l.
1225 2045 1256 2077 d.
1280 2051 1313 2075 et
1326 2045 1513 2084 Treydernm
1530 2042 1638 2074 Praef.

941 2141 1067 2169 mortem
1102 2136 1327 2176 expetiverunt]

875 2190 987 2215 narrat
1012 2181 1208 2224 Apollodor.
1250 2181 1306 2211 Ill.
1346 2176 1406 2215 14,
1431 2182 1472 2209 4:
1523 2177 1575 2207 ubi
1608 2188 1639 2207 v.

875 2231 973 2267 Heyn.
1022 2227 1072 2258 Cf.
1104 2226 1145 2257 N.
1169 2227 1206 2256 D.
1232 2227 1287 2256 111.
1317 2225 1374 2261 19,
1401 2224 1454 2254 50.
1506 2222 1574 2252 Fin.
1600 2222 1640 2251 V.

876 2276 939 2310 22,
965 2273 1029 2305 62:
1066 2271 1121 2303 ubi
1146 2283 1176 2302 v.
1200 2273 1358 2307 OHonem,
1397 2279 1444 2298 or.
1471 2277 1531 2308 pro
1558 2268 1642 2296 Sest.

877 2320 931 2355 21,
950 2323 1011 2349 -ffiz
1039 2317 1092 2348 ubi
1114 2317 1300 2347 Matthiaeus
1318 2319 1486 2353 comparat
1503 2312 1642 2352 Lycurg.

879 2375 906 2394 c.
932 2364 1050 2394 Leocr.
1081 2373 1112 2404 p.
1141 2361 1220 2398 160,
1245 2360 1274 2391 9.
1312 2357 1364 2388 ed.
1391 2357 1432 2387 H.
1458 2358 1505 2386 St.
1531 2355 1641 2398 Eurip.

880 2410 950 2439 lon.
976 2409 1053 2438 ¹200.

950 2462 1101 2501 Codrum]
1146 2458 1222 2490 Scil.
1248 2457 1402 2496 laudant,
1439 2467 1643 2489 commemo-

881 2514 973 2544 rant,
1011 2505 1100 2548 quod
1135 2504 1232 2534 facile
1257 2515 1295 2534 ex
1324 2502 1533 2534 antecedenti
1558 2511 1645 2541 repe—

881 2556 947 2584 tunt
969 2550 1041 2581 elici
1063 2555 1186 2591 potest,
1207 2555 1242 2579 ut
1256 2547 1470 2590 supersedere
1487 2546 1645 2589 possimus

883 2595 1100 2632 coniecturis,
1127 2593 1242 2636 quibus
1271 2594 1342 2624 VV.
1372 2594 1442 2624 DD.
1469 2592 1545 2623 huic
1570 2592 1644 2623 lo'co

882 2651 1070 2671 succurrere
1090 2638 1297 2670 studuerunt.
1334 2639 1383 2669 De
1406 2637 1576 2669 locutione
1598 2647 1646 2668 re-

880 2689 980 2726 petere
1000 2686 1039 2715 ab
1063 2686 1168 2724 aliquo
1191 2689 1247 2716 aut
1271 2685 1379 2723 aliqua
1402 2693 1435 2714 re
1454 2686 1646 2724 Anonymus

884 2729 972 2772 apud
997 2729 1161 2760 Olivetum
1197 2735 1367 2771 comparat
1392 2727 1434 2759 de
1459 2730 1513 2758 Or.
1544 2729 1564 2757 Ι.
1591 2726 1646 2763 20,

884 2776 922 2808 91
941 2786 947 2805 τ
981 2785 1079 2817 quum
1101 2780 1264 2817 repeteret
1287 2784 1386 2816 usque
1408 2785 1425 2804 a
1450 2772 1583 2803 Corace.
1607 2769 1647 2799 de

890 2822 955 2852 lnv.
982 2821 1020 2851 11.
1045 2819 1087 2856 2,
1111 2820 1150 2852 ti:
1191 2826 1318 2849 veteres
1343 2817 1474 2860 quidem
1501 2815 1648 2856 scripto—

888 2877 938 2897 res
964 2864 1040 2895 arti<
1062 2876 1162 2907 nsque
1183 2876 1202 2895 a
1226 2863 1374 2906 principe
1397 2862 1455 2893 illo
1478 2868 1576 2902 atque
1592 2858 1648 2889 in—

888 2916 1023 2942 ventore
1046 2910 1136 2942 Tisia
1169 2908 1341 2952 repetitos,
1391 2907 1576 2938 Goerenzius
1607 2902 1648 2934 ad

888 2954 987 2987 Acad.
1009 2956 1049 2987 Il.
1070 2956 1102 2995 5,
1130 2954 1186 2987 13:
1226 2954 1390 2996 Repetunt
1409 2962 1426 2982 a
1449 2951 1481 2982 P.
1503 2948 1647 2986 Valerio,

1378 2134 1458 2164 Rem
1501 2131 1641 2163 eandem
