<?xml version="1.0" encoding="UTF-8"?>
<!DOCTYPE html PUBLIC "-//W3C//DTD XHTML 1.0 Transitional//EN"
    "http://www.w3.org/TR/xhtml1/DTD/xhtml1-transitional.dtd">
<html xmlns="http://www.w3.org/1999/xhtml" xml:lang="en" lang="en">
 <head>
  <title>
</title>
<meta http-equiv="Content-Type" content="text/html;charset=utf-8" />
  <meta name='ocr-system' content='tesseract 3.04.00' />
  <meta name='ocr-capabilities' content='ocr_page ocr_carea ocr_par ocr_line ocrx_word'/>
</head>
<body>
  <div class='ocr_page' id='page_1' title='image "./tusculanaedisput00ciceuoft_0420.png"; bbox 0 0 1863 3221; ppageno 0'>
   <div class='ocr_carea' id='block_1_1' title="bbox 233 91 1794 380">
    <p class='ocr_par' dir='ltr' id='par_1_1' title="bbox 233 91 1794 380">
     <span class='ocr_line' id='line_1_1' title="bbox 233 91 316 134; baseline 0 0"><span class='ocrx_word' id='word_1_1' title='bbox 233 91 316 134; x_wconf 81' lang='lat'>372</span> 
     </span>
     <span class='ocr_line' id='line_1_2' title="bbox 236 175 1794 234; baseline -0.004 -12"><span class='ocrx_word' id='word_1_2' title='bbox 236 195 287 222; x_wconf 81' lang='lat' dir='ltr'>ex</span> <span class='ocrx_word' id='word_1_3' title='bbox 311 194 386 234; x_wconf 91' lang='lat' dir='ltr'>quo</span> <span class='ocrx_word' id='word_1_4' title='bbox 412 185 590 232; x_wconf 86' lang='lat' dir='ltr'>suscepta</span> <span class='ocrx_word' id='word_1_5' title='bbox 614 177 664 216; x_wconf 85' lang='lat' dir='ltr'>sit</span> <span class='ocrx_word' id='word_1_6' title='bbox 696 175 923 229; x_wconf 80' lang='lat' dir='ltr'>aegritudo,</span> <span class='ocrx_word' id='word_1_7' title='bbox 966 190 1014 216; x_wconf 91' lang='lat' dir='ltr'>an</span> <span class='ocrx_word' id='word_1_8' title='bbox 1042 175 1212 215; x_wconf 91' lang='lat' dir='ltr'>omnium</span> <span class='ocrx_word' id='word_1_9' title='bbox 1247 189 1377 217; x_wconf 89' lang='lat' dir='ltr'>rerum</span> <span class='ocrx_word' id='word_1_10' title='bbox 1408 177 1608 218; x_wconf 80' lang='lat' dir='ltr'>tollenda⁹</span> <span class='ocrx_word' id='word_1_11' title='bbox 1637 178 1794 218; x_wconf 90' lang='lat' dir='ltr'>omnino</span> 
     </span>
     <span class='ocr_line' id='line_1_3' title="bbox 235 249 1794 307; baseline -0.001 -14"><span class='ocrx_word' id='word_1_12' title='bbox 235 253 459 307; x_wconf 73' lang='lat' dir='ltr'>aegritudo,</span> <span class='ocrx_word' id='word_1_13' title='bbox 505 257 546 290; x_wconf 92' lang='lat' dir='ltr'>ut</span> <span class='ocrx_word' id='word_1_14' title='bbox 573 250 605 289; x_wconf 89' lang='lat' dir='ltr'>si</span> <span class='ocrx_word' id='word_1_15' title='bbox 629 249 714 302; x_wconf 90' lang='lat' dir='ltr'>quis</span> <span class='ocrx_word' id='word_1_16' title='bbox 739 261 857 303; x_wconf 80' lang='lat' dir='ltr'>aegre</span> <span class='ocrx_word' id='word_1_17' title='bbox 880 249 1001 299; x_wconf 85' lang='lat' dir='ltr'>ferat,</span> <span class='ocrx_word' id='word_1_18' title='bbox 1043 262 1087 288; x_wconf 89' lang='lat' dir='ltr'>se</span> <span class='ocrx_word' id='word_1_19' title='bbox 1109 261 1316 303; x_wconf 84' lang='lat' dir='ltr'>pauperem</span> <span class='ocrx_word' id='word_1_20' title='bbox 1340 263 1452 302; x_wconf 86' lang='lat' dir='ltr'>esse,</span> <span class='ocrx_word' id='word_1_21' title='bbox 1494 250 1583 291; x_wconf 91' lang='lat' dir='ltr'>idne</span> <span class='ocrx_word' id='word_1_22' title='bbox 1605 250 1794 305; x_wconf 76' lang='lat' dir='ltr'>disputes,</span> 
     </span>
     <span class='ocr_line' id='line_1_4' title="bbox 238 321 1792 380; baseline -0.003 -14"><span class='ocrx_word' id='word_1_23' title='bbox 238 331 498 380; x_wconf 77' lang='lat' dir='ltr'><strong>paupertatem</strong></span> <span class='ocrx_word' id='word_1_24' title='bbox 525 322 664 362; x_wconf 88' lang='lat' dir='ltr'>malum</span> <span class='ocrx_word' id='word_1_25' title='bbox 686 335 762 361; x_wconf 91' lang='lat' dir='ltr'>non</span> <span class='ocrx_word' id='word_1_26' title='bbox 792 335 897 371; x_wconf 89' lang='lat' dir='ltr'>esse,</span> <span class='ocrx_word' id='word_1_27' title='bbox 923 335 971 361; x_wconf 86' lang='lat' dir='ltr'>an</span> <span class='ocrx_word' id='word_1_28' title='bbox 999 321 1193 361; x_wconf 89' lang='lat' dir='ltr'>hominem</span> <span class='ocrx_word' id='word_1_29' title='bbox 1211 334 1328 375; x_wconf 81' lang='lat' dir='ltr'>aegre</span> <span class='ocrx_word' id='word_1_30' title='bbox 1354 323 1458 363; x_wconf 81' lang='lat' dir='ltr'>ferre</span> <span class='ocrx_word' id='word_1_31' title='bbox 1482 324 1574 364; x_wconf 89' lang='lat' dir='ltr'>nibil</span> <span class='ocrx_word' id='word_1_32' title='bbox 1596 330 1792 378; x_wconf 81' lang='lat' dir='ltr'><strong>oportere.</strong></span> 
     </span>
    </p>
   </div>
   <div class='ocr_carea' id='block_1_2' title="bbox 803 95 1223 137">
    <p class='ocr_par' dir='ltr' id='par_1_2' title="bbox 803 95 1223 137">
     <span class='ocr_line' id='line_1_5' title="bbox 803 95 1223 137; baseline 0.002 -8"><span class='ocrx_word' id='word_1_33' title='bbox 803 97 970 129; x_wconf 83' lang='lat' dir='ltr'>LlBER</span> <span class='ocrx_word' id='word_1_34' title='bbox 996 97 1052 129; x_wconf 88' lang='lat' dir='ltr'>IV.</span> <span class='ocrx_word' id='word_1_35' title='bbox 1078 95 1141 137; x_wconf 83' lang='lat'>28,</span> <span class='ocrx_word' id='word_1_36' title='bbox 1167 96 1223 130; x_wconf 87' lang='lat'>60.</span> 
     </span>
    </p>
   </div>
   <div class='ocr_carea' id='block_1_3' title="bbox 236 394 1798 596">
    <p class='ocr_par' dir='ltr' id='par_1_3' title="bbox 236 394 1798 596">
     <span class='ocr_line' id='line_1_6' title="bbox 236 394 1798 451; baseline -0.003 -13"><span class='ocrx_word' id='word_1_37' title='bbox 236 397 431 438; x_wconf 82' lang='lat' dir='ltr'>Nimirum</span> <span class='ocrx_word' id='word_1_38' title='bbox 461 396 532 435; x_wconf 86' lang='lat' dir='ltr'>hoe</span> <span class='ocrx_word' id='word_1_39' title='bbox 552 394 714 445; x_wconf 90' lang='lat' dir='ltr'>melius,</span> <span class='ocrx_word' id='word_1_40' title='bbox 748 408 821 445; x_wconf 91' lang='lat' dir='ltr'>ne,</span> <span class='ocrx_word' id='word_1_41' title='bbox 856 394 889 434; x_wconf 91' lang='lat' dir='ltr'>si</span> <span class='ocrx_word' id='word_1_42' title='bbox 911 395 1010 434; x_wconf 85' lang='lat' dir='ltr'>sorte</span> <span class='ocrx_word' id='word_1_43' title='bbox 1034 395 1080 434; x_wconf 92' lang='lat' dir='ltr'>de</span> <span class='ocrx_word' id='word_1_44' title='bbox 1098 401 1326 449; x_wconf 86' lang='lat' dir='ltr'>paupertate</span> <span class='ocrx_word' id='word_1_45' title='bbox 1350 409 1425 436; x_wconf 90' lang='lat' dir='ltr'>non</span> <span class='ocrx_word' id='word_1_46' title='bbox 1448 395 1713 451; x_wconf 81' lang='lat' dir='ltr'><strong>persuaseris,</strong></span> <span class='ocrx_word' id='word_1_47' title='bbox 1747 395 1798 435; x_wconf 93' lang='lat' dir='ltr'>sit</span> 
     </span>
     <span class='ocr_line' id='line_1_7' title="bbox 238 467 1795 524; baseline -0.001 -14"><span class='ocrx_word' id='word_1_48' title='bbox 238 469 470 524; x_wconf 75' lang='lat' dir='ltr'>aegritudini</span> <span class='ocrx_word' id='word_1_49' title='bbox 487 467 799 518; x_wconf 80' lang='lat' dir='ltr'>coneedendum3</span> <span class='ocrx_word' id='word_1_50' title='bbox 822 467 1064 521; x_wconf 85' lang='lat' dir='ltr'>aegritudine</span> <span class='ocrx_word' id='word_1_51' title='bbox 1079 474 1208 507; x_wconf 87' lang='lat' dir='ltr'>autem</span> <span class='ocrx_word' id='word_1_52' title='bbox 1221 467 1369 508; x_wconf 87' lang='lat' dir='ltr'>sublata</span> <span class='ocrx_word' id='word_1_53' title='bbox 1383 469 1549 523; x_wconf 92' lang='lat' dir='ltr'>propriis</span> <span class='ocrx_word' id='word_1_54' title='bbox 1564 467 1795 518; x_wconf 88' lang='lat' dir='ltr'>rationibus,</span> 
     </span>
     <span class='ocr_line' id='line_1_8' title="bbox 240 540 1796 596; baseline -0.001 -14"><span class='ocrx_word' id='word_1_55' title='bbox 240 543 378 596; x_wconf 85' lang='lat' dir='ltr'>quibus</span> <span class='ocrx_word' id='word_1_56' title='bbox 400 541 482 581; x_wconf 91' lang='lat' dir='ltr'>heri</span> <span class='ocrx_word' id='word_1_57' title='bbox 505 541 560 580; x_wconf 89' lang='lat' dir='ltr'>nsi</span> <span class='ocrx_word' id='word_1_58' title='bbox 584 554 733 590; x_wconf 90' lang='lat' dir='ltr'>sumus,</span> <span class='ocrx_word' id='word_1_59' title='bbox 758 541 919 594; x_wconf 88' lang='lat' dir='ltr'>quodam</span> <span class='ocrx_word' id='word_1_60' title='bbox 941 541 1053 580; x_wconf 92' lang='lat' dir='ltr'>modo</span> <span class='ocrx_word' id='word_1_61' title='bbox 1075 540 1190 580; x_wconf 90' lang='lat' dir='ltr'>etiam</span> <span class='ocrx_word' id='word_1_62' title='bbox 1212 541 1449 595; x_wconf 81' lang='lat' dir='ltr'>paupertatis</span> <span class='ocrx_word' id='word_1_63' title='bbox 1471 541 1612 582; x_wconf 91' lang='lat' dir='ltr'>malum</span> <span class='ocrx_word' id='word_1_64' title='bbox 1636 541 1796 582; x_wconf 89' lang='lat' dir='ltr'>tollitur.</span> 
     </span>
    </p>
   </div>
   <div class='ocr_carea' id='block_1_4' title="bbox 352 612 558 654">
    <p class='ocr_par' dir='ltr' id='par_1_4' title="bbox 352 612 558 654">
     <span class='ocr_line' id='line_1_9' title="bbox 352 612 558 654; baseline -0.005 0"><span class='ocrx_word' id='word_1_65' title='bbox 352 612 558 654; x_wconf 80' lang='lat' dir='ltr'>vattt.</span> 
     </span>
    </p>
   </div>
   <div class='ocr_carea' id='block_1_5' title="bbox 239 686 1800 740">
    <p class='ocr_par' dir='ltr' id='par_1_5' title="bbox 239 686 1800 740">
     <span class='ocr_line' id='line_1_10' title="bbox 239 686 1800 740; baseline -0.001 -13"><span class='ocrx_word' id='word_1_66' title='bbox 239 688 418 728; x_wconf 85' lang='lat' dir='ltr'>abluatur</span> <span class='ocrx_word' id='word_1_67' title='bbox 447 687 511 726; x_wconf 84' lang='lat' dir='ltr'>illa</span> <span class='ocrx_word' id='word_1_68' title='bbox 542 687 719 740; x_wconf 86' lang='lat' dir='ltr'>quidem,</span> <span class='ocrx_word' id='word_1_69' title='bbox 753 700 867 739; x_wconf 91' lang='lat' dir='ltr'>quum</span> <span class='ocrx_word' id='word_1_70' title='bbox 900 687 1067 737; x_wconf 85' lang='lat' dir='ltr'>doceas,</span> <span class='ocrx_word' id='word_1_71' title='bbox 1102 700 1173 726; x_wconf 87' lang='lat' dir='ltr'>nee</span> <span class='ocrx_word' id='word_1_72' title='bbox 1197 686 1339 726; x_wconf 90' lang='lat' dir='ltr'>bonum</span> <span class='ocrx_word' id='word_1_73' title='bbox 1370 687 1460 727; x_wconf 91' lang='lat' dir='ltr'>illud</span> <span class='ocrx_word' id='word_1_74' title='bbox 1489 700 1600 738; x_wconf 90' lang='lat' dir='ltr'>esse,</span> <span class='ocrx_word' id='word_1_75' title='bbox 1642 700 1694 727; x_wconf 83' lang='lat' dir='ltr'>ex</span> <span class='ocrx_word' id='word_1_76' title='bbox 1725 701 1800 740; x_wconf 90' lang='lat' dir='ltr'>quo</span> 
     </span>
    </p>
   </div>
   <div class='ocr_carea' id='block_1_6' title="bbox 620 611 1800 668">
    <p class='ocr_par' dir='ltr' id='par_1_6' title="bbox 620 611 1800 668">
     <span class='ocr_line' id='line_1_11' title="bbox 620 611 1800 668; baseline 0.001 -15"><span class='ocrx_word' id='word_1_77' title='bbox 620 620 690 653; x_wconf 90' lang='grc'>60.</span> <span class='ocrx_word' id='word_1_78' title='bbox 726 611 805 654; x_wconf 91' lang='lat' dir='ltr'>Sed</span> <span class='ocrx_word' id='word_1_79' title='bbox 827 613 952 654; x_wconf 90' lang='lat' dir='ltr'>omnis</span> <span class='ocrx_word' id='word_1_80' title='bbox 975 613 1163 653; x_wconf 90' lang='lat' dir='ltr'>eiusmodi</span> <span class='ocrx_word' id='word_1_81' title='bbox 1187 613 1427 667; x_wconf 78' lang='lat' dir='ltr'>perturbatio</span> <span class='ocrx_word' id='word_1_82' title='bbox 1448 614 1563 654; x_wconf 92' lang='lat' dir='ltr'>animi</span> <span class='ocrx_word' id='word_1_83' title='bbox 1584 614 1800 668; x_wconf 81' lang='lat' dir='ltr'>placatione</span> 
     </span>
    </p>
   </div>
   <div class='ocr_carea' id='block_1_7' title="bbox 238 759 1801 1104">
    <p class='ocr_par' dir='ltr' id='par_1_7' title="bbox 238 759 1801 1104">
     <span class='ocr_line' id='line_1_12' title="bbox 238 759 1800 813; baseline -0.002 -12"><span class='ocrx_word' id='word_1_84' title='bbox 238 760 382 801; x_wconf 85' lang='lat' dir='ltr'>laetitia</span> <span class='ocrx_word' id='word_1_85' title='bbox 409 767 473 800; x_wconf 91' lang='lat' dir='ltr'>aut</span> <span class='ocrx_word' id='word_1_86' title='bbox 493 760 609 799; x_wconf 89' lang='lat' dir='ltr'>libido</span> <span class='ocrx_word' id='word_1_87' title='bbox 636 759 805 810; x_wconf 90' lang='lat' dir='ltr'>oriatur,</span> <span class='ocrx_word' id='word_1_88' title='bbox 840 773 911 799; x_wconf 85' lang='lat' dir='ltr'>nee</span> <span class='ocrx_word' id='word_1_89' title='bbox 927 762 942 785; x_wconf 83' lang='lat'>¹</span> <span class='ocrx_word' id='word_1_90' title='bbox 971 759 1111 799; x_wconf 89' lang='lat' dir='ltr'>malum</span> <span class='ocrx_word' id='word_1_91' title='bbox 1129 791 1140 810; x_wconf 93' lang='lat'>,</span> <span class='ocrx_word' id='word_1_92' title='bbox 1174 773 1227 799; x_wconf 79' lang='lat' dir='ltr'>ex</span> <span class='ocrx_word' id='word_1_93' title='bbox 1249 774 1324 813; x_wconf 91' lang='lat' dir='ltr'>quo</span> <span class='ocrx_word' id='word_1_94' title='bbox 1348 766 1414 800; x_wconf 91' lang='lat' dir='ltr'>aut</span> <span class='ocrx_word' id='word_1_95' title='bbox 1436 767 1560 800; x_wconf 88' lang='lat' dir='ltr'>metus</span> <span class='ocrx_word' id='word_1_96' title='bbox 1584 766 1650 800; x_wconf 85' lang='lat' dir='ltr'>aut</span> <span class='ocrx_word' id='word_1_97' title='bbox 1672 759 1800 813; x_wconf 82' lang='lat' dir='ltr'>aegri-</span> 
     </span>
     <span class='ocr_line' id='line_1_13' title="bbox 240 831 1796 886; baseline -0.001 -13"><span class='ocrx_word' id='word_1_98' title='bbox 240 834 346 874; x_wconf 88' lang='lat' dir='ltr'>tudo.</span> <span class='ocrx_word' id='word_1_99' title='bbox 410 831 677 873; x_wconf 85' lang='lat' dir='ltr'>Veruntamen</span> <span class='ocrx_word' id='word_1_100' title='bbox 699 832 793 872; x_wconf 85' lang='lat' dir='ltr'>haee</span> <span class='ocrx_word' id='word_1_101' title='bbox 813 839 872 872; x_wconf 91' lang='lat' dir='ltr'>est</span> <span class='ocrx_word' id='word_1_102' title='bbox 891 839 997 872; x_wconf 83' lang='lat' dir='ltr'>certa</span> <span class='ocrx_word' id='word_1_103' title='bbox 1020 839 1058 872; x_wconf 90' lang='lat' dir='ltr'>et</span> <span class='ocrx_word' id='word_1_104' title='bbox 1076 832 1229 886; x_wconf 84' lang='lat' dir='ltr'>propria</span> <span class='ocrx_word' id='word_1_105' title='bbox 1249 832 1417 883; x_wconf 86' lang='lat' dir='ltr'>sanatio,</span> <span class='ocrx_word' id='word_1_106' title='bbox 1446 833 1477 872; x_wconf 93' lang='lat' dir='ltr'>si</span> <span class='ocrx_word' id='word_1_107' title='bbox 1501 833 1657 884; x_wconf 84' lang='lat' dir='ltr'>doceas,</span> <span class='ocrx_word' id='word_1_108' title='bbox 1691 832 1796 886; x_wconf 90' lang='lat' dir='ltr'>ipsas</span> 
     </span>
     <span class='ocr_line' id='line_1_14' title="bbox 239 904 1800 960; baseline -0.001 -14"><span class='ocrx_word' id='word_1_109' title='bbox 239 905 553 960; x_wconf 84' lang='lat' dir='ltr'>perturbationes</span> <span class='ocrx_word' id='word_1_110' title='bbox 582 918 651 959; x_wconf 93' lang='lat' dir='ltr'>per</span> <span class='ocrx_word' id='word_1_111' title='bbox 667 918 709 945; x_wconf 92' lang='lat' dir='ltr'>se</span> <span class='ocrx_word' id='word_1_112' title='bbox 734 918 823 945; x_wconf 91' lang='lat' dir='ltr'>esse</span> <span class='ocrx_word' id='word_1_113' title='bbox 850 904 1009 945; x_wconf 83' lang='lat' dir='ltr'>vitiosas</span> <span class='ocrx_word' id='word_1_114' title='bbox 1038 918 1110 944; x_wconf 85' lang='lat' dir='ltr'>nee</span> <span class='ocrx_word' id='word_1_115' title='bbox 1132 904 1275 945; x_wconf 85' lang='lat' dir='ltr'>habere</span> <span class='ocrx_word' id='word_1_116' title='bbox 1305 905 1507 959; x_wconf 83' lang='lat' dir='ltr'>quicquam</span> <span class='ocrx_word' id='word_1_117' title='bbox 1534 912 1600 946; x_wconf 87' lang='lat' dir='ltr'>aut</span> <span class='ocrx_word' id='word_1_118' title='bbox 1623 905 1800 945; x_wconf 90' lang='lat' dir='ltr'>naturale</span> 
     </span>
     <span class='ocr_line' id='line_1_15' title="bbox 241 977 1801 1031; baseline -0.001 -13"><span class='ocrx_word' id='word_1_119' title='bbox 241 986 309 1018; x_wconf 88' lang='lat' dir='ltr'>aut</span> <span class='ocrx_word' id='word_1_120' title='bbox 329 978 619 1029; x_wconf 83' lang='lat' dir='ltr'>necessarium3</span> <span class='ocrx_word' id='word_1_121' title='bbox 654 984 696 1017; x_wconf 91' lang='lat' dir='ltr'>ut</span> <span class='ocrx_word' id='word_1_122' title='bbox 715 977 838 1030; x_wconf 87' lang='lat' dir='ltr'>ipsam</span> <span class='ocrx_word' id='word_1_123' title='bbox 861 977 1144 1030; x_wconf 81' lang='lat' dir='ltr'>aegritudinem</span> <span class='ocrx_word' id='word_1_124' title='bbox 1166 977 1278 1017; x_wconf 91' lang='lat' dir='ltr'>leniri</span> <span class='ocrx_word' id='word_1_125' title='bbox 1300 978 1493 1027; x_wconf 89' lang='lat' dir='ltr'>videmus,</span> <span class='ocrx_word' id='word_1_126' title='bbox 1527 992 1641 1031; x_wconf 88' lang='lat' dir='ltr'>quum</span> <span class='ocrx_word' id='word_1_127' title='bbox 1665 977 1801 1017; x_wconf 87' lang='lat' dir='ltr'>obiici-</span> 
     </span>
     <span class='ocr_line' id='line_1_16' title="bbox 241 1048 1801 1104; baseline 0 -14"><span class='ocrx_word' id='word_1_128' title='bbox 241 1064 325 1090; x_wconf 89' lang='lat' dir='ltr'>mus</span> <span class='ocrx_word' id='word_1_129' title='bbox 347 1050 609 1090; x_wconf 85' lang='lat' dir='ltr'>maerentibus</span> <span class='ocrx_word' id='word_1_130' title='bbox 632 1049 935 1089; x_wconf 86' lang='lat' dir='ltr'>imbecillitatem</span> <span class='ocrx_word' id='word_1_131' title='bbox 968 1048 1085 1089; x_wconf 86' lang='lat' dir='ltr'>animi</span> <span class='ocrx_word' id='word_1_132' title='bbox 1117 1049 1338 1089; x_wconf 79' lang='lat' dir='ltr'>ecfeminati</span> <span class='ocrx_word' id='word_1_133' title='bbox 1356 1050 1401 1101; x_wconf 74' lang='lat'>²,</span> <span class='ocrx_word' id='word_1_134' title='bbox 1447 1063 1640 1104; x_wconf 88' lang='lat' dir='ltr'>quumque</span> <span class='ocrx_word' id='word_1_135' title='bbox 1668 1063 1801 1090; x_wconf 92' lang='lat' dir='ltr'>eorum</span> 
     </span>
    </p>
   </div>
   <div class='ocr_carea' id='block_1_8' title="bbox 241 1122 1802 1178">
    <p class='ocr_par' dir='ltr' id='par_1_8' title="bbox 241 1122 1802 1178">
     <span class='ocr_line' id='line_1_17' title="bbox 241 1122 1802 1178; baseline 0 -15"><span class='ocrx_word' id='word_1_136' title='bbox 241 1123 473 1178; x_wconf 85' lang='lat' dir='ltr'>gravitatem</span> <span class='ocrx_word' id='word_1_137' title='bbox 499 1122 833 1176; x_wconf 85' lang='lat' dir='ltr'>constantiamque</span> <span class='ocrx_word' id='word_1_138' title='bbox 856 1122 1081 1173; x_wconf 74' lang='lat' dir='ltr'>laudamus,</span> <span class='ocrx_word' id='word_1_139' title='bbox 1116 1122 1180 1177; x_wconf 87' lang='lat' dir='ltr'>qui</span> <span class='ocrx_word' id='word_1_140' title='bbox 1204 1136 1282 1162; x_wconf 94' lang='lat' dir='ltr'>non</span> <span class='ocrx_word' id='word_1_141' title='bbox 1306 1123 1526 1163; x_wconf 89' lang='lat' dir='ltr'>turbulente</span> <span class='ocrx_word' id='word_1_142' title='bbox 1548 1123 1712 1163; x_wconf 89' lang='lat' dir='ltr'>humana</span> <span class='ocrx_word' id='word_1_143' title='bbox 1739 1137 1802 1177; x_wconf 91' lang='lat' dir='ltr'>pa-</span> 
     </span>
    </p>
   </div>
   <div class='ocr_carea' id='block_1_9' title="bbox 243 1252 1804 1473">
    <p class='ocr_par' dir='ltr' id='par_1_9' title="bbox 243 1252 1804 1473">
     <span class='ocr_line' id='line_1_18' title="bbox 332 1252 1801 1296; baseline 0 -12"><span class='ocrx_word' id='word_1_144' title='bbox 332 1252 354 1284; x_wconf 82' lang='grc'>9</span> <span class='ocrx_word' id='word_1_145' title='bbox 379 1253 433 1285; x_wconf 88' lang='lat' dir='ltr'>Sic</span> <span class='ocrx_word' id='word_1_146' title='bbox 454 1260 521 1284; x_wconf 90' lang='lat' dir='ltr'>tres</span> <span class='ocrx_word' id='word_1_147' title='bbox 539 1252 620 1285; x_wconf 88' lang='lat' dir='ltr'>Pall.</span> <span class='ocrx_word' id='word_1_148' title='bbox 646 1254 792 1286; x_wconf 82' lang='lat' dir='ltr'>Petrens.</span> <span class='ocrx_word' id='word_1_149' title='bbox 816 1253 909 1285; x_wconf 81' lang='lat' dir='ltr'>Mon.</span> <span class='ocrx_word' id='word_1_150' title='bbox 934 1252 961 1284; x_wconf 89' lang='lat' dir='ltr'>l.</span> <span class='ocrx_word' id='word_1_151' title='bbox 989 1252 1055 1295; x_wconf 88' lang='lat' dir='ltr'>(hic</span> <span class='ocrx_word' id='word_1_152' title='bbox 1079 1255 1202 1285; x_wconf 84' lang='lat' dir='ltr'>omnino</span> <span class='ocrx_word' id='word_1_153' title='bbox 1225 1254 1397 1295; x_wconf 77' lang='lat' dir='ltr'>tollenda);</span> <span class='ocrx_word' id='word_1_154' title='bbox 1431 1252 1546 1296; x_wconf 84' lang='lat' dir='ltr'>reliqui</span> <span class='ocrx_word' id='word_1_155' title='bbox 1580 1252 1651 1284; x_wconf 86' lang='lat' dir='ltr'>fere</span> <span class='ocrx_word' id='word_1_156' title='bbox 1677 1263 1801 1291; x_wconf 80' lang='lat' dir='ltr'>omneS,</span> 
     </span>
     <span class='ocr_line' id='line_1_19' title="bbox 243 1297 1802 1341; baseline -0.001 -11"><span class='ocrx_word' id='word_1_157' title='bbox 243 1298 341 1330; x_wconf 85' lang='lat' dir='ltr'>etiam</span> <span class='ocrx_word' id='word_1_158' title='bbox 366 1299 403 1329; x_wconf 84' lang='lat' dir='ltr'>R.</span> <span class='ocrx_word' id='word_1_159' title='bbox 431 1299 465 1329; x_wconf 90' lang='lat' dir='ltr'>P.</span> <span class='ocrx_word' id='word_1_160' title='bbox 488 1297 571 1328; x_wconf 88' lang='lat' dir='ltr'>Gud.</span> <span class='ocrx_word' id='word_1_161' title='bbox 599 1298 627 1329; x_wconf 88' lang='lat'>1.</span> <span class='ocrx_word' id='word_1_162' title='bbox 653 1299 691 1329; x_wconf 91' lang='grc' dir='ltr'>ΙΙ.</span> <span class='ocrx_word' id='word_1_163' title='bbox 721 1297 846 1341; x_wconf 84' lang='lat' dir='ltr'>Gryph.</span> <span class='ocrx_word' id='word_1_164' title='bbox 874 1299 947 1329; x_wconf 83' lang='lat' dir='ltr'>Vat.</span> <span class='ocrx_word' id='word_1_165' title='bbox 975 1300 1156 1330; x_wconf 76' lang='lat' dir='ltr'>toleranda.-</span> <span class='ocrx_word' id='word_1_166' title='bbox 1192 1298 1275 1329; x_wconf 75' lang='lat' dir='ltr'>lianc</span> <span class='ocrx_word' id='word_1_167' title='bbox 1297 1298 1493 1340; x_wconf 82' lang='lat' dir='ltr'>scripturam</span> <span class='ocrx_word' id='word_1_168' title='bbox 1518 1298 1574 1329; x_wconf 88' lang='lat' dir='ltr'>Kl.</span> <span class='ocrx_word' id='word_1_169' title='bbox 1599 1298 1726 1329; x_wconf 53' lang='lat' dir='ltr'>frustra&gt;</span> <span class='ocrx_word' id='word_1_170' title='bbox 1743 1309 1802 1329; x_wconf 88' lang='lat' dir='ltr'>co-</span> 
     </span>
     <span class='ocr_line' id='line_1_20' title="bbox 243 1340 1802 1385; baseline -0.001 -11"><span class='ocrx_word' id='word_1_171' title='bbox 243 1350 338 1374; x_wconf 89' lang='lat' dir='ltr'>natus</span> <span class='ocrx_word' id='word_1_172' title='bbox 361 1342 445 1374; x_wconf 90' lang='lat' dir='ltr'>tueri</span> <span class='ocrx_word' id='word_1_173' title='bbox 468 1354 554 1374; x_wconf 88' lang='lat' dir='ltr'>nunc</span> <span class='ocrx_word' id='word_1_174' title='bbox 574 1342 607 1373; x_wconf 90' lang='lat' dir='ltr'>in</span> <span class='ocrx_word' id='word_1_175' title='bbox 632 1342 716 1374; x_wconf 90' lang='lat' dir='ltr'>Add.</span> <span class='ocrx_word' id='word_1_176' title='bbox 742 1355 774 1385; x_wconf 88' lang='lat' dir='ltr'>p.</span> <span class='ocrx_word' id='word_1_177' title='bbox 796 1340 867 1374; x_wconf 82' lang='lat'>175.</span> <span class='ocrx_word' id='word_1_178' title='bbox 893 1343 989 1373; x_wconf 87' lang='lat' dir='ltr'>rediit</span> <span class='ocrx_word' id='word_1_179' title='bbox 1013 1342 1055 1373; x_wconf 88' lang='lat' dir='ltr'>ad</span> <span class='ocrx_word' id='word_1_180' title='bbox 1074 1343 1222 1374; x_wconf 85' lang='lat' dir='ltr'>alteram.</span> <span class='ocrx_word' id='word_1_181' title='bbox 1271 1344 1310 1375; x_wconf 88' lang='lat' dir='ltr'>V.</span> <span class='ocrx_word' id='word_1_182' title='bbox 1334 1343 1417 1374; x_wconf 82' lang='lat' dir='ltr'>Adu.</span> <span class='ocrx_word' id='word_1_183' title='bbox 1467 1344 1628 1374; x_wconf 87' lang='lat' dir='ltr'>XXVllI.</span> <span class='ocrx_word' id='word_1_184' title='bbox 1671 1342 1686 1374; x_wconf 95' lang='lat' dir='ltr'>l</span> <span class='ocrx_word' id='word_1_185' title='bbox 1715 1343 1752 1374; x_wconf 80' lang='lat' dir='ltr'>R.</span> <span class='ocrx_word' id='word_1_186' title='bbox 1769 1343 1802 1374; x_wconf 88' lang='lat' dir='ltr'>P.</span> 
     </span>
     <span class='ocr_line' id='line_1_21' title="bbox 246 1386 1804 1429; baseline -0.001 -11"><span class='ocrx_word' id='word_1_187' title='bbox 246 1387 332 1419; x_wconf 89' lang='lat' dir='ltr'>Gud.</span> <span class='ocrx_word' id='word_1_188' title='bbox 361 1387 389 1418; x_wconf 87' lang='lat'>1.</span> <span class='ocrx_word' id='word_1_189' title='bbox 415 1389 452 1418; x_wconf 84' lang='grc' dir='ltr'>ΙΙ.</span> <span class='ocrx_word' id='word_1_190' title='bbox 481 1386 601 1429; x_wconf 91' lang='lat' dir='ltr'>aliique</span> <span class='ocrx_word' id='word_1_191' title='bbox 621 1399 681 1429; x_wconf 89' lang='lat' dir='ltr'>per</span> <span class='ocrx_word' id='word_1_192' title='bbox 706 1398 851 1418; x_wconf 88' lang='lat' dir='ltr'>errorem</span> <span class='ocrx_word' id='word_1_193' title='bbox 875 1391 912 1418; x_wconf 76' lang='lat' dir='ltr'>el.</span> <span class='ocrx_word' id='word_1_194' title='bbox 972 1388 992 1417; x_wconf 65' lang='lat'>¹).</span> <span class='ocrx_word' id='word_1_195' title='bbox 1017 1387 1070 1418; x_wconf 88' lang='lat' dir='ltr'>Sic</span> <span class='ocrx_word' id='word_1_196' title='bbox 1094 1387 1147 1418; x_wconf 83' lang='lat' dir='ltr'>ed.</span> <span class='ocrx_word' id='word_1_197' title='bbox 1172 1388 1212 1417; x_wconf 92' lang='lat' dir='ltr'>D.</span> <span class='ocrx_word' id='word_1_198' title='bbox 1238 1394 1270 1418; x_wconf 87' lang='lat' dir='ltr'>et</span> <span class='ocrx_word' id='word_1_199' title='bbox 1297 1387 1369 1419; x_wconf 88' lang='lat' dir='ltr'>cod.</span> <span class='ocrx_word' id='word_1_200' title='bbox 1397 1387 1481 1418; x_wconf 82' lang='lat' dir='ltr'>Gud.</span> <span class='ocrx_word' id='word_1_201' title='bbox 1503 1387 1550 1426; x_wconf 91' lang='lat' dir='ltr'>l.;</span> <span class='ocrx_word' id='word_1_202' title='bbox 1576 1386 1691 1419; x_wconf 88' lang='lat' dir='ltr'>eodem</span> <span class='ocrx_word' id='word_1_203' title='bbox 1713 1387 1804 1418; x_wconf 83' lang='lat' dir='ltr'>ducit</span> 
     </span>
     <span class='ocr_line' id='line_1_22' title="bbox 245 1431 1505 1473; baseline -0.001 -9"><span class='ocrx_word' id='word_1_204' title='bbox 245 1434 440 1472; x_wconf 75' lang='lat' dir='ltr'>hecfemz&#39;rzatz&#39;</span> <span class='ocrx_word' id='word_1_205' title='bbox 460 1431 494 1462; x_wconf 89' lang='lat' dir='ltr'>in</span> <span class='ocrx_word' id='word_1_206' title='bbox 520 1431 607 1463; x_wconf 90' lang='lat' dir='ltr'>Gud.</span> <span class='ocrx_word' id='word_1_207' title='bbox 632 1432 692 1469; x_wconf 82' lang='lat'>11.;</span> <span class='ocrx_word' id='word_1_208' title='bbox 718 1433 774 1463; x_wconf 88' lang='lat' dir='ltr'>Or.</span> <span class='ocrx_word' id='word_1_209' title='bbox 800 1443 827 1463; x_wconf 87' lang='lat' dir='ltr'>e.</span> <span class='ocrx_word' id='word_1_210' title='bbox 851 1431 937 1473; x_wconf 85' lang='lat' dir='ltr'>vulg.</span> <span class='ocrx_word' id='word_1_211' title='bbox 962 1433 1140 1471; x_wconf 75' lang='lat' dir='ltr'>effeminati.</span> <span class='ocrx_word' id='word_1_212' title='bbox 1187 1432 1227 1463; x_wconf 93' lang='lat' dir='ltr'>V.</span> <span class='ocrx_word' id='word_1_213' title='bbox 1250 1431 1349 1464; x_wconf 85' lang='lat' dir='ltr'>indic.</span> <span class='ocrx_word' id='word_1_214' title='bbox 1373 1443 1425 1463; x_wconf 84' lang='lat' dir='ltr'>vv.</span> <span class='ocrx_word' id='word_1_215' title='bbox 1451 1434 1505 1471; x_wconf 73' lang='lat' dir='ltr'>ecs.</span> 
     </span>
    </p>
   </div>
   <div class='ocr_carea' id='block_1_10' title="bbox 244 1507 1014 2978">
    <p class='ocr_par' dir='ltr' id='par_1_10' title="bbox 244 1507 1010 1899">
     <span class='ocr_line' id='line_1_23' title="bbox 244 1507 1005 1551; baseline -0.001 -10"><span class='ocrx_word' id='word_1_216' title='bbox 244 1510 292 1548; x_wconf 77' lang='lat' dir='ltr'>ri,</span> <span class='ocrx_word' id='word_1_217' title='bbox 318 1521 358 1541; x_wconf 88' lang='lat' dir='ltr'>an</span> <span class='ocrx_word' id='word_1_218' title='bbox 383 1515 446 1541; x_wconf 86' lang='lat' dir='ltr'>ete.</span> <span class='ocrx_word' id='word_1_219' title='bbox 492 1508 546 1540; x_wconf 86' lang='lat' dir='ltr'>Sic</span> <span class='ocrx_word' id='word_1_220' title='bbox 568 1520 666 1551; x_wconf 88' lang='lat' dir='ltr'>supra</span> <span class='ocrx_word' id='word_1_221' title='bbox 691 1510 746 1541; x_wconf 83' lang='lat' dir='ltr'>IV.</span> <span class='ocrx_word' id='word_1_222' title='bbox 773 1507 803 1548; x_wconf 65' lang='lat'>4,</span> <span class='ocrx_word' id='word_1_223' title='bbox 828 1507 868 1541; x_wconf 86' lang='lat'>9:</span> <span class='ocrx_word' id='word_1_224' title='bbox 899 1511 1005 1540; x_wconf 77' lang='lat' dir='ltr'>Utrum</span> 
     </span>
     <span class='ocr_line' id='line_1_24' title="bbox 244 1553 1003 1597; baseline -0.003 -11"><span class='ocrx_word' id='word_1_225' title='bbox 244 1554 345 1597; x_wconf 82' lang='lat' dir='ltr'>igitur</span> <span class='ocrx_word' id='word_1_226' title='bbox 377 1553 480 1586; x_wconf 82' lang='lat' dir='ltr'>mavis</span> <span class='ocrx_word' id='word_1_227' title='bbox 510 1553 660 1585; x_wconf 81' lang='lat' dir='ltr'>statimne</span> <span class='ocrx_word' id='word_1_228' title='bbox 697 1565 755 1585; x_wconf 90' lang='lat' dir='ltr'>nos</span> <span class='ocrx_word' id='word_1_229' title='bbox 786 1553 858 1585; x_wconf 84' lang='lat' dir='ltr'>vela</span> <span class='ocrx_word' id='word_1_230' title='bbox 883 1553 1003 1592; x_wconf 84' lang='lat' dir='ltr'>facere,</span> 
     </span>
     <span class='ocr_line' id='line_1_25' title="bbox 245 1598 1004 1642; baseline -0.003 -11"><span class='ocrx_word' id='word_1_231' title='bbox 245 1612 287 1631; x_wconf 84' lang='lat' dir='ltr'>an</span> <span class='ocrx_word' id='word_1_232' title='bbox 306 1599 542 1642; x_wconf 83' lang='lat' dir='ltr'>—paullulum</span> <span class='ocrx_word' id='word_1_233' title='bbox 563 1598 747 1641; x_wconf 76' lang='lat' dir='ltr'>remigare?</span> <span class='ocrx_word' id='word_1_234' title='bbox 775 1599 828 1630; x_wconf 93' lang='lat' dir='ltr'>ubi</span> <span class='ocrx_word' id='word_1_235' title='bbox 849 1609 885 1630; x_wconf 80' lang='lat' dir='ltr'>ne</span> <span class='ocrx_word' id='word_1_236' title='bbox 907 1598 1004 1629; x_wconf 86' lang='lat' dir='ltr'>addi-</span> 
     </span>
     <span class='ocr_line' id='line_1_26' title="bbox 245 1643 1006 1681; baseline -0.001 -6"><span class='ocrx_word' id='word_1_237' title='bbox 245 1651 316 1676; x_wconf 89' lang='lat' dir='ltr'>tum</span> <span class='ocrx_word' id='word_1_238' title='bbox 341 1651 407 1681; x_wconf 82' lang='lat' dir='ltr'>est,</span> <span class='ocrx_word' id='word_1_239' title='bbox 442 1650 477 1674; x_wconf 89' lang='lat' dir='ltr'>ut</span> <span class='ocrx_word' id='word_1_240' title='bbox 503 1643 618 1675; x_wconf 90' lang='lat' dir='ltr'>clarius</span> <span class='ocrx_word' id='word_1_241' title='bbox 644 1643 876 1675; x_wconf 88' lang='lat' dir='ltr'>vocabulorum</span> <span class='ocrx_word' id='word_1_242' title='bbox 901 1645 1006 1674; x_wconf 70' lang='lat' dir='ltr'>statim</span> 
     </span>
     <span class='ocr_line' id='line_1_27' title="bbox 247 1688 1007 1730; baseline -0.004 -9"><span class='ocrx_word' id='word_1_243' title='bbox 247 1695 282 1721; x_wconf 84' lang='lat' dir='ltr'>et</span> <span class='ocrx_word' id='word_1_244' title='bbox 303 1691 480 1728; x_wconf 81' lang='lat' dir='ltr'>paullulum</span> <span class='ocrx_word' id='word_1_245' title='bbox 505 1688 671 1730; x_wconf 85' lang='lat' dir='ltr'>oppositio</span> <span class='ocrx_word' id='word_1_246' title='bbox 696 1688 849 1719; x_wconf 80' lang='lat' dir='ltr'>eluceret.</span> <span class='ocrx_word' id='word_1_247' title='bbox 885 1688 923 1718; x_wconf 84' lang='lat' dir='ltr'>V.</span> <span class='ocrx_word' id='word_1_248' title='bbox 943 1690 1007 1719; x_wconf 88' lang='lat' dir='ltr'>Da-</span> 
     </span>
     <span class='ocr_line' id='line_1_28' title="bbox 245 1731 1007 1770; baseline -0.004 -5"><span class='ocrx_word' id='word_1_249' title='bbox 245 1736 359 1766; x_wconf 81' lang='lat' dir='ltr'>visium</span> <span class='ocrx_word' id='word_1_250' title='bbox 384 1733 427 1764; x_wconf 84' lang='lat' dir='ltr'>ad</span> <span class='ocrx_word' id='word_1_251' title='bbox 442 1733 483 1764; x_wconf 87' lang='lat' dir='ltr'>N.</span> <span class='ocrx_word' id='word_1_252' title='bbox 501 1734 537 1764; x_wconf 91' lang='lat' dir='ltr'>D.</span> <span class='ocrx_word' id='word_1_253' title='bbox 569 1734 609 1770; x_wconf 77' lang='grc' dir='ltr'>ΙΙ,</span> <span class='ocrx_word' id='word_1_254' title='bbox 627 1731 680 1765; x_wconf 69' lang='lat'>34.</span> <span class='ocrx_word' id='word_1_255' title='bbox 709 1735 851 1764; x_wconf 84' lang='lat' dir='ltr'>Goerenz.</span> <span class='ocrx_word' id='word_1_256' title='bbox 865 1732 907 1763; x_wconf 90' lang='lat' dir='ltr'>ad</span> <span class='ocrx_word' id='word_1_257' title='bbox 921 1736 1007 1763; x_wconf 82' lang='lat' dir='ltr'>Aca—</span> 
     </span>
     <span class='ocr_line' id='line_1_29' title="bbox 246 1777 1007 1818; baseline 0 -9"><span class='ocrx_word' id='word_1_258' title='bbox 246 1778 334 1809; x_wconf 86' lang='lat' dir='ltr'>dem.</span> <span class='ocrx_word' id='word_1_259' title='bbox 359 1779 400 1809; x_wconf 74' lang='lat'>11.</span> <span class='ocrx_word' id='word_1_260' title='bbox 423 1778 485 1815; x_wconf 72' lang='lat'>22,</span> <span class='ocrx_word' id='word_1_261' title='bbox 511 1777 565 1809; x_wconf 78' lang='lat'>71.</span> <span class='ocrx_word' id='word_1_262' title='bbox 598 1788 630 1818; x_wconf 85' lang='lat' dir='ltr'>p.</span> <span class='ocrx_word' id='word_1_263' title='bbox 661 1777 732 1809; x_wconf 75' lang='lat'>133.</span> <span class='ocrx_word' id='word_1_264' title='bbox 764 1784 798 1808; x_wconf 85' lang='lat' dir='ltr'>et</span> <span class='ocrx_word' id='word_1_265' title='bbox 822 1779 1007 1809; x_wconf 84' lang='lat' dir='ltr'>Ramshorn.</span> 
     </span>
     <span class='ocr_line' id='line_1_30' title="bbox 247 1818 1010 1865; baseline 0 -11"><span class='ocrx_word' id='word_1_266' title='bbox 247 1824 286 1854; x_wconf 93' lang='lat' dir='ltr'>L.</span> <span class='ocrx_word' id='word_1_267' title='bbox 315 1823 372 1855; x_wconf 86' lang='lat' dir='ltr'>Gr.</span> <span class='ocrx_word' id='word_1_268' title='bbox 399 1823 426 1865; x_wconf 62' lang='grc' dir='ltr'>ξ.</span> <span class='ocrx_word' id='word_1_269' title='bbox 453 1818 525 1855; x_wconf 71' lang='lat'>174.</span> <span class='ocrx_word' id='word_1_270' title='bbox 574 1823 711 1854; x_wconf 66' lang='lat' dir='ltr'>Kithner.</span> <span class='ocrx_word' id='word_1_271' title='bbox 737 1823 775 1854; x_wconf 94' lang='lat' dir='ltr'>L.</span> <span class='ocrx_word' id='word_1_272' title='bbox 801 1822 857 1854; x_wconf 88' lang='lat' dir='ltr'>Gr.</span> <span class='ocrx_word' id='word_1_273' title='bbox 886 1823 1010 1864; x_wconf 41' lang='lat'>§.155</span> 
     </span>
     <span class='ocr_line' id='line_1_31' title="bbox 245 1867 374 1899; baseline -0.016 0"><span class='ocrx_word' id='word_1_274' title='bbox 245 1868 326 1899; x_wconf 87' lang='lat' dir='ltr'>Not.</span> <span class='ocrx_word' id='word_1_275' title='bbox 343 1867 374 1899; x_wconf 75' lang='lat'>9.</span> 
     </span>
    </p>

    <p class='ocr_par' dir='ltr' id='par_1_11' title="bbox 249 1911 1014 2707">
     <span class='ocr_line' id='line_1_32' title="bbox 315 1911 1010 1955; baseline -0.001 -12"><span class='ocrx_word' id='word_1_276' title='bbox 315 1912 464 1955; x_wconf 70' lang='lat' dir='ltr'>tollenda]</span> <span class='ocrx_word' id='word_1_277' title='bbox 491 1912 545 1943; x_wconf 89' lang='lat' dir='ltr'>Sic</span> <span class='ocrx_word' id='word_1_278' title='bbox 561 1911 746 1954; x_wconf 82' lang='lat' dir='ltr'>legendum,</span> <span class='ocrx_word' id='word_1_279' title='bbox 770 1911 849 1943; x_wconf 90' lang='lat' dir='ltr'>licet</span> <span class='ocrx_word' id='word_1_280' title='bbox 862 1911 1010 1954; x_wconf 84' lang='lat' dir='ltr'>plerique</span> 
     </span>
     <span class='ocr_line' id='line_1_33' title="bbox 249 1956 1011 1999; baseline -0.001 -11"><span class='ocrx_word' id='word_1_281' title='bbox 249 1963 283 1988; x_wconf 87' lang='lat' dir='ltr'>et</span> <span class='ocrx_word' id='word_1_282' title='bbox 308 1956 423 1999; x_wconf 85' lang='lat' dir='ltr'>optimi</span> <span class='ocrx_word' id='word_1_283' title='bbox 449 1956 546 1988; x_wconf 91' lang='lat' dir='ltr'>codd.</span> <span class='ocrx_word' id='word_1_284' title='bbox 572 1956 789 1998; x_wconf 81' lang='lat' dir='ltr'>refragentur.</span> <span class='ocrx_word' id='word_1_285' title='bbox 839 1956 1011 1987; x_wconf 83' lang='lat' dir='ltr'>Sententia</span> 
     </span>
     <span class='ocr_line' id='line_1_34' title="bbox 249 2001 1011 2043; baseline 0 -11"><span class='ocrx_word' id='word_1_286' title='bbox 249 2001 315 2032; x_wconf 91' lang='lat' dir='ltr'>loci</span> <span class='ocrx_word' id='word_1_287' title='bbox 340 2001 525 2032; x_wconf 81' lang='lat' dir='ltr'>necessario</span> <span class='ocrx_word' id='word_1_288' title='bbox 559 2001 720 2043; x_wconf 85' lang='lat' dir='ltr'>efflagitat</span> <span class='ocrx_word' id='word_1_289' title='bbox 754 2001 839 2032; x_wconf 89' lang='lat' dir='ltr'>hanc</span> <span class='ocrx_word' id='word_1_290' title='bbox 864 2001 1011 2043; x_wconf 88' lang='lat' dir='ltr'>scriptu—</span> 
     </span>
     <span class='ocr_line' id='line_1_35' title="bbox 250 2045 1009 2083; baseline 0 -6"><span class='ocrx_word' id='word_1_291' title='bbox 250 2057 331 2083; x_wconf 88' lang='lat' dir='ltr'>ram,</span> <span class='ocrx_word' id='word_1_292' title='bbox 355 2045 401 2075; x_wconf 90' lang='lat' dir='ltr'>uti</span> <span class='ocrx_word' id='word_1_293' title='bbox 425 2045 488 2075; x_wconf 89' lang='lat' dir='ltr'>iam</span> <span class='ocrx_word' id='word_1_294' title='bbox 514 2052 603 2075; x_wconf 89' lang='lat' dir='ltr'>recte</span> <span class='ocrx_word' id='word_1_295' title='bbox 626 2045 859 2076; x_wconf 84' lang='lat' dir='ltr'>intellexerunt</span> <span class='ocrx_word' id='word_1_296' title='bbox 882 2048 1009 2077; x_wconf 79' lang='lat' dir='ltr'>Lambi-</span> 
     </span>
     <span class='ocr_line' id='line_1_36' title="bbox 250 2089 1010 2128; baseline -0.001 -7"><span class='ocrx_word' id='word_1_297' title='bbox 250 2099 330 2128; x_wconf 80' lang='lat' dir='ltr'>nus,</span> <span class='ocrx_word' id='word_1_298' title='bbox 357 2091 520 2128; x_wconf 79' lang='lat' dir='ltr'>Davisius,</span> <span class='ocrx_word' id='word_1_299' title='bbox 544 2089 607 2120; x_wconf 87' lang='lat' dir='ltr'>alii.</span> <span class='ocrx_word' id='word_1_300' title='bbox 656 2089 760 2120; x_wconf 87' lang='lat' dir='ltr'>Stoici</span> <span class='ocrx_word' id='word_1_301' title='bbox 785 2090 870 2120; x_wconf 90' lang='lat' dir='ltr'>enim</span> <span class='ocrx_word' id='word_1_302' title='bbox 894 2101 1010 2122; x_wconf 88' lang='lat' dir='ltr'>cense—</span> 
     </span>
     <span class='ocr_line' id='line_1_37' title="bbox 250 2134 1012 2175; baseline 0.001 -11"><span class='ocrx_word' id='word_1_303' title='bbox 250 2134 331 2165; x_wconf 85' lang='lat' dir='ltr'>bant</span> <span class='ocrx_word' id='word_1_304' title='bbox 353 2135 520 2165; x_wconf 76' lang='lat' dir='ltr'>tollendam</span> <span class='ocrx_word' id='word_1_305' title='bbox 539 2145 609 2164; x_wconf 87' lang='lat' dir='ltr'>esse</span> <span class='ocrx_word' id='word_1_306' title='bbox 632 2134 880 2175; x_wconf 83' lang='lat' dir='ltr'>aegritudinem,</span> <span class='ocrx_word' id='word_1_307' title='bbox 907 2134 1012 2165; x_wconf 90' lang='lat' dir='ltr'>omni-</span> 
     </span>
     <span class='ocr_line' id='line_1_38' title="bbox 253 2178 1012 2220; baseline 0 -11"><span class='ocrx_word' id='word_1_308' title='bbox 253 2190 361 2220; x_wconf 82' lang='lat' dir='ltr'>noque</span> <span class='ocrx_word' id='word_1_309' title='bbox 389 2189 501 2208; x_wconf 84' lang='lat' dir='ltr'>omnes</span> <span class='ocrx_word' id='word_1_310' title='bbox 530 2178 712 2209; x_wconf 88' lang='lat' dir='ltr'>animorum</span> <span class='ocrx_word' id='word_1_311' title='bbox 748 2178 1012 2220; x_wconf 82' lang='lat' dir='ltr'>perturbationes</span> 
     </span>
     <span class='ocr_line' id='line_1_39' title="bbox 253 2222 1011 2264; baseline -0.001 -10"><span class='ocrx_word' id='word_1_312' title='bbox 253 2234 316 2254; x_wconf 87' lang='lat' dir='ltr'>non</span> <span class='ocrx_word' id='word_1_313' title='bbox 331 2222 546 2264; x_wconf 87' lang='lat' dir='ltr'>amputandas</span> <span class='ocrx_word' id='word_1_314' title='bbox 567 2229 621 2254; x_wconf 88' lang='lat' dir='ltr'>aut</span> <span class='ocrx_word' id='word_1_315' title='bbox 638 2222 915 2254; x_wconf 87' lang='lat' dir='ltr'>circumcidendas</span> <span class='ocrx_word' id='word_1_316' title='bbox 931 2234 1011 2260; x_wconf 79' lang='lat' dir='ltr'>esse,</span> 
     </span>
     <span class='ocr_line' id='line_1_40' title="bbox 251 2267 1012 2299; baseline -0.001 -1"><span class='ocrx_word' id='word_1_317' title='bbox 251 2268 309 2298; x_wconf 86' lang='lat' dir='ltr'>sed</span> <span class='ocrx_word' id='word_1_318' title='bbox 334 2267 489 2299; x_wconf 83' lang='lat' dir='ltr'>radicitus</span> <span class='ocrx_word' id='word_1_319' title='bbox 515 2267 701 2299; x_wconf 86' lang='lat' dir='ltr'>evellendas</span> <span class='ocrx_word' id='word_1_320' title='bbox 727 2275 760 2298; x_wconf 90' lang='lat' dir='ltr'>et</span> <span class='ocrx_word' id='word_1_321' title='bbox 782 2267 1012 2299; x_wconf 82' lang='lat' dir='ltr'>extrahendas.</span> 
     </span>
     <span class='ocr_line' id='line_1_41' title="bbox 255 2312 1013 2349; baseline 0.001 -7"><span class='ocrx_word' id='word_1_322' title='bbox 255 2313 306 2343; x_wconf 86' lang='lat' dir='ltr'>Cf.</span> <span class='ocrx_word' id='word_1_323' title='bbox 330 2313 386 2344; x_wconf 87' lang='lat' dir='ltr'>Ill.</span> <span class='ocrx_word' id='word_1_324' title='bbox 410 2312 463 2349; x_wconf 72' lang='lat'>22,</span> <span class='ocrx_word' id='word_1_325' title='bbox 489 2312 547 2344; x_wconf 77' lang='lat'>53:</span> <span class='ocrx_word' id='word_1_326' title='bbox 585 2323 651 2343; x_wconf 87' lang='lat' dir='ltr'>non</span> <span class='ocrx_word' id='word_1_327' title='bbox 672 2312 772 2344; x_wconf 88' lang='lat' dir='ltr'>modo</span> <span class='ocrx_word' id='word_1_328' title='bbox 792 2312 933 2343; x_wconf 90' lang='lat' dir='ltr'>leniatur</span> <span class='ocrx_word' id='word_1_329' title='bbox 956 2322 1013 2343; x_wconf 82' lang='lat' dir='ltr'>ae-</span> 
     </span>
     <span class='ocr_line' id='line_1_42' title="bbox 252 2356 1012 2399; baseline 0 -11"><span class='ocrx_word' id='word_1_330' title='bbox 252 2359 398 2397; x_wconf 80' lang='lat' dir='ltr'>9riludo,</span> <span class='ocrx_word' id='word_1_331' title='bbox 435 2356 493 2388; x_wconf 88' lang='lat' dir='ltr'>sed</span> <span class='ocrx_word' id='word_1_332' title='bbox 523 2357 556 2388; x_wconf 90' lang='lat' dir='ltr'>in</span> <span class='ocrx_word' id='word_1_333' title='bbox 592 2357 755 2399; x_wconf 88' lang='lat' dir='ltr'>plerisque</span> <span class='ocrx_word' id='word_1_334' title='bbox 782 2360 917 2389; x_wconf 75' lang='lat' dir='ltr'>tollatur.</span> <span class='ocrx_word' id='word_1_335' title='bbox 965 2357 1012 2388; x_wconf 86' lang='lat' dir='ltr'>lb.</span> 
     </span>
     <span class='ocr_line' id='line_1_43' title="bbox 258 2402 1014 2444; baseline -0.001 -10"><span class='ocrx_word' id='word_1_336' title='bbox 258 2404 316 2438; x_wconf 84' lang='lat'>11,</span> <span class='ocrx_word' id='word_1_337' title='bbox 342 2403 396 2433; x_wconf 75' lang='lat'>25.</span> <span class='ocrx_word' id='word_1_338' title='bbox 430 2408 516 2432; x_wconf 81' lang='lat' dir='ltr'>tetra</span> <span class='ocrx_word' id='word_1_339' title='bbox 549 2402 635 2433; x_wconf 89' lang='lat' dir='ltr'>enim</span> <span class='ocrx_word' id='word_1_340' title='bbox 657 2413 708 2433; x_wconf 85' lang='lat' dir='ltr'>res</span> <span class='ocrx_word' id='word_1_341' title='bbox 737 2408 786 2433; x_wconf 91' lang='lat' dir='ltr'>est</span> <span class='ocrx_word' id='word_1_342' title='bbox 811 2402 1014 2444; x_wconf 55' lang='lat' dir='ltr'>(aegritudo),</span> 
     </span>
     <span class='ocr_line' id='line_1_44' title="bbox 258 2446 1011 2485; baseline 0.001 -9"><span class='ocrx_word' id='word_1_343' title='bbox 258 2446 392 2484; x_wconf 87' lang='lat' dir='ltr'>misera,</span> <span class='ocrx_word' id='word_1_344' title='bbox 418 2446 641 2485; x_wconf 69' lang='lat' dir='ltr'>detestabilis,</span> <span class='ocrx_word' id='word_1_345' title='bbox 669 2446 758 2478; x_wconf 85' lang='lat' dir='ltr'>omni</span> <span class='ocrx_word' id='word_1_346' title='bbox 787 2447 1011 2484; x_wconf 82' lang='lat' dir='ltr'>contentione,</span> 
     </span>
     <span class='ocr_line' id='line_1_45' title="bbox 257 2490 1013 2534; baseline 0.003 -14"><span class='ocrx_word' id='word_1_347' title='bbox 257 2490 355 2524; x_wconf 70' lang='lat' dir='ltr'>velis.</span> <span class='ocrx_word' id='word_1_348' title='bbox 391 2497 427 2521; x_wconf 84' lang='lat' dir='ltr'>ut</span> <span class='ocrx_word' id='word_1_349' title='bbox 446 2491 490 2521; x_wconf 84' lang='lat' dir='ltr'>ita</span> <span class='ocrx_word' id='word_1_350' title='bbox 513 2491 637 2529; x_wconf 80' lang='lat' dir='ltr'>(licam,</span> <span class='ocrx_word' id='word_1_351' title='bbox 672 2491 833 2534; x_wconf 84' lang='lat' dir='ltr'>remisque</span> <span class='ocrx_word' id='word_1_352' title='bbox 852 2493 1013 2532; x_wconf 69' lang='lat' dir='ltr'>fugienda.</span> 
     </span>
     <span class='ocr_line' id='line_1_46' title="bbox 258 2535 1012 2579; baseline 0.004 -15"><span class='ocrx_word' id='word_1_353' title='bbox 258 2535 295 2564; x_wconf 94' lang='lat' dir='ltr'>V.</span> <span class='ocrx_word' id='word_1_354' title='bbox 320 2537 472 2566; x_wconf 79' lang='lat' dir='ltr'>Moserum</span> <span class='ocrx_word' id='word_1_355' title='bbox 495 2535 526 2566; x_wconf 88' lang='lat' dir='ltr'>in</span> <span class='ocrx_word' id='word_1_356' title='bbox 550 2536 633 2568; x_wconf 80' lang='lat' dir='ltr'>Add.</span> <span class='ocrx_word' id='word_1_357' title='bbox 659 2536 732 2568; x_wconf 87' lang='lat' dir='ltr'>Vol.</span> <span class='ocrx_word' id='word_1_358' title='bbox 760 2537 815 2567; x_wconf 85' lang='lat' dir='ltr'>Ill.</span> <span class='ocrx_word' id='word_1_359' title='bbox 838 2548 868 2579; x_wconf 87' lang='lat' dir='ltr'>p.</span> <span class='ocrx_word' id='word_1_360' title='bbox 884 2536 948 2568; x_wconf 68' lang='lat'>405,</span> <span class='ocrx_word' id='word_1_361' title='bbox 963 2548 1012 2578; x_wconf 92' lang='lat' dir='ltr'>sq.</span> 
     </span>
     <span class='ocr_line' id='line_1_47' title="bbox 259 2579 1014 2621; baseline 0.005 -13"><span class='ocrx_word' id='word_1_362' title='bbox 259 2579 446 2613; x_wconf 83' lang='lat' dir='ltr'>Postremo,</span> <span class='ocrx_word' id='word_1_363' title='bbox 473 2580 578 2621; x_wconf 73' lang='lat' dir='ltr'>inquit</span> <span class='ocrx_word' id='word_1_364' title='bbox 601 2581 728 2619; x_wconf 85' lang='lat' dir='ltr'>Lamb.‚</span> <span class='ocrx_word' id='word_1_365' title='bbox 750 2592 848 2612; x_wconf 90' lang='lat' dir='ltr'>nemo</span> <span class='ocrx_word' id='word_1_366' title='bbox 873 2581 1014 2612; x_wconf 87' lang='lat' dir='ltr'>Latino-</span> 
     </span>
     <span class='ocr_line' id='line_1_48' title="bbox 257 2624 1014 2665; baseline 0.005 -11"><span class='ocrx_word' id='word_1_367' title='bbox 257 2634 327 2654; x_wconf 90' lang='lat' dir='ltr'>rum</span> <span class='ocrx_word' id='word_1_368' title='bbox 353 2634 493 2665; x_wconf 79' lang='lat' dir='ltr'>unquam</span> <span class='ocrx_word' id='word_1_369' title='bbox 517 2625 561 2655; x_wconf 90' lang='lat' dir='ltr'>ita</span> <span class='ocrx_word' id='word_1_370' title='bbox 578 2624 706 2656; x_wconf 88' lang='lat' dir='ltr'>locutus</span> <span class='ocrx_word' id='word_1_371' title='bbox 723 2632 792 2657; x_wconf 88' lang='lat' dir='ltr'>est:</span> <span class='ocrx_word' id='word_1_372' title='bbox 818 2628 945 2657; x_wconf 76' lang='lat' dir='ltr'>tolerare</span> <span class='ocrx_word' id='word_1_373' title='bbox 963 2636 1014 2658; x_wconf 85' lang='lat' dir='ltr'>ae-</span> 
     </span>
     <span class='ocr_line' id='line_1_49' title="bbox 255 2669 451 2707; baseline -0.01 -8"><span class='ocrx_word' id='word_1_374' title='bbox 255 2669 451 2707; x_wconf 80' lang='lat' dir='ltr'>9ritudinem.</span> 
     </span>
    </p>

    <p class='ocr_par' dir='ltr' id='par_1_12' title="bbox 256 2714 1014 2978">
     <span class='ocr_line' id='line_1_50' title="bbox 325 2714 1014 2756; baseline 0.006 -13"><span class='ocrx_word' id='word_1_375' title='bbox 325 2721 380 2751; x_wconf 80' lang='lat' dir='ltr'>ne,</span> <span class='ocrx_word' id='word_1_376' title='bbox 405 2715 430 2744; x_wconf 77' lang='lat' dir='ltr'>si</span> <span class='ocrx_word' id='word_1_377' title='bbox 453 2714 543 2751; x_wconf 70' lang='lat' dir='ltr'>forlel</span> <span class='ocrx_word' id='word_1_378' title='bbox 571 2715 669 2745; x_wconf 80' lang='lat' dir='ltr'>Moser</span> <span class='ocrx_word' id='word_1_379' title='bbox 688 2715 931 2756; x_wconf 81' lang='lat' dir='ltr'>suspicabatur:</span> <span class='ocrx_word' id='word_1_380' title='bbox 966 2726 1014 2755; x_wconf 79' lang='lat' dir='ltr'>ne,</span> 
     </span>
     <span class='ocr_line' id='line_1_51' title="bbox 257 2758 1014 2799; baseline 0.007 -12"><span class='ocrx_word' id='word_1_381' title='bbox 257 2759 313 2788; x_wconf 82' lang='lat' dir='ltr'>etsi</span> <span class='ocrx_word' id='word_1_382' title='bbox 337 2758 413 2796; x_wconf 77' lang='lat' dir='ltr'>forte</span> <span class='ocrx_word' id='word_1_383' title='bbox 436 2758 473 2788; x_wconf 83' lang='lat' dir='ltr'>de</span> <span class='ocrx_word' id='word_1_384' title='bbox 494 2767 590 2796; x_wconf 76' lang='lat' dir='ltr'>paup.</span> <span class='ocrx_word' id='word_1_385' title='bbox 604 2763 804 2799; x_wconf 79' lang='lat' dir='ltr'>persuaseris,</span> <span class='ocrx_word' id='word_1_386' title='bbox 825 2763 864 2791; x_wconf 76' lang='lat' dir='ltr'>sit</span> <span class='ocrx_word' id='word_1_387' title='bbox 887 2763 943 2791; x_wconf 83' lang='lat' dir='ltr'>alii</span> <span class='ocrx_word' id='word_1_388' title='bbox 962 2771 1014 2792; x_wconf 85' lang='lat' dir='ltr'>ae-</span> 
     </span>
     <span class='ocr_line' id='line_1_52' title="bbox 256 2802 1011 2844; baseline 0.007 -13"><span class='ocrx_word' id='word_1_389' title='bbox 256 2802 405 2840; x_wconf 79' lang='lat' dir='ltr'>9rituclini</span> <span class='ocrx_word' id='word_1_390' title='bbox 427 2803 570 2841; x_wconf 84' lang='lat' dir='ltr'>conced.;</span> <span class='ocrx_word' id='word_1_391' title='bbox 605 2802 663 2832; x_wconf 86' lang='lat' dir='ltr'>sed</span> <span class='ocrx_word' id='word_1_392' title='bbox 689 2803 758 2844; x_wconf 87' lang='lat' dir='ltr'>ipse</span> <span class='ocrx_word' id='word_1_393' title='bbox 790 2816 875 2835; x_wconf 84' lang='lat' dir='ltr'>nunc</span> <span class='ocrx_word' id='word_1_394' title='bbox 901 2805 934 2836; x_wconf 89' lang='lat' dir='ltr'>in</span> <span class='ocrx_word' id='word_1_395' title='bbox 960 2805 1011 2836; x_wconf 88' lang='lat' dir='ltr'>ed.</span> 
     </span>
     <span class='ocr_line' id='line_1_53' title="bbox 258 2845 1014 2881; baseline 0.005 -4"><span class='ocrx_word' id='word_1_396' title='bbox 258 2846 342 2877; x_wconf 89' lang='lat' dir='ltr'>hanc</span> <span class='ocrx_word' id='word_1_397' title='bbox 363 2845 583 2877; x_wconf 87' lang='lat' dir='ltr'>coniecturam</span> <span class='ocrx_word' id='word_1_398' title='bbox 604 2845 725 2877; x_wconf 86' lang='lat' dir='ltr'>reiecit.</span> <span class='ocrx_word' id='word_1_399' title='bbox 764 2848 864 2879; x_wconf 84' lang='lat' dir='ltr'>Recte</span> <span class='ocrx_word' id='word_1_400' title='bbox 881 2852 1014 2881; x_wconf 84' lang='lat' dir='ltr'>Orellius</span> 
     </span>
     <span class='ocr_line' id='line_1_54' title="bbox 257 2890 1010 2933; baseline 0.005 -12"><span class='ocrx_word' id='word_1_401' title='bbox 257 2890 410 2932; x_wconf 87' lang='lat' dir='ltr'>vulgatae</span> <span class='ocrx_word' id='word_1_402' title='bbox 429 2890 626 2922; x_wconf 88' lang='lat' dir='ltr'>sententiam</span> <span class='ocrx_word' id='word_1_403' title='bbox 644 2890 690 2922; x_wconf 88' lang='lat' dir='ltr'>sic</span> <span class='ocrx_word' id='word_1_404' title='bbox 713 2892 866 2933; x_wconf 80' lang='lat' dir='ltr'>exponit:</span> <span class='ocrx_word' id='word_1_405' title='bbox 893 2894 1010 2926; x_wconf 88' lang='lat' dir='ltr'>Melius</span> 
     </span>
     <span class='ocr_line' id='line_1_55' title="bbox 256 2933 1009 2978; baseline 0.004 -12"><span class='ocrx_word' id='word_1_406' title='bbox 256 2934 426 2968; x_wconf 82' lang='lat' dir='ltr'>adhibebis</span> <span class='ocrx_word' id='word_1_407' title='bbox 459 2933 591 2977; x_wconf 72' lang='grc' dir='ltr'>γενικήν</span> <span class='ocrx_word' id='word_1_408' title='bbox 624 2934 713 2967; x_wconf 89' lang='lat' dir='ltr'>illam</span> <span class='ocrx_word' id='word_1_409' title='bbox 738 2936 1009 2978; x_wconf 84' lang='lat' dir='ltr'>consolationem,</span> 
     </span>
    </p>
   </div>
   <div class='ocr_carea' id='block_1_11' title="bbox 1040 1508 1807 2982">
    <p class='ocr_par' dir='ltr' id='par_1_13' title="bbox 1040 1508 1804 1774">
     <span class='ocr_line' id='line_1_56' title="bbox 1040 1508 1804 1552; baseline 0.001 -12"><span class='ocrx_word' id='word_1_410' title='bbox 1040 1509 1206 1540; x_wconf 85' lang='lat' dir='ltr'>hominem</span> <span class='ocrx_word' id='word_1_411' title='bbox 1239 1520 1337 1550; x_wconf 88' lang='lat' dir='ltr'>aegre</span> <span class='ocrx_word' id='word_1_412' title='bbox 1374 1508 1461 1540; x_wconf 84' lang='lat' dir='ltr'>ferre</span> <span class='ocrx_word' id='word_1_413' title='bbox 1504 1508 1585 1540; x_wconf 84' lang='lat' dir='ltr'>nihil</span> <span class='ocrx_word' id='word_1_414' title='bbox 1626 1516 1804 1552; x_wconf 87' lang='lat' dir='ltr'>oportere;</span> 
     </span>
     <span class='ocr_line' id='line_1_57' title="bbox 1041 1553 1800 1597; baseline 0.001 -13"><span class='ocrx_word' id='word_1_415' title='bbox 1041 1565 1115 1585; x_wconf 90' lang='lat' dir='ltr'>nam</span> <span class='ocrx_word' id='word_1_416' title='bbox 1139 1554 1242 1585; x_wconf 84' lang='lat' dir='ltr'>altera</span> <span class='ocrx_word' id='word_1_417' title='bbox 1267 1554 1427 1584; x_wconf 82' lang='lat' dir='ltr'>duntaxat</span> <span class='ocrx_word' id='word_1_418' title='bbox 1451 1553 1619 1590; x_wconf 85' lang='lat' dir='ltr'>adhibita,</span> <span class='ocrx_word' id='word_1_419' title='bbox 1656 1565 1800 1597; x_wconf 88' lang='lat' dir='ltr'>pauper-</span> 
     </span>
     <span class='ocr_line' id='line_1_58' title="bbox 1041 1598 1803 1638; baseline 0.001 -9"><span class='ocrx_word' id='word_1_420' title='bbox 1041 1606 1144 1629; x_wconf 87' lang='lat' dir='ltr'>tatem</span> <span class='ocrx_word' id='word_1_421' title='bbox 1168 1610 1211 1630; x_wconf 90' lang='lat' dir='ltr'>sc.</span> <span class='ocrx_word' id='word_1_422' title='bbox 1237 1610 1304 1629; x_wconf 89' lang='lat' dir='ltr'>non</span> <span class='ocrx_word' id='word_1_423' title='bbox 1329 1598 1448 1629; x_wconf 87' lang='lat' dir='ltr'>malum</span> <span class='ocrx_word' id='word_1_424' title='bbox 1473 1609 1562 1637; x_wconf 86' lang='lat' dir='ltr'>esse,</span> <span class='ocrx_word' id='word_1_425' title='bbox 1595 1598 1649 1630; x_wconf 89' lang='lat' dir='ltr'>ubi</span> <span class='ocrx_word' id='word_1_426' title='bbox 1673 1599 1738 1631; x_wconf 89' lang='lat' dir='ltr'>hoc</span> <span class='ocrx_word' id='word_1_427' title='bbox 1763 1599 1803 1638; x_wconf 84' lang='lat' dir='ltr'>ei,</span> 
     </span>
     <span class='ocr_line' id='line_1_59' title="bbox 1042 1642 1803 1686; baseline 0.003 -13"><span class='ocrx_word' id='word_1_428' title='bbox 1042 1643 1096 1685; x_wconf 90' lang='lat' dir='ltr'>qui</span> <span class='ocrx_word' id='word_1_429' title='bbox 1120 1642 1326 1685; x_wconf 81' lang='lat' dir='ltr'>aegritudine</span> <span class='ocrx_word' id='word_1_430' title='bbox 1362 1644 1500 1674; x_wconf 79' lang='lat' dir='ltr'>att&#39;ectns</span> <span class='ocrx_word' id='word_1_431' title='bbox 1526 1650 1595 1683; x_wconf 90' lang='lat' dir='ltr'>est,</span> <span class='ocrx_word' id='word_1_432' title='bbox 1634 1655 1699 1674; x_wconf 89' lang='lat' dir='ltr'>non</span> <span class='ocrx_word' id='word_1_433' title='bbox 1727 1656 1803 1686; x_wconf 88' lang='lat' dir='ltr'>per-</span> 
     </span>
     <span class='ocr_line' id='line_1_60' title="bbox 1040 1687 1804 1731; baseline 0.001 -12"><span class='ocrx_word' id='word_1_434' title='bbox 1040 1688 1198 1726; x_wconf 82' lang='lat' dir='ltr'>suaseris,</span> <span class='ocrx_word' id='word_1_435' title='bbox 1241 1699 1306 1719; x_wconf 90' lang='lat' dir='ltr'>non</span> <span class='ocrx_word' id='word_1_436' title='bbox 1331 1687 1428 1718; x_wconf 88' lang='lat' dir='ltr'>tolles</span> <span class='ocrx_word' id='word_1_437' title='bbox 1460 1688 1526 1719; x_wconf 91' lang='lat' dir='ltr'>eius</span> <span class='ocrx_word' id='word_1_438' title='bbox 1553 1688 1804 1731; x_wconf 83' lang='lat' dir='ltr'>aegritudinem,</span> 
     </span>
     <span class='ocr_line' id='line_1_61' title="bbox 1042 1731 1464 1774; baseline -0.002 -10"><span class='ocrx_word' id='word_1_439' title='bbox 1042 1733 1142 1764; x_wconf 91' lang='lat' dir='ltr'>immo</span> <span class='ocrx_word' id='word_1_440' title='bbox 1167 1732 1193 1763; x_wconf 85' lang='lat' dir='ltr'>is</span> <span class='ocrx_word' id='word_1_441' title='bbox 1218 1732 1247 1763; x_wconf 86' lang='lat' dir='ltr'>ei</span> <span class='ocrx_word' id='word_1_442' title='bbox 1270 1731 1464 1774; x_wconf 85' lang='lat' dir='ltr'>indulgebit.</span> 
     </span>
    </p>

    <p class='ocr_par' dir='ltr' id='par_1_14' title="bbox 1044 1777 1806 1997">
     <span class='ocr_line' id='line_1_62' title="bbox 1111 1777 1805 1818; baseline 0.001 -10"><span class='ocrx_word' id='word_1_443' title='bbox 1111 1779 1248 1817; x_wconf 85' lang='lat' dir='ltr'>quodam</span> <span class='ocrx_word' id='word_1_444' title='bbox 1271 1779 1376 1818; x_wconf 49' lang='lat' dir='ltr'>modo]</span> <span class='ocrx_word' id='word_1_445' title='bbox 1402 1777 1523 1809; x_wconf 87' lang='lat' dir='ltr'>Addita</span> <span class='ocrx_word' id='word_1_446' title='bbox 1542 1784 1618 1809; x_wconf 89' lang='lat' dir='ltr'>sunt</span> <span class='ocrx_word' id='word_1_447' title='bbox 1639 1777 1721 1809; x_wconf 87' lang='lat' dir='ltr'>haec</span> <span class='ocrx_word' id='word_1_448' title='bbox 1743 1789 1805 1809; x_wconf 83' lang='lat' dir='ltr'>vo—</span> 
     </span>
     <span class='ocr_line' id='line_1_63' title="bbox 1045 1821 1806 1865; baseline 0 -11"><span class='ocrx_word' id='word_1_449' title='bbox 1045 1822 1169 1861; x_wconf 82' lang='lat' dir='ltr'>cabula,</span> <span class='ocrx_word' id='word_1_450' title='bbox 1190 1829 1225 1854; x_wconf 91' lang='lat' dir='ltr'>ut</span> <span class='ocrx_word' id='word_1_451' title='bbox 1249 1821 1470 1863; x_wconf 83' lang='lat' dir='ltr'>significarent</span> <span class='ocrx_word' id='word_1_452' title='bbox 1494 1823 1574 1854; x_wconf 87' lang='lat' dir='ltr'>hoc:</span> <span class='ocrx_word' id='word_1_453' title='bbox 1601 1822 1806 1865; x_wconf 85' lang='lat' dir='ltr'>aegritudine</span> 
     </span>
     <span class='ocr_line' id='line_1_64' title="bbox 1044 1867 1805 1909; baseline 0.001 -11"><span class='ocrx_word' id='word_1_454' title='bbox 1044 1867 1191 1905; x_wconf 88' lang='lat' dir='ltr'>sublata,</span> <span class='ocrx_word' id='word_1_455' title='bbox 1225 1867 1323 1898; x_wconf 85' lang='lat' dir='ltr'>etiam</span> <span class='ocrx_word' id='word_1_456' title='bbox 1345 1867 1548 1909; x_wconf 82' lang='lat' dir='ltr'>paupertatis</span> <span class='ocrx_word' id='word_1_457' title='bbox 1572 1867 1710 1905; x_wconf 83' lang='lat' dir='ltr'>matum,</span> <span class='ocrx_word' id='word_1_458' title='bbox 1737 1869 1805 1899; x_wconf 73' lang='lat' dir='ltr'>licet.</span> 
     </span>
     <span class='ocr_line' id='line_1_65' title="bbox 1045 1914 1806 1953; baseline 0.001 -10"><span class='ocrx_word' id='word_1_459' title='bbox 1045 1914 1081 1943; x_wconf 86' lang='lat' dir='ltr'>de</span> <span class='ocrx_word' id='word_1_460' title='bbox 1099 1916 1283 1952; x_wconf 70' lang='lat' dir='ltr'>paupertate</span> <span class='ocrx_word' id='word_1_461' title='bbox 1301 1922 1362 1944; x_wconf 82' lang='lat' dir='ltr'>non</span> <span class='ocrx_word' id='word_1_462' title='bbox 1380 1915 1505 1952; x_wconf 80' lang='lat' dir='ltr'>proprie</span> <span class='ocrx_word' id='word_1_463' title='bbox 1529 1916 1556 1944; x_wconf 81' lang='lat' dir='ltr'>el</span> <span class='ocrx_word' id='word_1_464' title='bbox 1576 1922 1712 1944; x_wconf 84' lang='lat' dir='ltr'>seorsum</span> <span class='ocrx_word' id='word_1_465' title='bbox 1727 1923 1806 1953; x_wconf 72' lang='lat' dir='ltr'>aya-</span> 
     </span>
     <span class='ocr_line' id='line_1_66' title="bbox 1044 1957 1276 1997; baseline -0.004 -9"><span class='ocrx_word' id='word_1_466' title='bbox 1044 1961 1114 1997; x_wconf 79' lang='lat' dir='ltr'>lur‚</span> <span class='ocrx_word' id='word_1_467' title='bbox 1138 1957 1276 1988; x_wconf 88' lang='lat' dir='ltr'>tollitur.</span> 
     </span>
    </p>

    <p class='ocr_par' dir='ltr' id='par_1_15' title="bbox 1046 2001 1807 2624">
     <span class='ocr_line' id='line_1_67' title="bbox 1114 2001 1807 2044; baseline 0.001 -12"><span class='ocrx_word' id='word_1_468' title='bbox 1114 2001 1364 2034; x_wconf 43' lang='lat' dir='ltr'>CARXXVHI.</span> <span class='ocrx_word' id='word_1_469' title='bbox 1391 2001 1482 2042; x_wconf 63' lang='lat' dir='ltr'>§.6st</span> <span class='ocrx_word' id='word_1_470' title='bbox 1511 2003 1572 2034; x_wconf 78' lang='lat' dir='ltr'>Sed</span> <span class='ocrx_word' id='word_1_471' title='bbox 1594 2001 1705 2044; x_wconf 80' lang='lat' dir='ltr'>omnis]</span> <span class='ocrx_word' id='word_1_472' title='bbox 1736 2002 1807 2033; x_wconf 91' lang='lat' dir='ltr'>Du-</span> 
     </span>
     <span class='ocr_line' id='line_1_68' title="bbox 1046 2046 1806 2089; baseline 0.001 -12"><span class='ocrx_word' id='word_1_473' title='bbox 1046 2046 1122 2089; x_wconf 87' lang='lat' dir='ltr'>plex</span> <span class='ocrx_word' id='word_1_474' title='bbox 1144 2058 1245 2088; x_wconf 86' lang='lat' dir='ltr'>genus</span> <span class='ocrx_word' id='word_1_475' title='bbox 1269 2046 1488 2078; x_wconf 85' lang='lat' dir='ltr'>remediorum</span> <span class='ocrx_word' id='word_1_476' title='bbox 1512 2046 1673 2079; x_wconf 87' lang='lat' dir='ltr'>laudatur.</span> <span class='ocrx_word' id='word_1_477' title='bbox 1709 2047 1806 2078; x_wconf 86' lang='lat' dir='ltr'>Alte-</span> 
     </span>
     <span class='ocr_line' id='line_1_69' title="bbox 1047 2091 1806 2133; baseline 0.003 -12"><span class='ocrx_word' id='word_1_478' title='bbox 1047 2102 1137 2129; x_wconf 92' lang='lat' dir='ltr'>rum,</span> <span class='ocrx_word' id='word_1_479' title='bbox 1174 2091 1262 2133; x_wconf 94' lang='lat' dir='ltr'>quod</span> <span class='ocrx_word' id='word_1_480' title='bbox 1297 2091 1328 2122; x_wconf 88' lang='lat' dir='ltr'>in</span> <span class='ocrx_word' id='word_1_481' title='bbox 1354 2102 1394 2123; x_wconf 89' lang='lat' dir='ltr'>eo</span> <span class='ocrx_word' id='word_1_482' title='bbox 1430 2098 1580 2130; x_wconf 89' lang='lat' dir='ltr'>constat,</span> <span class='ocrx_word' id='word_1_483' title='bbox 1616 2098 1652 2122; x_wconf 87' lang='lat' dir='ltr'>ut</span> <span class='ocrx_word' id='word_1_484' title='bbox 1675 2091 1806 2130; x_wconf 90' lang='lat' dir='ltr'>doceas,</span> 
     </span>
     <span class='ocr_line' id='line_1_70' title="bbox 1046 2135 1805 2179; baseline 0.004 -14"><span class='ocrx_word' id='word_1_485' title='bbox 1046 2146 1107 2165; x_wconf 91' lang='lat' dir='ltr'>nec</span> <span class='ocrx_word' id='word_1_486' title='bbox 1129 2135 1251 2166; x_wconf 91' lang='lat' dir='ltr'>bonum</span> <span class='ocrx_word' id='word_1_487' title='bbox 1273 2135 1354 2167; x_wconf 88' lang='lat' dir='ltr'>illud</span> <span class='ocrx_word' id='word_1_488' title='bbox 1376 2147 1456 2174; x_wconf 86' lang='lat' dir='ltr'>esse,</span> <span class='ocrx_word' id='word_1_489' title='bbox 1474 2148 1513 2167; x_wconf 86' lang='lat' dir='ltr'>ex</span> <span class='ocrx_word' id='word_1_490' title='bbox 1528 2148 1592 2179; x_wconf 91' lang='lat' dir='ltr'>quo</span> <span class='ocrx_word' id='word_1_491' title='bbox 1613 2136 1737 2168; x_wconf 82' lang='lat' dir='ltr'>laetitia</span> <span class='ocrx_word' id='word_1_492' title='bbox 1749 2143 1805 2168; x_wconf 88' lang='lat' dir='ltr'>aut</span> 
     </span>
     <span class='ocr_line' id='line_1_71' title="bbox 1047 2179 1806 2223; baseline 0.004 -14"><span class='ocrx_word' id='word_1_493' title='bbox 1047 2179 1151 2210; x_wconf 86' lang='lat' dir='ltr'>libido</span> <span class='ocrx_word' id='word_1_494' title='bbox 1176 2179 1318 2217; x_wconf 89' lang='lat' dir='ltr'>oriatur,</span> <span class='ocrx_word' id='word_1_495' title='bbox 1353 2191 1414 2211; x_wconf 87' lang='lat' dir='ltr'>nec</span> <span class='ocrx_word' id='word_1_496' title='bbox 1434 2180 1573 2217; x_wconf 82' lang='lat' dir='ltr'>malum,</span> <span class='ocrx_word' id='word_1_497' title='bbox 1600 2192 1639 2212; x_wconf 88' lang='lat' dir='ltr'>ex</span> <span class='ocrx_word' id='word_1_498' title='bbox 1661 2192 1724 2223; x_wconf 90' lang='lat' dir='ltr'>quo</span> <span class='ocrx_word' id='word_1_499' title='bbox 1748 2187 1806 2212; x_wconf 85' lang='lat' dir='ltr'>aut</span> 
     </span>
     <span class='ocr_line' id='line_1_72' title="bbox 1047 2224 1804 2268; baseline 0.003 -14"><span class='ocrx_word' id='word_1_500' title='bbox 1047 2231 1152 2254; x_wconf 86' lang='lat' dir='ltr'>metus</span> <span class='ocrx_word' id='word_1_501' title='bbox 1177 2231 1233 2254; x_wconf 86' lang='lat' dir='ltr'>aut</span> <span class='ocrx_word' id='word_1_502' title='bbox 1256 2224 1440 2266; x_wconf 83' lang='lat' dir='ltr'>aegritudo,</span> <span class='ocrx_word' id='word_1_503' title='bbox 1465 2224 1544 2255; x_wconf 88' lang='lat' dir='ltr'>mite</span> <span class='ocrx_word' id='word_1_504' title='bbox 1567 2224 1648 2255; x_wconf 92' lang='lat' dir='ltr'>illud</span> <span class='ocrx_word' id='word_1_505' title='bbox 1672 2225 1804 2268; x_wconf 91' lang='lat' dir='ltr'>quidem</span> 
     </span>
     <span class='ocr_line' id='line_1_73' title="bbox 1049 2268 1802 2312; baseline 0.001 -13"><span class='ocrx_word' id='word_1_506' title='bbox 1049 2275 1098 2299; x_wconf 84' lang='lat' dir='ltr'>est</span> <span class='ocrx_word' id='word_1_507' title='bbox 1122 2275 1156 2299; x_wconf 91' lang='lat' dir='ltr'>et</span> <span class='ocrx_word' id='word_1_508' title='bbox 1180 2268 1273 2307; x_wconf 90' lang='lat' dir='ltr'>lene,</span> <span class='ocrx_word' id='word_1_509' title='bbox 1309 2268 1368 2300; x_wconf 89' lang='lat' dir='ltr'>sed</span> <span class='ocrx_word' id='word_1_510' title='bbox 1392 2269 1496 2300; x_wconf 86' lang='lat' dir='ltr'>minus</span> <span class='ocrx_word' id='word_1_511' title='bbox 1528 2268 1664 2308; x_wconf 78' lang='lat' dir='ltr'>efficax,</span> <span class='ocrx_word' id='word_1_512' title='bbox 1700 2270 1802 2312; x_wconf 85' lang='lat' dir='ltr'>magis</span> 
     </span>
     <span class='ocr_line' id='line_1_74' title="bbox 1047 2313 1806 2357; baseline 0.003 -13"><span class='ocrx_word' id='word_1_513' title='bbox 1047 2313 1310 2355; x_wconf 84' lang='lat' dir='ltr'>perturbationes</span> <span class='ocrx_word' id='word_1_514' title='bbox 1334 2313 1436 2345; x_wconf 88' lang='lat' dir='ltr'>abluit</span> <span class='ocrx_word' id='word_1_515' title='bbox 1462 2314 1676 2356; x_wconf 54' lang='lat' dir='ltr'>tabsterget),</span> <span class='ocrx_word' id='word_1_516' title='bbox 1710 2326 1806 2357; x_wconf 88' lang='lat' dir='ltr'>quam</span> 
     </span>
     <span class='ocr_line' id='line_1_75' title="bbox 1047 2357 1806 2402; baseline 0.003 -14"><span class='ocrx_word' id='word_1_517' title='bbox 1047 2370 1100 2389; x_wconf 87' lang='lat' dir='ltr'>eas</span> <span class='ocrx_word' id='word_1_518' title='bbox 1126 2358 1254 2400; x_wconf 89' lang='lat' dir='ltr'>penitus</span> <span class='ocrx_word' id='word_1_519' title='bbox 1279 2357 1386 2396; x_wconf 88' lang='lat' dir='ltr'>tollit;</span> <span class='ocrx_word' id='word_1_520' title='bbox 1412 2358 1570 2397; x_wconf 87' lang='lat' dir='ltr'>alterum,</span> <span class='ocrx_word' id='word_1_521' title='bbox 1597 2358 1685 2402; x_wconf 89' lang='lat' dir='ltr'>quod</span> <span class='ocrx_word' id='word_1_522' title='bbox 1706 2359 1740 2390; x_wconf 92' lang='lat' dir='ltr'>in</span> <span class='ocrx_word' id='word_1_523' title='bbox 1766 2370 1806 2391; x_wconf 90' lang='lat' dir='ltr'>eo</span> 
     </span>
     <span class='ocr_line' id='line_1_76' title="bbox 1048 2402 1803 2446; baseline 0.003 -13"><span class='ocrx_word' id='word_1_524' title='bbox 1048 2403 1202 2441; x_wconf 88' lang='lat' dir='ltr'>cernitur,</span> <span class='ocrx_word' id='word_1_525' title='bbox 1229 2410 1263 2434; x_wconf 91' lang='lat' dir='ltr'>ut</span> <span class='ocrx_word' id='word_1_526' title='bbox 1276 2402 1406 2441; x_wconf 84' lang='lat' dir='ltr'>doceas,</span> <span class='ocrx_word' id='word_1_527' title='bbox 1432 2403 1518 2446; x_wconf 89' lang='lat' dir='ltr'>ipsas</span> <span class='ocrx_word' id='word_1_528' title='bbox 1540 2404 1803 2446; x_wconf 88' lang='lat' dir='ltr'>perturbationes</span> 
     </span>
     <span class='ocr_line' id='line_1_77' title="bbox 1049 2447 1805 2492; baseline 0.003 -14"><span class='ocrx_word' id='word_1_529' title='bbox 1049 2460 1108 2490; x_wconf 91' lang='lat' dir='ltr'>per</span> <span class='ocrx_word' id='word_1_530' title='bbox 1125 2459 1160 2478; x_wconf 92' lang='lat' dir='ltr'>se</span> <span class='ocrx_word' id='word_1_531' title='bbox 1179 2459 1249 2479; x_wconf 87' lang='lat' dir='ltr'>esse</span> <span class='ocrx_word' id='word_1_532' title='bbox 1265 2447 1398 2479; x_wconf 84' lang='lat' dir='ltr'>vitiosas</span> <span class='ocrx_word' id='word_1_533' title='bbox 1419 2459 1480 2479; x_wconf 89' lang='lat' dir='ltr'>nec</span> <span class='ocrx_word' id='word_1_534' title='bbox 1498 2448 1618 2480; x_wconf 89' lang='lat' dir='ltr'>habere</span> <span class='ocrx_word' id='word_1_535' title='bbox 1633 2448 1805 2492; x_wconf 89' lang='lat' dir='ltr'>quicquam</span> 
     </span>
     <span class='ocr_line' id='line_1_78' title="bbox 1049 2493 1805 2530; baseline 0.001 -7"><span class='ocrx_word' id='word_1_536' title='bbox 1049 2500 1104 2523; x_wconf 81' lang='lat' dir='ltr'>aut</span> <span class='ocrx_word' id='word_1_537' title='bbox 1120 2493 1267 2524; x_wconf 87' lang='lat' dir='ltr'>naturale</span> <span class='ocrx_word' id='word_1_538' title='bbox 1284 2500 1339 2524; x_wconf 88' lang='lat' dir='ltr'>aut</span> <span class='ocrx_word' id='word_1_539' title='bbox 1357 2493 1586 2530; x_wconf 81' lang='lat' dir='ltr'>necessarium,</span> <span class='ocrx_word' id='word_1_540' title='bbox 1612 2500 1661 2524; x_wconf 89' lang='lat' dir='ltr'>est</span> <span class='ocrx_word' id='word_1_541' title='bbox 1681 2500 1805 2525; x_wconf 89' lang='lat' dir='ltr'>certum</span> 
     </span>
     <span class='ocr_line' id='line_1_79' title="bbox 1048 2537 1804 2581; baseline 0 -13"><span class='ocrx_word' id='word_1_542' title='bbox 1048 2537 1208 2581; x_wconf 88' lang='lat' dir='ltr'>simulque</span> <span class='ocrx_word' id='word_1_543' title='bbox 1232 2545 1265 2568; x_wconf 88' lang='lat' dir='ltr'>et</span> <span class='ocrx_word' id='word_1_544' title='bbox 1290 2537 1477 2580; x_wconf 85' lang='lat' dir='ltr'>opinionem</span> <span class='ocrx_word' id='word_1_545' title='bbox 1509 2538 1626 2569; x_wconf 79' lang='lat' dir='ltr'>falsam</span> <span class='ocrx_word' id='word_1_546' title='bbox 1649 2538 1738 2569; x_wconf 86' lang='lat' dir='ltr'>tollit</span> <span class='ocrx_word' id='word_1_547' title='bbox 1771 2544 1804 2569; x_wconf 87' lang='lat' dir='ltr'>et</span> 
     </span>
     <span class='ocr_line' id='line_1_80' title="bbox 1048 2582 1463 2624; baseline 0 -11"><span class='ocrx_word' id='word_1_548' title='bbox 1048 2582 1285 2624; x_wconf 84' lang='lat' dir='ltr'>aegritudinem</span> <span class='ocrx_word' id='word_1_549' title='bbox 1310 2582 1463 2613; x_wconf 86' lang='lat' dir='ltr'>detrahit.</span> 
     </span>
    </p>

    <p class='ocr_par' dir='ltr' id='par_1_16' title="bbox 1049 2626 1805 2793">
     <span class='ocr_line' id='line_1_81' title="bbox 1116 2626 1805 2670; baseline -0.003 -11"><span class='ocrx_word' id='word_1_550' title='bbox 1116 2630 1215 2659; x_wconf 80' lang='lat' dir='ltr'>animi</span> <span class='ocrx_word' id='word_1_551' title='bbox 1238 2628 1425 2667; x_wconf 74' lang='lat' dir='ltr'>placatione]</span> <span class='ocrx_word' id='word_1_552' title='bbox 1463 2628 1503 2658; x_wconf 90' lang='lat' dir='ltr'>H.</span> <span class='ocrx_word' id='word_1_553' title='bbox 1529 2637 1557 2658; x_wconf 88' lang='lat' dir='ltr'>e.</span> <span class='ocrx_word' id='word_1_554' title='bbox 1583 2626 1712 2665; x_wconf 76' lang='lat' dir='ltr'>animo,</span> <span class='ocrx_word' id='word_1_555' title='bbox 1751 2627 1805 2670; x_wconf 88' lang='lat' dir='ltr'>qui</span> 
     </span>
     <span class='ocr_line' id='line_1_82' title="bbox 1049 2670 1804 2715; baseline 0 -12"><span class='ocrx_word' id='word_1_556' title='bbox 1049 2671 1296 2715; x_wconf 82' lang='lat' dir='ltr'>perturbatione</span> <span class='ocrx_word' id='word_1_557' title='bbox 1318 2671 1458 2712; x_wconf 77' lang='lat' dir='ltr'>agitatus</span> <span class='ocrx_word' id='word_1_558' title='bbox 1478 2678 1527 2702; x_wconf 84' lang='lat' dir='ltr'>est</span> <span class='ocrx_word' id='word_1_559' title='bbox 1550 2678 1584 2702; x_wconf 89' lang='lat' dir='ltr'>et</span> <span class='ocrx_word' id='word_1_560' title='bbox 1607 2670 1638 2701; x_wconf 89' lang='lat' dir='ltr'>in</span> <span class='ocrx_word' id='word_1_561' title='bbox 1660 2670 1804 2703; x_wconf 87' lang='lat' dir='ltr'>diversas</span> 
     </span>
     <span class='ocr_line' id='line_1_83' title="bbox 1049 2715 1805 2759; baseline 0.001 -12"><span class='ocrx_word' id='word_1_562' title='bbox 1049 2724 1159 2759; x_wconf 82' lang='lat' dir='ltr'>partes</span> <span class='ocrx_word' id='word_1_563' title='bbox 1174 2716 1358 2755; x_wconf 87' lang='lat' dir='ltr'>distractus,</span> <span class='ocrx_word' id='word_1_564' title='bbox 1378 2715 1561 2757; x_wconf 86' lang='lat' dir='ltr'>mitigando</span> <span class='ocrx_word' id='word_1_565' title='bbox 1579 2715 1704 2759; x_wconf 88' lang='lat' dir='ltr'>sibique</span> <span class='ocrx_word' id='word_1_566' title='bbox 1721 2727 1805 2748; x_wconf 90' lang='lat' dir='ltr'>con-</span> 
     </span>
     <span class='ocr_line' id='line_1_84' title="bbox 1049 2761 1202 2793; baseline -0.007 0"><span class='ocrx_word' id='word_1_567' title='bbox 1049 2761 1202 2793; x_wconf 88' lang='lat' dir='ltr'>ciliando.</span> 
     </span>
    </p>

    <p class='ocr_par' dir='ltr' id='par_1_17' title="bbox 1045 2804 1804 2982">
     <span class='ocr_line' id='line_1_85' title="bbox 1114 2804 1804 2847; baseline 0 -10"><span class='ocrx_word' id='word_1_568' title='bbox 1114 2807 1272 2847; x_wconf 77' lang='lat' dir='ltr'>abluatur]</span> <span class='ocrx_word' id='word_1_569' title='bbox 1301 2804 1545 2844; x_wconf 84' lang='lat' dir='ltr'>Coniunctivus‚</span> <span class='ocrx_word' id='word_1_570' title='bbox 1570 2805 1625 2847; x_wconf 93' lang='lat' dir='ltr'>qui</span> <span class='ocrx_word' id='word_1_571' title='bbox 1642 2805 1726 2837; x_wconf 87' lang='lat' dir='ltr'>male</span> <span class='ocrx_word' id='word_1_572' title='bbox 1742 2805 1804 2838; x_wconf 82' lang='lat' dir='ltr'>ha·-</span> 
     </span>
     <span class='ocr_line' id='line_1_86' title="bbox 1046 2849 1803 2892; baseline 0 -11"><span class='ocrx_word' id='word_1_573' title='bbox 1046 2850 1117 2881; x_wconf 82' lang='lat' dir='ltr'>buit</span> <span class='ocrx_word' id='word_1_574' title='bbox 1134 2850 1324 2888; x_wconf 88' lang='lat' dir='ltr'>Bentleium,</span> <span class='ocrx_word' id='word_1_575' title='bbox 1348 2849 1395 2880; x_wconf 87' lang='lat' dir='ltr'>sic</span> <span class='ocrx_word' id='word_1_576' title='bbox 1419 2850 1630 2892; x_wconf 84' lang='lat' dir='ltr'>explicandus</span> <span class='ocrx_word' id='word_1_577' title='bbox 1655 2850 1803 2882; x_wconf 85' lang='lat' dir='ltr'>videtur:</span> 
     </span>
     <span class='ocr_line' id='line_1_87' title="bbox 1045 2894 1803 2937; baseline 0 -10"><span class='ocrx_word' id='word_1_578' title='bbox 1045 2897 1194 2935; x_wconf 82' lang='lat' dir='ltr'>concedo,</span> <span class='ocrx_word' id='word_1_579' title='bbox 1228 2894 1327 2926; x_wconf 86' lang='lat' dir='ltr'>animi</span> <span class='ocrx_word' id='word_1_580' title='bbox 1359 2894 1545 2936; x_wconf 85' lang='lat' dir='ltr'>placatione</span> <span class='ocrx_word' id='word_1_581' title='bbox 1578 2894 1803 2937; x_wconf 86' lang='lat' dir='ltr'>perturbatio-</span> 
     </span>
     <span class='ocr_line' id='line_1_88' title="bbox 1046 2939 1802 2982; baseline -0.001 -11"><span class='ocrx_word' id='word_1_582' title='bbox 1046 2951 1120 2971; x_wconf 87' lang='lat' dir='ltr'>nem</span> <span class='ocrx_word' id='word_1_583' title='bbox 1144 2939 1231 2971; x_wconf 85' lang='lat' dir='ltr'>ablui</span> <span class='ocrx_word' id='word_1_584' title='bbox 1257 2950 1372 2982; x_wconf 87' lang='lat' dir='ltr'>posse,</span> <span class='ocrx_word' id='word_1_585' title='bbox 1417 2946 1631 2971; x_wconf 85' lang='lat' dir='ltr'>veruntamen</span> <span class='ocrx_word' id='word_1_586' title='bbox 1656 2946 1744 2972; x_wconf 86' lang='lat' dir='ltr'>certa</span> <span class='ocrx_word' id='word_1_587' title='bbox 1769 2946 1802 2971; x_wconf 85' lang='lat' dir='ltr'>et</span> 
     </span>
    </p>
   </div>
  </div>
 </body>
</html>
