1832 3137
1517 114 1603 156 369

46 199 126 242 sis?
155 210 206 238 an
229 196 314 238 sine
336 195 605 238 misericordia
623 197 805 240 liberales
828 213 916 240 esse
938 214 1015 241 non
1033 201 1268 255 possumus?
1290 215 1366 243 non
1386 203 1488 244 enim
1512 217 1597 244 sns-

45 272 174 327 cipere
197 270 269 326 ipsi
292 269 556 324 aegritudines
590 279 748 326 propter
770 273 866 312 alios
893 273 1101 325 debemus,
1145 275 1213 315 sed
1240 274 1337 316 alios
1352 309 1362 327 ,

41 347 159 385 mus2
174 375 185 395 ‚
229 344 360 385 levare
396 344 653 398 aegritudine.

623 120 786 152 LIBER
810 121 865 154 1v.
889 118 952 161 26,
978 119 1031 154 57.

1404 275 1435 316 si
1460 290 1597 331 possu-

718 342 953 386 Obtrectare
975 360 1071 387 vero
1102 347 1214 388 alteri
1253 355 1320 389 aut
1352 349 1415 390 illa
1454 349 1598 391 vitiosa

41 417 324 467 aemulatione,
369 431 466 471 quae
494 417 677 458 rivalitati
702 418 836 459 similis
861 425 944 468 est,
988 420 1172 460 aemulari
1198 421 1285 475 quid
1311 422 1426 462 habet
1454 423 1597 464 utilita-

41 490 116 531 tis?
146 505 261 545 quum
279 491 328 531 sit
348 490 579 531 aemulantis
606 491 695 545 angi
713 491 839 531 alieno
861 490 980 542 bono,
1005 494 1104 545 quod
1127 494 1210 548 ipse
1234 509 1312 535 non
1333 495 1495 548 habeat3
1530 496 1597 536 ob-

1518 567 1598 622 Qui

39 636 109 677 id³
133 637 338 692 approbari
355 640 372 663 3
397 637 521 691 possit
538 639 560 664 4
579 669 589 688 ,
624 637 905 691 aegritudinem
928 637 1128 692 suscipere
1152 654 1222 693 pro
1251 641 1521 695 experientia,
1564 644 1596 683 si

38 710 126 765 quid
158 710 302 750 habere
333 710 458 750 velis?
499 724 586 750 nam
618 710 741 750 solum
781 709 925 750 habere
963 710 1065 751 velle
1103 725 1252 752 summa
1293 714 1485 755 dementia
1518 723 1592 757 est.

36 790 106 825 57.
139 782 435 824 Mediocritates
452 790 579 823 autem
599 783 784 823 malorum
804 782 889 837 quis
906 783 1064 824 laudare
1083 791 1190 825 recte
1209 785 1359 840 possit?
1390 788 1474 840 quis
1494 788 1594 828 enim

35 862 179 911 potest,
212 856 250 895 in
269 870 342 910 quo
363 855 480 895 libido
500 855 739 910 cupiditasve
755 858 773 882 ⁵
797 856 863 907 sit,
898 870 974 896 non
993 856 1223 898 libidinosus
1245 865 1284 898 et
1302 860 1462 913 cupidus
1482 863 1597 901 esse?

32 928 72 970 iu
95 943 170 983 quo
193 928 276 979 ira,
311 943 387 969 non
407 928 646 969 iracundus?
675 928 712 969 in
737 944 811 983 quo
833 943 971 984 angor,
1007 944 1083 970 non
1106 931 1276 972 anxius?
1306 931 1345 972 in
1365 947 1440 986 quo
1464 933 1593 983 timor,

40 564 243 604 trectantis
265 570 391 604 autem
407 595 417 614 ,
451 564 539 618 angi
560 564 688 605 alieno
708 564 825 615 bono,
857 565 956 618 quod
983 563 1019 604 id
1043 565 1157 605 etiam
1182 567 1278 608 alius
1300 568 1454 610 habeat.

33 1016 112 1043 non
136 1002 316 1042 timidus?
348 1002 593 1043 libidinosum
623 1001 771 1056 igitur6
806 1010 845 1043 et
866 1003 1092 1043 iracundum
1119 1011 1155 1044 et
1182 1004 1342 1045 anxium
1363 1013 1400 1045 et
1426 1006 1615 1046 timidum,

34 1088 238 1116 censemus
265 1088 354 1116 esse
386 1075 631 1129 sapientem?
689 1075 751 1116 De
785 1075 894 1116 cuius
923 1076 1158 1117 excellentia
1188 1078 1306 1118 multa
1337 1078 1489 1132 quidem
1522 1079 1596 1119 dici

33 1149 208 1203 quamvis
228 1149 312 1189 fuse
333 1148 486 1202 lateque
512 1151 732 1203 possunt⁷3
767 1149 835 1189 sed
856 1149 1089 1190 brevissime
1110 1150 1173 1190 illo
1196 1151 1332 1202 modo,
1366 1151 1594 1206 sapientiam

32 1235 122 1263 esse
143 1235 270 1262 rerum
298 1221 514 1262 divinarum
540 1229 579 1261 et
599 1222 850 1262 humanarum
874 1222 1076 1262 scientiam
1099 1223 1461 1278 cognitionemque,
1496 1239 1594 1278 qnae

33 1295 219 1349 cuiusque
244 1294 302 1335 rei
335 1308 474 1335 caussa
501 1295 564 1334 sit.
1526 1298 1596 1338 hu„

628 1293 694 1334 Ex
727 1310 802 1349 quo
831 1295 1015 1346 efficitur,
1060 1303 1100 1336 ut
1126 1295 1257 1336 divina
1284 1296 1480 1347 imitetur,

33 1382 148 1408 mana
170 1368 301 1407 omnia
324 1367 513 1407 inferiora
535 1367 677 1408 virtute
701 1368 832 1409 ducat.
895 1367 940 1408 In
967 1368 1065 1408 hanc
1083 1372 1100 1395 ⁸
1126 1376 1166 1409 tu
1190 1369 1323 1422 igitur,
1358 1376 1535 1424 tanquam
1556 1371 1594 1410 in

122 1480 144 1513 2
168 1485 250 1524 Aug.
273 1493 355 1513 unus
381 1483 440 1513 Ox.
461 1488 495 1513 et
516 1493 639 1524 paucae
660 1481 736 1513 edd.
760 1488 842 1513 vett.
868 1485 895 1514 si
912 1485 1088 1522 possimus:
1121 1481 1211 1524 quod
1234 1482 1275 1514 ab
1296 1481 1330 1514 h.
1353 1482 1376 1514 l.
1397 1481 1495 1524 plane
1513 1481 1595 1513 alie-

34 1538 110 1558 num
133 1534 193 1558 est.
221 1526 277 1558 Kl.
301 1537 408 1568 comp.
437 1527 459 1557 Ι.
485 1526 542 1565 12,
567 1524 631 1558 26:
665 1527 691 1558 si
715 1534 822 1570 potes.
881 1527 903 1559 3
930 1527 984 1559 Sic
1005 1527 1095 1558 Med.
1124 1527 1235 1558 Guelf.
1259 1534 1327 1558 tres
1351 1529 1451 1565 Oxx.;
1478 1526 1596 1558 eodem

33 1571 126 1604 ducit
149 1573 225 1612 quid
251 1573 325 1624 (pro
347 1575 400 1612 qui
419 1573 467 1614 id)
493 1571 582 1614 quod
607 1571 710 1603 estin
739 1573 830 1603 Mon.
854 1570 885 1603 2.
919 1578 952 1602 et
974 1572 1052 1604 trib.
1074 1574 1175 1607 ΟΧΧ.,
1169 1584 1175 1590 ·
1211 1571 1328 1615 reliqui
1360 1571 1475 1614 (etiam
1499 1572 1534 1603 R.
1558 1573 1593 1603 P.

33 1616 166 1648 Gud.1.
193 1618 245 1652 lt.)
271 1619 339 1657 quis
360 1619 416 1655 id,·
440 1619 610 1656 approbari
634 1616 757 1647 habent
778 1617 815 1648 R.
839 1618 873 1648 P.
897 1617 982 1648 Gud
1008 1617 1035 1649 1.
1061 1618 1100 1648 ll.
1124 1595 1243 1660 aliique
1264 1616 1377 1655 multi;
1403 1616 1595 1656 aliiappro-

31 1663 114 1693 bare.
160 1660 181 1692 4
207 1662 286 1692 Post
305 1664 401 1701 possit
424 1662 462 1693 D
487 1661 537 1693 ed.
549 1660 580 1691 2.
601 1661 701 1692 tacite
723 1661 851 1692 addidit
874 1666 910 1693 te.
950 1661 1057 1697 Male·
1082 1673 1158 1693 nam
1180 1661 1246 1693 hoc
1268 1672 1365 1704 pron.
1390 1673 1408 1693 e
1432 1664 1508 1693 velis
1532 1661 1595 1692 eli—

32 1706 183 1737 ciendum
210 1712 268 1738 est,
316 1706 336 1737 5
361 1717 391 1737 v.
414 1705 498 1737 Adn.
555 1703 577 1736 6
601 1706 655 1737 Sic
679 1705 793 1748 optimi
818 1706 914 1738 codd.
940 1707 978 1738 R.
1001 1707 1034 1738 P.
1056 1708 1130 1738 Vat.
1153 1706 1286 1738 Gud.1.
1313 1707 1355 1737 Il.
1381 1706 1413 1738 b.
1437 1706 1595 1749 multique

29 1750 105 1787 alii;
139 1751 193 1782 alii
219 1750 313 1782 codd.
338 1757 371 1782 et
401 1751 474 1783 edd.
499 1757 580 1782 vett.
608 1757 685 1793 post
714 1754 809 1790 ἱρέων
833 1751 958 1782 addunt
979 1755 1005 1783 et
1019 1753 1266 1801 cupidu⁷31,ut
1285 1750 1394 1789 vdtr.‚
1430 1751 1472 1782 ob
1496 1757 1596 1782 ante-

31 1795 124 1827 cedd.
152 1797 344 1836 cupiditasve
378 1802 410 1826 et
433 1797 576 1835 cupidus.
624 1798 679 1827 Or.
702 1795 786 1826 haec
816 1796 916 1827 verba
953 1795 1043 1826 uncis
1079 1795 1191 1827 cinxit.
1245 1794 1267 1827 7
1292 1796 1345 1826 Sic
1365 1797 1417 1827 Or.
1443 1807 1470 1827 c.
1491 1795 1594 1826 tribus

30 1842 111 1872 Oxx.
137 1844 218 1883 Aug.
240 1847 273 1874 et
298 1840 349 1872 ed.
376 1847 441 1873 vet.
464 1842 523 1878 P.;

28 1907 116 1929 nunc
135 1903 242 1928 autem
267 1897 300 1928 in
316 1897 399 1928 Add.
414 1909 446 1939 p.
465 1895 539 1929 173.
565 1895 645 1927 illud
666 1896 829 1938 praefert,
854 1903 945 1927 recte
965 1907 1102 1927 monens
1125 1906 1163 1925 ex
1187 1894 1386 1938 compendio
1407 1887 1491 1935 pos—st
1515 1895 1549 1937 (i.
1564 1907 1591 1926 e.

29 1943 182 1984 possunt)
209 1949 316 1973 ortum
336 1941 440 1973 videri
462 1944 580 1981 possint
601 1948 647 1983 et,
673 1941 763 1984 quod
784 1942 858 1974 Vat.
880 1941 917 1974 R.
932 1941 965 1972 P.
991 1940 1077 1972 Gud.
1096 1940 1124 1972 1.
1148 1942 1188 1972 ΙΙ.
1214 1940 1321 1972 Marb.
1342 1939 1408 1972 duo
1429 1939 1508 1972 Pall.
1531 1940 1594 1972 ha-

28 1987 131 2026 bent,
153 1990 259 2027 possit.
303 1987 326 2018 ὅ
350 1999 379 2021 v.
407 1986 490 2018 Adn.

560 1839 657 1871 codd.
695 1840 842 1883 plerique
873 1847 906 1871 et
939 1840 1013 1872 edd.
1047 1846 1130 1871 vett.
1152 1843 1288 1880 possint:
1321 1839 1355 1870 id
1380 1840 1435 1870 Kl.
1456 1840 1593 1882 recepit,

97 2067 173 2106 angi
197 2067 297 2098 alieno
322 2065 364 2109 b.]
401 2065 477 2097 Scil.
501 2076 608 2108 quem.
657 2066 697 2099 V-
721 2065 794 2098 Ad-

30 2116 145 2142 notata
169 2110 210 2141 ad
236 2122 262 2141 c.
283 2112 315 2147 ὅ,
347 2111 402 2144 17:
426 2113 624 2150 concupierit.

92 2165 150 2195 pro
184 2157 388 2197 experientia]
427 2156 520 2187 Loco
558 2155 791 2198 experientiae.

895 2068 1137 2106 sapientiam—
1157 2075 1268 2097 caussa
1291 2065 1343 2108 sit]
1371 2065 1425 2096 Sic
1444 2064 1532 2096 infra
1554 2065 1593 2096 V.

827 2111 860 2149 3,
885 2111 916 2145 7.
967 2111 1018 2142 Cf.
1046 2110 1139 2141 Finn.
1165 2111 1207 2141 ll.
1237 2110 1286 2149 12,
1300 2110 1354 2143 37
1387 2111 1438 2141 De
1459 2109 1592 2152 sapien-

827 2156 895 2187 tiae
919 2155 1114 2187 definitione
1139 2154 1274 2194 confer,
1316 2166 1399 2198 quae
1422 2154 1593 2186 enucleate

31 2199 201 2231 Sententia.
225 2207 275 2231 est
298 2200 397 2231 haec:
425 2200 603 2240 Quomodo
618 2201 652 2232 id
667 2211 793 2243 appro-

31 2244 102 2276 bari
120 2244 272 2287 (laudari)
297 2245 414 2288 possit,
442 2252 476 2276 te
501 2245 577 2288 angi
600 2245 709 2277 alieno
729 2246 794 2278 bo·-

30 2301 87 2328 no,
113 2290 203 2333 quod
225 2290 296 2333 ipse
320 2301 387 2321 non
404 2290 536 2328 habeas,
553 2302 651 2333 quum
671 2291 794 2333 potius,

29 2333 55 2365 si
78 2334 113 2366 id
137 2335 259 2366 habere
282 2335 384 2372 velis,
422 2335 512 2378 quod
546 2336 627 2367 alius
660 2336 792 2374 habeat,

30 2379 92 2410 tibi
109 2379 342 2422 experiendum
364 2379 416 2417 sit,
442 2379 609 2422 quomodo
631 2380 677 2420 id,
705 2361 794 2423 quod

31 2423 112 2456 alius
136 2424 255 2461 habet,
282 2423 408 2465 assequi
432 2424 550 2466 possis.

98 2471 127 2512 §.
152 2468 204 2502 57.
238 2469 445 2511 cupiditasve]
475 2467 596 2505 Bonh.,
632 2480 730 2511 quum
756 2480 796 2500 ex

30 2514 88 2545 ΙΙΙ.
116 2513 165 2545 11.
199 2513 371 2545 libidinem
407 2520 440 2544 et
476 2512 691 2555 cupiditatem
728 2524 794 2545 non

30 2557 166 2590 differre
189 2564 358 2601 appareat,
385 2564 418 2589 et
442 2557 556 2589 statim
579 2558 796 2601 subsequatur

30 2613 90 2635 non
116 2605 298 2636 libidinosus
321 2607 355 2635 et
379 2604 511 2643 cupidus
533 2612 606 2643 esse,
630 2603 693 2644 leg.
711 2602 796 2634 coni.

31 2649 265 2688 cupiditasque,
305 2654 421 2679 contra
460 2649 496 2678 D.
525 2647 567 2679 ob
604 2649 797 2687 cupiditasve

34 2692 118 2724 coni.
153 2695 308 2725 libidinos.
345 2697 417 2724 aut
448 2694 590 2732 cupidus.
648 2693 797 2734 Utraque

34 2737 174 2768 mutatio
199 2737 321 2769 inutilis
344 2744 413 2775 est,
441 2748 527 2773 nam,
554 2736 602 2768 uti
627 2744 716 2768 recte
732 2737 797 2767 do-

35 2787 88 2812 cet
112 2783 230 2821 Moser,
263 2782 367 2814 libido
398 2794 416 2814 a
443 2781 624 2824 cupiditate
649 2780 798 2812 nonnihil

35 2824 167 2863 differt3
194 2826 314 2858 deinde
329 2839 368 2859 ex
386 2826 596 2858 antecedenti
612 2836 647 2858 ve
665 2826 712 2856 vis
729 2826 800 2857 dis-

34 2869 179 2901 iunctiva
196 2871 442 2913 quodammodo
465 2871 612 2914 pertinet
636 2871 734 2902 etiam
758 2870 800 2903 ad

35 2925 126 2958 seqq.
154 2916 306 2948 libidinos.
338 2921 365 2949 et
388 2927 457 2957 cup.

104 2962 248 3000 quamvis
285 2961 352 3005 use]
377 2963 417 2995 V.
443 2961 485 2994 ad
511 2963 534 2993 l.
559 2961 622 3001 21,
646 2958 699 2994 47.

103 3013 149 3042 ed.
171 3016 290 3050 quarta.

828 2200 1022 2243 eruditeque
1042 2200 1209 2242 disputata
1231 2206 1306 2231 sunt
1329 2211 1347 2231 a
1368 2202 1475 2232 Beiero
1494 2198 1536 2231 ad
1553 2198 1594 2230 de

829 2244 1263 2287 Offic.1.43,155.p.303.
1285 2251 1318 2276 et
1340 2246 1380 2277 11.
1403 2246 1422 2276 2
1427 2246 1477 2283 ,5.
1492 2256 1524 2286 p.
1542 2241 1594 2275 14.

828 2292 921 2322 Haec
945 2289 1094 2322 delinitio
1122 2288 1355 2330 complectitur
1378 2295 1445 2319 tres
1470 2295 1592 2330 partes,

828 2336 861 2366 in
887 2347 967 2378 quas
1002 2333 1212 2377 philosophia
1246 2344 1265 2364 a
1298 2333 1464 2364 veteribus
1489 2331 1593 2363 divisa

831 2388 899 2419 est,
935 2379 1126 2422 physicam,
1171 2377 1332 2416 ethicam,
1373 2376 1592 2408 dialecticam.

829 2426 869 2456 V.
883 2435 942 2456 nos
964 2424 996 2455 in
1016 2422 1251 2464 librodictop.
1265 2423 1296 2454 5.
1312 2422 1354 2461 1).
1374 2428 1452 2464 etp.
1470 2420 1591 2464 136sq.

833 2470 883 2502 Cf.
913 2471 1057 2502 Ochsner.
1085 2467 1152 2498 Ecl.
1178 2467 1244 2497 Cic.
1271 2478 1301 2509 p.
1319 2466 1362 2500 97
1377 2478 1425 2509 sq.
1474 2468 1592 2498 Ernest.

832 2514 922 2545 Clav.
947 2525 977 2544 v.
1002 2515 1138 2544 divinus.
1187 2511 1238 2542 Cf.
1261 2522 1359 2554 supra
1383 2513 1440 2543 ΙΙΙ.
1464 2509 1505 2549 4,
1529 2514 1561 2543 ὅ.

898 2558 1049 2597 imitetur]
1076 2556 1152 2587 Scil.
1168 2555 1339 2597 sapientia,
1367 2568 1445 2594 non,
1471 2555 1518 2586 uti
1539 2555 1594 2586 alii

831 2603 967 2638 volunt,
993 2601 1134 2644 sapiens.
1185 2602 1233 2632 De
1252 2601 1413 2643 sapientia
1436 2607 1594 2643 tanquam

831 2658 973 2690 persona
998 2645 1154 2688 loquitur.
1201 2646 1240 2678 V.
1267 2646 1309 2677 ad
1334 2647 1375 2677 H.
1402 2645 1432 2685 7,
1461 2646 1511 2678 18.

901 2694 935 2723 In
959 2693 1038 2722 hanc
1063 2693 1109 2731 tu]
1145 2691 1237 2722 Haec
1271 2697 1320 2722 est
1344 2691 1495 2732 vulgata,
1531 2701 1593 2732 pro

833 2748 895 2779 qua
912 2735 1071 2774 Davisius,
1086 2737 1263 2774 Erasmum,
1280 2735 1480 2773 Ascensium.
1496 2736 1594 2766 Lam-

834 2782 945 2813 binum
969 2780 1115 2823 aliosque
1137 2786 1284 2819 secutus,
1311 2780 1421 2813 dedit:
1456 2783 1489 2811 in
1514 2781 1593 2809 hunc

835 2830 878 2866 tu,
896 2832 931 2857 ut
950 2825 1113 2857 referatur
1127 2825 1168 2857 ad
1190 2825 1383 2867 sapientem.
1411 2826 1500 2863 Quae
1515 2833 1593 2853 cor-

835 2870 940 2902 rectio
960 2870 1051 2902 nullo
1075 2870 1176 2902 modo
1198 2870 1332 2913 probari
1352 2875 1483 2912 potest;
1518 2877 1594 2897 nam

835 2915 948 2958 inepte
979 2915 1109 2958 sapiens
1131 2927 1204 2947 cum
1226 2915 1307 2946 mari
1329 2917 1592 2954 compararetur;

837 2966 951 2993 contra
975 2960 1090 2992 eadem
1117 2959 1322 3003 comparatio
1348 2969 1418 2989 eum
1444 2956 1515 2999 ipsa
1538 2966 1594 2987 sa-

1222 3010 1274 3043 24
