1863 3221
228 123 303 159 XX
881 124 1127 156 PRAEFATlo

371 216 574 278 Tregder
606 216 1013 279 praestantissimos
1045 215 1239 273 codices,
1285 215 1476 277 Regium
1508 221 1551 262 et
1573 215 1782 262 Pithoea-

230 327 350 369 num,
387 311 436 356 ab
460 309 557 355 aliis
578 308 664 353 iam
686 306 944 364 editoribus,
981 306 1057 352 sed
1079 306 1224 352 minus
1247 311 1442 352 accurate
1472 306 1670 363 collatos,
1707 306 1784 351 de-

230 417 317 447 nuo
341 414 508 446 sunnna
532 396 757 459 diligentia
782 395 1071 442 conferendos
1094 395 1264 443 curavit
1286 399 1414 455 atque
1437 411 1488 441 ex
1510 396 1579 442 his
1600 395 1784 457 potissi-

230 506 348 536 mum
384 487 689 535 collationibus
728 486 1076 533 Tusculanarum
1112 484 1414 532 recensionem
1446 485 1652 532 instituit.

363 577 583 622 Klotzz'ns
606 577 791 637 denique
817 592 960 624 novos
985 575 1157 623 codices
1185 580 1227 621 et
1251 574 1467 621 editiones
1493 580 1667 622 veteres
1693 591 1784 621 non

230 668 415 716 contulit
435 668 508 714 ille
531 667 729 727 quidem,
766 667 844 713 sed
866 665 1146 727 superiorum
1165 666 1384 712 editorum
1405 669 1617 726 apparatu
1636 665 1785 711 critico

230 758 563 820 diligentissime
598 756 897 818 pervestigato
935 755 1234 815 acerrimoque
1269 754 1429 801 iudicio
1469 755 1711 801 examinato
1740 754 1786 801 in

231 849 499 895 emendanda
525 847 681 893 horum
708 846 923 893 librorum
945 845 1164 907 scriptura
1183 860 1340 906 magna
1362 860 1458 892 cum
1484 845 1612 891 laude
1634 859 1788 891 versa·

229 944 300 985 tus
328 943 408 985 est.
480 937 643 999 Negari
669 936 846 997 quidem
869 952 959 982 non
993 939 1164 997 potest,
1212 950 1339 996 saepe
1371 950 1469 981 eum
1489 934 1620 981 nimis
1645 934 1786 992 anxie,

229 1045 283 1075 ne
307 1030 445 1075 dicam
465 1027 703 1085 serviliter,
741 1026 936 1072 codicum
954 1025 1117 1072 litteris
1141 1025 1393 1071 adhaesisse
1416 1026 1468 1071 ob
1492 1040 1671 1084 eamque
1693 1040 1786 1071 rem

228 1135 317 1164 non
349 1134 450 1164 raro
480 1118 610 1163 etiam
636 1132 786 1162 earum
808 1116 1152 1177 seripturarum,
1190 1130 1298 1174 quae
1322 1119 1466 1160 rectae
1493 1131 1539 1160 ac
1563 1130 1693 1160 sanae
1715 1129 1787 1160 ra-

228 1207 340 1254 tioni
368 1210 639 1268 repugnant,
687 1204 980 1266 patrocinium
1002 1208 1154 1250 contra
1187 1203 1441 1264 superiores
1477 1204 1669 1249 editores
1695 1219 1785 1249 ma-

231 1313 314 1358 gna
345 1312 441 1343 cum
459 1295 685 1342 iracundia
711 1294 983 1355 suscepisse3
1033 1294 1111 1339 sed
1141 1309 1270 1352 quam
1302 1293 1348 1337 iu
1377 1294 1619 1339 exercenda
1641 1293 1787 1339 critica

229 1387 459 1448 ingressus
482 1389 549 1431 est
569 1385 708 1442 viam,
747 1399 795 1430 ea
814 1383 952 1429 multo
976 1383 1170 1429 firmiore
1192 1382 1349 1427 nititur
1368 1381 1653 1427 fundamento
1674 1382 1789 1428 mul-

230 1481 362 1536 toque
387 1476 525 1522 tutior
546 1474 762 1521 censenda
785 1478 877 1532 est,
916 1489 1044 1533 quam
1067 1479 1242 1529 eorum,
1281 1470 1378 1531 qui,
1416 1471 1613 1517 codicum
1639 1475 1789 1517 aucto-

231 1567 359 1612 ritate
396 1564 646 1627 posthabita
683 1563 753 1612 vel
784 1563 1016 1610 meliorum
1052 1567 1094 1609 et
1133 1561 1401 1608 deteriorum
1437 1561 1634 1607 codicum
1663 1561 1786 1607 nullo

231 1656 378 1702 habito
407 1656 599 1713 delectu,
645 1654 876 1716 scriptoris
904 1653 1148 1700 orationem
1175 1652 1314 1713 magis
1342 1666 1423 1712 pro
1450 1650 1664 1697 arbitratu
1693 1666 1788 1708 suo,

233 1762 361 1806 quam
386 1761 437 1791 ex
465 1744 635 1792 severis
663 1744 836 1790 criticae
861 1743 1030 1804 legibus
1065 1741 1341 1788 constituunt
1373 1740 1443 1787 vel
1470 1741 1602 1798 adeo,
1650 1741 1696 1786 in
1720 1740 1789 1786 lu-

230 1836 397 1882 bricum
446 1834 720 1881 coniectandi
755 1849 953 1894 campum
992 1831 1150 1889 delati,
1199 1830 1431 1877 sanissima
1478 1845 1606 1891 saepe
1657 1830 1786 1875 verba

230 1926 457 1971 inutilibus
491 1924 755 1971 coniecturis
799 1926 973 1969 tentant
1020 1926 1148 1981 atque
1196 1920 1462 1967 convellunt.
1534 1919 1622 1976 Ac,
1674 1920 1788 1978 quod

232 2031 398 2061 summa
422 2015 548 2061 laude
577 2014 757 2074 dignum
783 2016 873 2070 est,
917 2012 964 2057 in
983 2011 1130 2056 libello
1144 2011 1211 2069 *),
1260 2025 1389 2069 quem
1410 2013 1505 2055 octo
1532 2009 1658 2055 annis
1686 2013 1788 2069 post

233 2104 469 2150 editionem
494 2119 617 2149 suam
642 2102 764 2149 foras
787 2101 998 2163 protulit,
1035 2100 1104 2146 sui
1125 2100 1219 2161 ipse
1244 2099 1412 2144 exstitit
1432 2099 1563 2144 iudex
1590 2098 1786 2145 severis-

233 2194 369 2240 simus
408 2207 695 2254 magnamque
727 2191 1047 2238 sententiarum
1074 2205 1253 2236 suarum
1288 2192 1456 2250 partem
1485 2191 1681 2233 accurate
1716 2202 1788 2232 re-

230 2288 460 2330 tractatam
484 2282 756 2340 emendavit,
794 2282 1039 2342 complures
1061 2283 1286 2326 contortas
1308 2276 1696 2339 interpretationes
1717 2291 1790 2322 re-

230 2374 331 2419 iecit
352 2373 694 2433 melioribusque
715 2370 996 2434 permutavit,
1027 2385 1118 2415 non
1136 2367 1286 2429 paucis
1305 2367 1414 2413 loeis
1437 2366 1491 2411 ad
1510 2365 1788 2426 superiorum

233 2463 451 2508 editorum
478 2463 745 2520 sententias,
791 2465 955 2507 temere
981 2473 1109 2519 saepe
1139 2461 1182 2502 et
1209 2456 1322 2502 elato
1351 2455 1586 2517 supercilio
1613 2455 1738 2516 prius
1765 2470 1788 2499 a

233 2568 278 2597 se
316 2556 517 2608 notatas,
568 2553 700 2598 rediit
736 2551 999 2609 omninoque
1037 2547 1174 2593 multo
1212 2546 1393 2592 liberius
1429 2545 1475 2590 in
1513 2543 1788 2589 diiudicanda

233 2641 450 2701 scriptura
476 2641 700 2702 magisque
725 2641 924 2698 ratione,
975 2654 1102 2698 quam
1127 2652 1249 2683 caeca
1275 2634 1470 2681 codicum
1499 2632 1786 2679 admiratione

234 2732 523 2791 gubernatum
550 2729 746 2776 adhibuit
773 2729 995 2775 iudicium.
1069 2727 1166 2773 Viri
1193 2723 1434 2772 doctissimi
1460 2722 1786 2780 acutissimique

1854 2835 1863 2850 -Ᾱ

324 2865 354 2905 *>
392 2864 579 2905 Naclitra'ige
615 2862 679 2893 und
716 2860 986 2901 Berichtigungen
1021 2872 1058 2890 zu
1090 2858 1233 2890 Cicero's
1267 2854 1550 2897 Disputationibus
1584 2852 1786 2884 Tusculanis.
1848 2851 1863 2863 '¹

233 2931 365 2973 Leipzig
390 2929 483 2963 1843.
