1863 3221
223 113 305 156 268

222 202 380 242 dicenda
410 207 563 242 suntet
589 200 788 250 diffusius3
835 199 1040 239 sententiis
1074 206 1203 240 tamen
1238 202 1417 241 utendum
1450 216 1583 243 eorum
1621 202 1776 257 potissi-

803 121 963 153 [ABER
989 122 1045 153 111.
1074 120 1133 162 10,
1158 121 1212 154 23.
1255 134 1258 136 ψ

221 289 348 324 mum,
387 273 450 326 qui
477 273 643 312 maxime
673 271 764 312 sorti
787 279 849 323 et,
890 279 932 312 ut
954 260 1013 312 ita·
1032 273 1180 323 dicam,
1226 272 1326 313 virili
1352 281 1512 315 utuntur
1549 276 1698 315 ratione
1721 281 1778 314 at-

222 360 295 400 que
319 345 528 386 sententia.
589 344 692 385 Nam
713 343 987 399 Peripatetici,
1025 345 1234 386 familiares
1257 347 1402 397 nostri,
1437 348 1572 401 quibus
1599 348 1693 388 nibil
1719 355 1779 388 est

220 419 402 470 uberius,
447 419 540 458 nihil
562 418 772 468 eruditius,
820 419 913 458 nihil
943 418 1127 472 gravius,
1178 418 1466 459 modim-vitales
1491 421 1553 461 vel
1578 421 1779 474 perturba-

222 493 367 532 tionum
400 492 461 532 vel
499 491 719 531 morborum
752 491 868 531 animi
899 492 990 531 mihi
1026 506 1102 531 non
1142 505 1237 532 sane
1274 492 1452 546 probant.
1517 491 1643 533 Omne
1677 493 1779 532 enim

221 566 377 615 malum,
412 564 527 604 etiam
550 565 760 614 mediocre,
795 565 1034 604 ’‘nialum'l‘5
1063 571 1142 616 est,
1178 579 1248 604 nos
1275 571 1402 604 autem
1426 566 1461 604 id
1483 565 1647 618 agimus,
1683 573 1723 606 ut
1743 566 1778 605 id

219 637 260 677 in
283 637 459 692 sapiente
487 637 629 677 nullum
652 637 703 676 sit
723 637 895 677 omniuo.
958 637 1061 678 I'x'am
1087 645 1125 677 ut
1147 652 1310 691 eorpus,
1344 638 1459 677 etiam
1479 638 1510 678 si
1534 639 1781 678 mediocriter

220 724 378 764 aegrum
401 717 483 761 est,
517 725 652 750 sanum
677 725 753 750 non
778 718 859 761 est,
893 710 949 750 sie
970 710 1008 750 iu
1037 711 1165 750 animo
1190 711 1263 750 ista
1280 714 1297 738 6
1323 711 1569 751 mediocritas
1590 719 1697 751 earet
1718 726 1780 751 sa-

219 784 356 823 nitate.
420 782 556 837 ltaque
578 783 777 838 praeclare
800 784 947 834 nostri,
984 790 1023 824 ut
1045 783 1120 824 alia
1144 784 1285 834 multa,
1321 784 1561 835 molestiam,
1595 785 1780 825 sollicitu-

220 856 364 908 diuem,
398 870 583 910 angorem
611 864 767 911 propter
794 844 1082 897 similitudinem
1109 871 1313 911 corporum
1339 870 1545 910 aegrorum
1570 858 1778 911 aegritudi-

731 936 800 970 25.

219 1002 336 1042 animi
360 1002 690 1056 perturbationem
714 1003 928 1056 appellant,
963 1009 1108 1042 vocant
1131 1003 1231 1042 euim
1256 999 1414 1050 πάθος,
1446 1002 1482 1042 id
1506 1010 1566 1042 est
1584 1003 1774 1054 morbum,

219 943 308 969 nem
345 930 657 969 nominaverunt.
861 929 945 969 Hoc
979 930 1254 984 propemodum
1291 930 1412 969 verbo
1446 929 1590 970 Graeci
1624 944 1776 970 omnem

219 1075 436 1128 quicunque
466 1082 525 1114 est
549 1082 674 1114 motus
703 1077 741 1113 in
773 1074 901 1114 auimo
929 1075 1117 1114 turbidus.
1179 1074 1267 1114 Nos
1305 1075 1466 1124 melius,
1514 1076 1643 1129 aegris
1675 1076 1775 1116 enim

218 1147 445 1201 corporibus
467 1147 660 1187 simillima
683 1147 799 1187 animi
825 1150 918 1186 est⁷
943 1147 1173 1201 aegritudo3
1207 1154 1246 1187 at
1273 1162 1348 1187 nou
1375 1148 1511 1188 similis
1541 1149 1777 1203 aegrotatio-

219 1220 279 1260 nis
298 1227 358 1260 est
382 1220 520 1271 libido,
555 1234 630 1259 non
656 1221 908 1260 immoderata
930 1220 1099 1271 laetitia,
1135 1234 1233 1274 quae
1256 1227 1314 1260 est
1333 1221 1512 1276 voluptas
1536 1221 1654 1261 animi
1678 1222 1776 1262 elata

219 1301 257 1333 et
275 1293 463 1346 gestiens.
524 1291 613 1346 lpse
636 1293 753 1333 etiam
772 1300 895 1333 metus
921 1308 996 1332 non
1020 1299 1079 1333 est
1096 1293 1219 1333 morbi
1245 1294 1449 1333 admodum
1470 1295 1622 1345 similis,
1657 1310 1776 1349 quau-

218 1381 330 1420 quam
355 1365 587 1420 aegritudini
611 1373 669 1406 est
691 1366 888 1418 finitimus;
923 1367 990 1406 sed
1015 1366 1186 1421 proprie,
1222 1373 1263 1406 ut
1287 1367 1505 1420 aegrotatio
1528 1367 1567 1407 iu
1594 1382 1772 1423 corpore,

308 1497 328 1528 5
354 1495 408 1528 Sic
438 1503 528 1528 recte
551 1498 605 1527 Or.
632 1508 649 1528 e
674 1508 757 1528 corr.
780 1496 944 1528 Bouhierii
975 1508 1036 1540 pro
1057 1496 1146 1540 vulg.
1170 1507 1321 1537 ‘enaymtm
1350 1501 1402 1529 esi.
1451 1497 1502 1528 Cf.
1527 1497 1627 1528 verba
1657 1497 1773 1529 subse-

218 1541 368 1584 quentia:
403 1551 458 1573 nos
481 1560 524 1565 —
545 1552 656 1573 sanum
686 1552 746 1573 non
769 1546 821 1573 esi.
869 1542 977 1573 Etiam
997 1542 1073 1580 Kl.,
1109 1542 1161 1584 qui
1184 1542 1217 1572 in
1243 1541 1293 1574 ed.
1321 1542 1487 1583 vulgatam
1510 1542 1647 1573 defendi
1677 1554 1774 1585 posse

217 1586 373 1629 putabat,
399 1598 484 1617 nune
507 1585 539 1617 in
566 1586 648 1617 Adit.
668 1598 699 1627 p.
718 1585 791 1618 130.
818 1587 936 1628 probat
959 1587 1224 1618 emendationem
1242 1587 1415 1618 Bouhierii.
1463 1585 1485 1618 6
1510 1587 1612 1618 Rehd.
1636 1594 1668 1618 et
1690 1599 1775 1630 pau-

219 1643 276 1662 cac
303 1630 377 1662 edd.
397 1637 478 1665 vett.
504 1633 534 1662 in
555 1634 658 1662 animo
678 1634 714 1663 si
737 1635 792 1663 est
814 1634 871 1663 ista
893 1642 955 1663 m.:
981 1632 1069 1674 quod
1092 1632 1145 1662 ΚΙΔ
1171 1631 1296 1673 recepit
1319 1632 1470 1673 quidem,
1496 1643 1583 1663 nunc
1605 1639 1715 1663 autem
1740 1632 1774 1664 iu

217 1675 304 1707 Add.
326 1675 442 1707 reiicit.
490 1673 511 1707 7
537 1676 590 1707 Sic
615 1676 650 1706 R.
676 1677 708 1707 P.
731 1676 816 1708 Gud.
835 1676 862 1707 l.
883 1676 933 1707 ed.
961 1678 996 1710 D,
1021 1688 1081 1718 pro
1105 1676 1189 1718 vulg.
1213 1680 1254 1707 esi
1276 1673 1384 1710 animi.

216 1753 370 1785 siunculis
385 1773 427 1777 -
442 1753 529 1784 effici
550 1753 663 1784 volunt
683 1765 748 1785 non
768 1766 837 1785 esse
860 1755 979 1785 malum
1013 1755 1101 1796 ludo]
1128 1755 1185 1785 Est
1208 1766 1309 1795 genus
1334 1755 1498 1797 quoddam
1522 1755 1774 1797 comparationis

215 1798 375 1829 dolorem.
428 1798 534 1829 Divin.
559 1800 604 1837 ll,
630 1800 691 1830 51.-
729 1804 922 1838 contorquent
945 1806 978 1830 et
1014 1811 1097 1842 quae
1120 1799 1304 1842 appellatur
1329 1799 1611 1842 compendiariae,
1646 1800 1687 1832 de
1712 1812 1774 1843 qua

215 1843 261 1874 ita
285 1842 495 1874 concludunt.
524 1843 684 1884 Cl'.supra
700 1843 795 1881 lll.6,
821 1846 870 1876 13..
897 1852 977 1876 extr.
1014 1856 1043 1874 v.
1065 1844 1106 1874 ad
1131 1846 1153 1876 l.
1182 1845 1215 1883 l,
1242 1846 1272 1875 ζ).
1325 1845 1458 1886 Proprie
1484 1845 1569 1876 enim
1602 1845 1775 1876 dicendum

280 1890 374 1919 latius
401 1888 575 1930 aliquanto]
613 1890 703 1927 Quae
738 1888 978 1920 concluduntur

216 1932 399 1964 contortius
425 1944 442 1963 a
469 1933 604 1970 Stoicis,
643 1944 679 1964 ea
711 1936 805 1965 mulio
831 1936 925 1965 lolius
951 1938 978 1966 et

214 1979 361 2017 diffusius
384 1989 401 2008 a
421 1988 472 2007 me
493 1977 630 2008 (licenda
653 1985 747 2013 sunt3
784 1985 817 2008 at
841 1978 976 2021 elegun-

212 2027 263 2052 ter
287 2021 397 2063 posuit
421 2024 601 2061 aliquanto,
627 2034 690 2064 quo
714 2023 878 2053 sententia
902 2035 977 2054 mo—

214 2065 336 2096 destius
358 2066 503 2096 elferius.
542 2068 587 2096 Ex
611 2067 674 2096 hoc
697 2073 806 2098 autem
829 2067 900 2098 loco
924 2068 974 2098 lu—

214 2110 362 2141 culenter
376 2117 523 2152 apparet,
547 2113 706 2149 aliquanto
722 2111 885 2142 diversum
907 2124 976 2143 esse

213 2166 232 2185 a
247 2154 363 2185 vocula
383 2157 512 2194 paull0‚·
537 2166 610 2185 uam
632 2155 730 2186 verba
752 2158 911 2195 aliquanto
929 2160 976 2188 ἰα-

212 2201 274 2230 tius
296 2206 447 2241 spectant
473 2198 513 2228 ud
538 2206 642 2230 totam
667 2207 858 2242 sequentem
882 2200 975 2231 huius

212 2242 287 2275 libri
318 2243 586 2285 disputationem.
633 2245 672 2275 V.
697 2244 739 2275 ad
771 2246 811 2275 II.
833 2246 896 2283 27,
921 2244 974 2277 65.

213 2287 276 2319 Pro
298 2290 458 2328 aliquanto
476 2288 510 2318 R.
529 2290 561 2320 P.
584 2288 670 2320 Gud.
689 2289 715 2321 l.
739 2290 828 2321 Mon.
849 2290 874 2321 1.
897 2296 974 2321 octo

213 2334 294 2365 ΟΧΧ.
327 2340 360 2364 et
392 2339 496 2375 quatt.
529 2333 604 2364 edd.
631 2340 712 2364 vett.
737 2333 892 2365 exhibent
916 2337 975 2365 ali-

212 2379 358 2416 quando:
382 2378 470 2420 quod
493 2378 613 2419 placuit
635 2380 766 2418 Klotzio,
791 2379 843 2421 qui
868 2390 974 2420 comp.

212 2421 254 2452 de
278 2424 331 2453 Or.
358 2424 382 2454 Ι.
404 2423 458 2461 29,
485 2424 562 2455 Ιόὃτ
589 2422 673 2461 Sed,
699 2423 725 2453 si
747 2423 875 2465 placet,
902 2436 974 2455 ser-

210 2476 342 2496 monem
363 2467 427 2498 alio
447 2467 681 2498 transferamus
703 2474 735 2498 et
753 2475 867 2499 nostro
884 2480 974 2500 more

210 2512 401 2550 aliquando,
426 2523 491 2542 nou
514 2512 682 2543 rhetorico
705 2512 887 2555 loquamur.
935 2514 974 2545 V.

209 2564 269 2604 nos
293 2554 335 2584 ad
360 2557 383 2585 Ι.
411 2557 436 2592 1,
464 2557 510 2593 1.;
534 2556 592 2587 sed
618 2569 635 2588 a
654 2563 767 2589 nostro
792 2558 867 2589 loco
892 2558 974 2589 alie-

212 2609 380 2629 niss1mum
407 2606 466 2629 est.

277 2645 452 2683 familiares
473 2645 583 2686 nostri]
618 2647 657 2676 V.
684 2658 743 2676 nos
769 2646 802 2677 in
829 2647 913 2679 libro
939 2647 970 2679 d.

212 2688 249 2720 de
276 2689 338 2720 Cic.
362 2690 392 2719 in
417 2690 492 2727 phil.
517 2698 589 2719 mer.
615 2701 645 2730 p.
668 2691 710 2723 77
727 2702 774 2732 sq.

277 2734 387 2772 quibus
409 2734 484 2763 nihil
506 2736 546 2763 est
571 2734 706 2776 uberius]
734 2736 771 2766 V.
787 2735 828 2766 ad
849 2738 871 2767 l.
890 2737 921 2775 2,
940 2738 971 2768 5.

280 2776 516 2817 mediocritates]
546 2777 585 2806 H.
603 2789 629 2807 e.
654 2778 836 2809 mediocres
858 2788 972 2814 status,

211 2820 302 2852 Infra
326 2822 380 2852 Ill.
401 2822 454 2857 51,
476 2821 536 2854 74:
564 2821 627 2852 Hic
646 2822 723 2852 mihi
747 2824 886 2855 all‘erunt
910 2836 972 2856 me-

210 2867 398 2897 diocritates.
447 2865 548 2896 Acad.
586 2867 624 2897 ΙΙ.
650 2864 713 2900 44.
743 2867 820 2898 135:
856 2872 972 2900 medio-

212 2912 336 2942 critates
356 2909 404 2941 illi
427 2910 622 2953 probabant.
671 2910 722 2941 Cf.
746 2910 786 2941 ad
810 2913 864 2943 1V.
886 2916 916 2949 2,
940 2913 971 2945 3.

281 2955 307 2995 ᾗ.
325 2954 379 2988 23.
427 2957 602 2995 corporibus
621 2973 664 2978 —
686 2957 785 2987 animi
808 2960 849 2988 est
871 2960 971 2996 aegri—

1014 1895 1104 1926 erat,
1143 1889 1187 1919 uti
1224 1891 1349 1929 Wolfius
1381 1890 1636 1932 iuterpretatur:
1674 1889 1773 1920 uuimi

1012 1933 1185 1975 aegritudo
1216 1933 1379 1965 simillima
1406 1941 1455 1965 est
1482 1934 1667 1965 allectionis
1698 1946 1775 1965 eor—

1012 1979 1100 2020 poris
1122 1979 1332 2020 aegrotantis.
1371 1980 1418 2010 De
1440 1978 1678 2022 compositione
1699 1979 1773 2021 plu-

1012 2023 1086 2054 ralis
1100 2023 1225 2054 numeri
1241 2035 1311 2055 cum
1325 2023 1479 2065 singulari
1495 2036 1523 2056 v.
1540 2024 1581 2055 ad
1598 2025 1634 2054 ll.
1649 2024 1702 2062 25,
1719 2023 1772 2056 54.

1079 2071 1159 2099 elato
1193 2072 1219 2099 el
1251 2070 1394 2109 glesliens]
1438 2069 1497 2099 Ein
1532 2068 1773 2110 ausgelasseues

1013 2112 1078 2142 und
1112 2113 1181 2144 sich
1213 2113 1439 2154 gebiirdendes
1464 2115 1672 2155 Vei-gniigen.
1723 2114 1773 2145 Cf.

1013 2168 1040 2187 c.
1065 2157 1097 2188 11
1114 2181 1121 2194 ,
1146 2156 1199 2188 ¹24.
1225 2164 1257 2187 et
1285 2157 1449 2188 Adnotata
1473 2158 1505 2188 in
1534 2159 1586 2189 lV.
1609 2157 1647 2194 6,
1678 2157 1727 2189 13.

1078 2211 1186 2232 nomen
1209 2203 1297 2232 habet
1330 2212 1390 2233 non
1417 2205 1588 2233 seiunclzmz.
1612 2212 1631 2232 a
1655 2203 1772 2245 dolore]

1012 2245 1258 2286 „Aegritudinis
1285 2257 1403 2276 nomen
1439 2246 1599 2277 eiusmodi
1631 2253 1698 2283 est,
1739 2254 1774 2277 ut

1012 2289 1078 2320 eius
1113 2289 1307 2331 significatio
1338 2302 1356 2321 a
1385 2290 1508 2321 doloris
1532 2290 1773 2332 significatione

1010 2344 1075 2364 non
1101 2334 1143 2364 sit
1166 2334 1348 2365 seiuncta.“
1397 2337 1506 2366 Moser.

1075 2382 1200 2410 inventa
1225 2398 1265 2403 —-
1285 2381 1419 2420 reperta]
1447 2381 1486 2411 V.
1511 2379 1552 2411 ad
1575 2381 1598 2411 Ι.
1620 2378 1673 2418 47,
1699 2380 1770 2413 114.

1012 2424 1058 2454 De
1090 2435 1125 2454 re
1149 2426 1290 2455 Menhius
1321 2424 1352 2454 iu
1380 2425 1536 2456 Observv.
1564 2424 1652 2456 ined.
1677 2425 1773 2456 affert

1010 2468 1205 2510 Hippocrat.
1227 2468 1268 2499 (le
1294 2469 1410 2500 Flatib.
1435 2481 1468 2511 p.
1484 2469 1558 2503 570.
1583 2471 1622 2501 T.
1641 2471 1662 2500 l.
1689 2472 1771 2512 Opp.

1010 2513 1062 2544 ed.
1091 2513 1203 2544 Kuhn.

1079 2558 1155 2589 Car.
1183 2559 1244 2589 Xl.
1270 2559 1297 2600 ᾖ.
1314 2555 1366 2590 24.
1396 2569 1449 2590 nec
1470 2558 1555 2600 vero]
1582 2561 1647 2589 und
1667 2560 1771 2589 wahr-

1009 2604 1068 2634 lich
1099 2605 1202 2642 nicht,
1235 2605 1299 2634 und
1322 2613 1407 2634 zwar
1437 2604 1539 2641 nich&
1573 2603 1771 2634 affirmative

1010 2647 1130 2678 dicitur
1153 2651 1178 2678 ec
1207 2649 1339 2686 quidem.
1388 2648 1426 2678 V.
1449 2648 1586 2686 Seyffert.
1612 2647 1654 2678 ad
1678 2647 1769 2678 Lael.

1012 2692 1071 2730 1⁴3,
1098 2690 1152 2723 4¹2.
1180 2703 1210 2733 p.
1231 2691 1306 2723 ’.ζῶ-Ι.

1075 2746 1182 2776 flevere
1205 2754 1247 2759 ——-
1269 2735 1422 2777 partibus]
1449 2735 1490 2765 de
1513 2736 1642 2766 Invent.
1669 2738 1691 2767 Ι.
1717 2736 1768 2775 10,

1007 2781 1069 2812 22.-
1098 2783 1198 2812 Genus
1219 2786 1277 2817 est,
1304 2779 1392 2821 quod
1416 2779 1523 2821 plures
1546 2784 1650 2818 parles
1675 2792 1767 2812 com—

1008 2824 1181 2866 plectitur,
1220 2830 1253 2855 ut
1288 2824 1416 2855 animal.
1467 2826 1548 2855 Pars
1582 2831 1649 2863 est,
1688 2837 1769 2868 quae

1008 2870 1117 2900 subest
1139 2869 1259 2910 generi,
1287 2875 1321 2898 ut
1343 2880 1454 2910 equus.
1502 2869 1566 2899 Sed
1588 2881 1686 2911 saepe
1711 2882 1768 2901 ea—

1007 2913 1083 2945 dem
1106 2925 1157 2944 res
1181 2913 1234 2944 alii
1258 2924 1379 2955 genus,
1416 2913 1470 2945 alii
1506 2925 1578 2954 pars
1614 2922 1663 2946 est
1689 2921 1767 2945 cett.

1008 2958 1059 2989 Cf.
1081 2957 1168 2989 infra
1189 2959 1244 2989 IV.
1265 2957 1298 2996 ὅ,
1319 2958 1368 2990 ll.
1391 2957 1423 2991 7.
1445 2957 1475 2991 9.
1497 2958 1547 2992 13.
1581 2959 1618 2991 V.
1643 2959 1695 2999 25,
1713 2959 1767 2992 71.
