1863 3221
211 101 294 145 264
798 105 959 138 LIBER
984 105 1042 137 111.
1067 104 1106 144 s,
1135 104 1184 139 ιτ.

215 204 282 233 cos
303 190 483 230 usitatum
507 200 646 228 nomen
672 185 814 226 nullum
837 183 974 235 habet,
1006 183 1074 223 sed
1097 183 1238 223 habere
1262 190 1387 238 potest
1409 181 1644 236 ἀβλάβειανς
1679 197 1766 223 uam

217 270 278 304 est
297 261 518 302 innocentia
554 258 708 300 affectio
743 257 830 298 talis
855 256 995 308 animi,
1042 269 1140 310 quae
1167 262 1305 296 noceat
1340 257 1484 297 nemini
1506 281 1561 287 —
1599 257 1768 310 reliquas

217 335 330 376 etiam
354 334 519 375 virtutes
545 331 745 386 frugalitas
772 329 960 370 continet.
1024 328 1137 382 Quae
1160 328 1232 368 nisi
1257 336 1364 369 tanta
1384 337 1490 370 esset
1515 336 1553 369 et
1576 330 1608 369 si
1637 329 1683 369 iis
1701 343 1770 369 an-

217 407 378 463 gustiis,
412 406 550 460 quibus
578 404 750 459 plerique
779 409 934 458 putant,
968 409 1191 451 teneretur,
1225 416 1416 455 nunquam
1445 409 1550 442 esset
1576 400 1628 441 L.
1658 400 1772 442 Piso-

218 480 279 521 nis
300 492 515 534 cognomen
539 485 646 518 tanto
677 491 796 532 opere
820 476 1029 517 laudatum.
1095 481 1161 516 17.
1198 472 1276 515 Sed
1304 475 1390 528 quia
1426 489 1497 515 nec
1522 475 1583 528 qui
1615 481 1774 528 propter

218 560 360 594 metum
387 551 618 606 praesidium
640 550 819 604 reliquit,
854 549 953 603 quod
978 555 1038 588 est
1064 548 1268 602 ignaviae3
1303 562 1374 588 nec
1398 548 1459 602 qui
1492 554 1649 602 propter
1683 560 1775 587 ava-

218 625 345 666 ritiam
371 625 467 664 clam
491 623 705 678 depositum
727 637 802 663 non
825 622 1005 672 reddidit,
1040 622 1138 675 quod
1163 628 1223 661 est
1242 621 1473 672 iniustitiae3
1508 634 1579 660 nee
1601 620 1663 674 qui
1688 634 1774 674 pro-

220 705 305 754 pter
327 697 584 738 temeritatem
605 696 703 736 male
723 710 803 736 rem
828 696 972 750 gessit,
1007 695 1106 749 quod
1130 701 1190 734 est
1211 694 1412 744 stultitiae,
1442 693 1566 748 siu-qi
1589 693 1774 748 appellari

221 771 342 812 solet:
377 784 424 810 eo
445 777 524 810 tres
542 770 721 818 virtutes,
750 767 1029 818 fortitudinem,
1058 767 1259 818 iustitiam,
1289 767 1546 821 prudentiam,
1576 766 1776 820 frugalitas

221 843 425 897 complexa
446 845 558 893 est23
593 842 684 895 (etsi
706 842 777 882 hoc
801 842 952 895 quidem
975 855 1178 881 commune
1197 848 1256 880 est
1275 841 1484 891 virtutum,
1519 853 1652 879 omnes
1676 840 1776 879 enim

221 917 324 957 inter
355 930 398 956 se
431 929 557 956 nexae
590 922 628 955 et
662 915 849 968 iugataess
888 917 1024 966 suut:)
1067 914 1212 967 reliqua
1250 913 1369 967 igitur
1404 920 1442 953 et
1481 920 1616 966 quarta
1651 913 1777 953 virtus

220 989 387 1029 *ei-iifl
408 988 490 1042 ipsa
506 987 723 1042 frugalitas.
787 986 882 1027 Eius
901 988 1001 1027 enim
1022 987 1278 1026 videturesse
1296 986 1490 1040 proprium
1518 993 1643 1025 motus
1661 986 1777 1025 animi

220 1063 478 1116 appetentes-5
505 1074 643 1114 regere
669 1067 706 1099 et
728 1060 865 1099 sedare
886 1072 1114 1113 semperque
1136 1059 1407 1099 adversantem
1432 1058 1576 1098 libidini
1602 1059 1778 1098 modera-

223 1141 298 1174 tam
324 1134 363 1173 in
388 1133 491 1174 omni
517 1147 559 1173 re
585 1146 746 1173 servare
776 1132 1058 1172 constantiam:
1094 1131 1153 1171 cui
1183 1131 1420 1171 eontrarium
1448 1131 1582 1172 vitium
1608 1131 1777 1185 nequitia

312 1251 333 1284 2
358 1252 412 1283 Sic
435 1253 487 1283 Or.
514 1263 539 1283 c.
564 1250 710 1294 plurimis
733 1250 830 1282 codd.
852 1256 885 1282 et
909 1249 1061 1293 optimis,
1087 1256 1123 1281 ut
1145 1250 1181 1281 R.
1204 1250 1239 1282 P.
1254 1248 1339 1281 Gud.
1357 1249 1384 1280 1.
1412 1249 1490 1281 Gr..
1515 1255 1548 1280 et
1568 1249 1677 1280 multis
1702 1248 1777 1280 edd.

223 1303 305 1329 vett.
326 1308 387 1339 pro
410 1300 451 1328 est
470 1298 579 1336 compl.
627 1295 649 1328 3
673 1295 727 1326 Sic
749 1298 802 1327 Or.
825 1307 851 1327 c.
874 1294 1021 1338 plurimis
1044 1295 1138 1326 codd.
1164 1301 1197 1326 et
1217 1294 1350 1336 optimis
1367 1319 1375 1333 ‚
1397 1301 1431 1325 ut
1454 1295 1490 1325 R.
1516 1295 1549 1325 P.
1576 1294 1719 1331 Gud.1.‚
1746 1300 1781 1325 et

223 1341 371 1384 plurimis
395 1340 470 1374 edd.
491 1347 572 1373 vett.
594 1352 654 1383 pro
673 1343 866 1381 coniugatae.
913 1339 935 1371 4
959 1352 988 1370 v.
1014 1339 1098 1371 Adn.
1146 1340 1166 1371 ὃ
1191 1340 1244 1370 Sic
1267 1341 1321 1371 Or.
1337 1339 1468 1371 c.Mon.
1484 1337 1511 1371 1.
1537 1345 1570 1370 et
1592 1338 1644 1372 ed.
1664 1340 1779 1371 Lamb.

223 1398 284 1430 pro
310 1386 509 1429 reliquorum
532 1388 724 1425 appetentis,
747 1385 882 1427 antiqua
907 1384 1013 1416 forma
1037 1384 1222 1416 accusativi.

1237 1464 1341 1505 Saepe
1366 1461 1464 1493 etiam
1490 1473 1561 1494 cum
1585 1462 1617 1494 vi
1640 1462 1780 1505 quadum

1242 1507 1290 1537 Cf.
1317 1509 1379 1545 235,
1406 1508 1465 1540 71:
1506 1508 1592 1549 Ergo
1614 1510 1668 1547 id,
1691 1507 1779 1550 quod

1017 1461 1187 1494 teriicitur.

1017 1507 1191 1549 repetitur.

1018 1552 1071 1583 alii
1093 1559 1217 1584 rectum
1241 1551 1423 1594 opinantes,
1450 1551 1645 1593 aegritudini
1666 1563 1701 1583 se
1719 1564 1778 1584 so—

223 1475 242 1495 a
268 1463 446 1503 Cicerone,
480 1470 516 1495 ut
546 1463 727 1494 orationem
752 1463 793 1494 ad
823 1461 983 1494 sermonis

224 1508 494 1540 consuetudinem
527 1508 751 1539 conformaret
784 1507 877 1550 eique
905 1518 979 1550 gra-

224 1559 291 1585 tam
317 1552 479 1596 quandam
502 1553 735 1595 negligentiam
761 1552 960 1584 conciliaret.

314 1595 322 1607 2
405 1596 413 1606 r
643 1598 648 1603 .
710 1598 715 1604 .
843 1594 851 1605 9
954 1597 962 1607 7

301 1598 550 1641 αβλαβεια]
586 1597 794 1629 Adiectivum
830 1598 984 1640 αβλαβης

222 1642 460 1686 significatione
491 1645 632 1674 innocens
664 1642 751 1684 apud
785 1642 983 1685 probatissi-

221 1698 293 1720 mos
317 1687 493 1729 scriptores
517 1687 691 1729 reperitur.

288 1731 466 1774 cognomen]
492 1733 589 1771 Frugi
609 1731 694 1762 enim
717 1743 898 1773 cognomen
920 1731 982 1762 ha—

220 1777 321 1808 bebat
341 1777 380 1808 L.
403 1776 488 1815 Piso,
515 1776 588 1818 quia
610 1782 701 1807 tanta
725 1777 847 1807 virtute
871 1783 904 1807 et
928 1776 982 1807 in—

220 1821 394 1863 tegritate,
424 1827 459 1851 ut
483 1820 580 1852 etiam
602 1820 666 1851 illis
692 1821 824 1863 optimis
847 1827 982 1863 tempo-

219 1865 328 1905 ribus,
361 1876 459 1908 quum
482 1864 650 1896 hominem
671 1866 818 1897 invenire
842 1877 981 1908 nequam

219 1910 382 1942 neminem
404 1921 538 1952 posses,
561 1909 648 1941 solus
670 1917 779 1941 tamen
798 1913 895 1950 Fruyi
917 1922 981 1941 110-

218 1954 407 1986 minaretur.
434 1954 500 1985 Cic.
524 1966 585 1997 pro
606 1955 704 1985 Font.
729 1956 819 1987 013.
843 1957 980 1986 Neidius.

284 2002 405 2040 reliqua
424 2002 519 2039 igitur
539 2003 565 2030 et
585 2004 697 2039 quarta
718 2002 816 2031 virtus
836 2001 904 2040 erit]
929 2000 982 2031 Sic

218 2044 334 2086 scripsi
355 2055 372 2074 e
394 2043 591 2075 coniectura.
640 2044 809 2085 Scriptura
832 2043 982 2075 codicum

220 2094 288 2119 est:
323 2090 444 2126 reliqua
467 2090 562 2126 igitur
584 2092 611 2119 et
633 2091 746 2126 quarta
768 2091 867 2120 virtus
891 2092 922 2119 ut
944 2091 982 2120 sit

217 2134 289 2172 ipsa
313 2133 352 2172 fr.
390 2133 468 2162 Eam
491 2132 617 2173 recepit
639 2134 791 2171 Klotzius,
815 2132 913 2163 verba
935 2132 980 2163 ita

221 2176 439 2217 coniungens:
469 2185 507 2207 eo
528 2182 594 2206 tres
617 2175 754 2208 virtutes
775 2195 819 2199 —
842 2176 979 2218 frugali—

219 2227 270 2252 tas
301 2220 471 2262 complexa
503 2226 570 2256 est;
606 2220 732 2263 reliqua
762 2221 862 2262 igitur
887 2228 919 2251 et
948 2232 978 2263 q.

220 2271 256 2296 ut
277 2277 304 2296 s.
328 2264 348 2297 i.
370 2265 394 2296 f.
441 2268 484 2296 At
515 2264 684 2296 durissima
709 2272 758 2295 est
790 2265 978 2296 coniunctio

217 2309 393 2342 verborum
413 2312 507 2349 igitur
530 2316 562 2340 et
585 2314 616 2341 ul
643 2312 699 2352 (τ-
712 2306 826 2349 diors).
868 2312 976 2349 Treyd.

217 2353 515 2394 eMadviyiiconi.:
541 2356 670 2394 Reliqua
682 2357 777 2395 igyilur
790 2358 843 2393 est,
866 2359 978 2394 quartu

215 2401 313 2430 virtus
334 2402 367 2429 ut
389 2401 447 2438 sit,
479 2401 549 2438 ipsa
571 2400 740 2439 fruyulz'las
764 2399 806 2440 (h.
825 2410 852 2430 e.
877 2405 978 2430 restat

217 2442 288 2484 ipsa
310 2443 497 2484 frugalitas,
534 2454 616 2486 quae
638 2444 680 2475 sit
703 2451 817 2486 quarta
840 2443 976 2485 virtus):

217 2497 300 2528 quae
337 2487 422 2518 ratio
459 2488 539 2519 item
574 2488 751 2520 admodum
799 2487 879 2519 dura
917 2495 975 2520 est.

217 2530 343 2562 Multae
374 2531 449 2563 edd.
480 2538 561 2563 vett.
595 2539 627 2563 et
651 2537 733 2575 Aug.
763 2533 976 2575 nonnullique

218 2575 297 2607 Oxx.
319 2581 394 2617 post
416 2577 531 2615 fruyal.
552 2576 678 2608 addunt
697 2587 815 2609 necesse
836 2575 886 2609 esi.
926 2580 978 2610 Or.

217 2630 245 2650 c.
265 2619 306 2650 D.
332 2630 349 2650 e
372 2619 453 2650 coni.
477 2622 638 2660 Reliquum
661 2625 757 2662 iyitur
777 2627 838 2662 est,
865 2626 978 2663 quarta

217 2665 315 2695 virtus
336 2668 368 2695 ut
390 2666 428 2695 sit
450 2666 518 2702 ipsa
540 2667 577 2703 fr.

285 2708 311 2749 §.
332 2707 381 2740 15.
412 2710 549 2747 nequitia
570 2711 608 2739 ab
631 2719 663 2740 eo
686 2729 727 2733 —
752 2714 790 2741 ab
812 2713 859 2753 eo]
888 2711 976 2743 Prius

217 2753 256 2783 ab
279 2761 312 2783 eo
336 2754 512 2791 Ernestius,
549 2754 710 2794 posterius
735 2757 892 2787 Manutius
917 2768 976 2787 ex—

216 2796 414 2828 terminavit.
462 2796 649 2828 Geminatio
683 2798 856 2829 verborum
888 2800 977 2831 nulla

215 2839 336 2872 idonea
358 2848 407 2872 est
428 2852 557 2879 caussa,
585 2852 640 2872 cur
664 2842 762 2873 verba
783 2844 976 2875 MSStorum

215 2885 414 2917 auctoritate
435 2886 558 2917 munita
583 2886 840 2928 proscribamus,
876 2899 974 2929 prae—

214 2929 327 2961 sertim
349 2929 403 2962 ubi
427 2929 607 2962 enuntiatio
637 2930 744 2972 aliqua
770 2930 899 2972 longior
920 2932 972 2963 in-

1018 1597 1087 1628 lent
1112 1597 1252 1635 dedere,
1284 1599 1318 1628 id
1341 1596 1371 1627 hi
1395 1603 1490 1638 turpe
1516 1603 1689 1638 putantes,
1718 1609 1777 1628 ae-

1018 1641 1215 1683 gritudinem
1248 1641 1450 1683 repulerunt.
1498 1642 1561 1679 29,
1587 1642 1650 1675 7¹2:
1690 1643 1777 1684 Ergo

1020 1688 1123 1718 Oileus
1152 1688 1202 1718 ille
1230 1686 1316 1728 apud
1341 1685 1561 1728 Sophoclem,
1598 1686 1653 1729 qui
1675 1687 1777 1719 Tela-

1016 1742 1146 1762 monem
1170 1738 1267 1763 antea
1293 1731 1334 1761 de
1358 1731 1462 1761 Aiacis
1486 1738 1593 1762 morte
1624 1732 1778 1763 consola-

1016 1782 1068 1806 tus
1091 1783 1186 1813 esset‚
1212 1779 1238 1808 is
1260 1787 1357 1818 quum
1377 1775 1520 1806 audisset
1544 1783 1606 1807 etc.
1656 1775 1727 1808 Alia
1746 1788 1776 1808 ν.

1017 1832 1070 1862 ap.
1093 1823 1233 1861 Madvig.
1251 1821 1291 1852 ad
1316 1820 1385 1851 Fin.
1408 1821 1445 1850 V.
1470 1822 1508 1859 ὅ,
1535 1820 1595 1853 22:
1620 1823 1653 1852 id
1675 1824 1778 1860 ipsum

1016 1865 1200 1904 honestum,
1226 1866 1314 1908 quod
1337 1865 1491 1907 amplecti
1512 1865 1591 1903 vult,
1616 1867 1650 1897 id
1673 1865 1777 1897 efficit

1015 1917 1122 1952 turpe.
1175 1910 1225 1941 Cf.
1252 1910 1293 1941 ad
1319 1911 1374 1942 IV.
1403 1908 1460 1950 l-l,
1486 1910 1538 1942 3⁸3.
1574 1910 1622 1947 17,
1649 1910 1702 1943 37.

1082 1957 1300 1997 nequicquam]
1337 1956 1440 1986 Varro
1466 1955 1504 1985 L.
1527 1955 1565 1985 L.
1591 1955 1649 1986 lX.
1685 1958 1712 1997 ξ.
1736 1956 1773 1986 5:

1018 2001 1066 2031 Ex
1090 2010 1127 2032 ne
1151 2006 1184 2030 et
1208 2003 1394 2040 quicquam,
1430 1999 1538 2030 media
1563 1999 1681 2031 extrita
1704 1999 1776 2043 syl—

1017 2044 1109 2083 laba,
1147 2051 1297 2076 coactum
1329 2053 1378 2075 est
1402 2054 1544 2083 nequam.
1594 2045 1706 2087 Itaque
1742 2050 1777 2075 ut

1016 2100 1106 2127 eum,
1132 2100 1227 2130 quem
1250 2096 1399 2131 putamus
1421 2100 1490 2119 esse
1510 2099 1571 2120 uon
1590 2090 1664 2129 hili,
1690 2089 1776 2121 dici-

1015 2145 1084 2163 mus
1108 2136 1216 2172 mutili,-
1241 2134 1287 2164 sic
1309 2134 1340 2164 in
1368 2145 1431 2175 quo
1456 2140 1606 2174 putamus
1630 2145 1700 2165 esse
1722 2144 1774 2166 ne-

1013 2180 1179 2217 quicquam
1199 2178 1334 2208 dicimus
1357 2187 1500 2217 nequam.
1537 2178 1588 2209 Cf.
1605 2180 1774 2210 Forcellinii

1014 2222 1112 2253 Thes.
1138 2223 1210 2254 Lat.
1235 2234 1263 2253 v.
1288 2232 1438 2262 nequam:
1475 2222 1528 2252 ubi
1558 2222 1655 2253 etiam
1680 2234 1771 2254 com-

1014 2266 1121 2308 plures
1147 2266 1274 2297 collecti
1298 2274 1373 2297 sunt
1399 2266 1481 2304 loci,
1518 2267 1549 2298 in
1582 2266 1695 2308 quibus
1720 2269 1772 2298 ho—

1013 2313 1089 2342 mini
1111 2312 1196 2351 frugi
1220 2311 1398 2353 opponitur
1421 2313 1508 2342 homo
1529 2321 1669 2351 nequam.
1709 2311 1773 2342 Sed

1012 2362 1101 2386 recte
1123 2355 1221 2386 docet
1245 2358 1393 2396 Klotzius,
1419 2356 1670 2398 originationem
1692 2367 1773 2398 pro-

1012 2400 1154 2443 positam
1181 2400 1296 2431 falsam
1329 2412 1399 2431 esse
1431 2407 1463 2431 et
1495 2400 1688 2432 vocabulum
1716 2410 1772 2432 ne-

1012 2447 1126 2484 quitiae
1160 2457 1230 2476 cum
1260 2448 1384 2485 nequire
1410 2445 1585 2477 cohaerere
1606 2444 1773 2487 significa-

1011 2501 1111 2532 reque
1134 2492 1415 2530 Nichlsniilziyheit.
1750 2503 1760 2506 -

1080 2536 1166 2566 nihili
1199 2537 1326 2575 dicitur]
1363 2534 1417 2565 Sic
1447 2534 1559 2576 scripsi
1593 2545 1619 2565 e.
1642 2534 1725 2565 Mos.
1753 2544 1770 2564 e

1015 2579 1100 2611 Gud.
1126 2580 1152 2611 l.
1183 2582 1213 2620 (a
1236 2591 1284 2621 pr.
1310 2579 1365 2619 m.)
1391 2578 1488 2610 vind.
1508 2581 1537 2610 2.
1564 2577 1662 2609 duob.
1689 2580 1768 2608 Oxx.

1014 2623 1118 2655 Rehd.
1151 2623 1234 2654 Gud.
1257 2624 1287 2655 2.
1315 2623 1405 2654 Mon.
1430 2624 1456 2654 l.
1489 2622 1564 2654 trib.
1592 2621 1708 2653 Leidd.
1735 2628 1768 2652 et

1012 2667 1158 2710 plurimis
1187 2667 1261 2699 edd.
1287 2673 1365 2699 vett.
1399 2678 1460 2709 pro
1490 2669 1566 2698 nihil
1589 2668 1644 2706 d.,
1680 2666 1768 2708 quod

1012 2713 1136 2744 habent
1158 2713 1194 2743 R.
1220 2714 1255 2744 P.
1277 2711 1405 2754 aliique.
1440 2713 1538 2742 Moser
1561 2721 1666 2753 comp.
1682 2713 1767 2742 Var-

1011 2757 1100 2789 ronis
1122 2757 1229 2788 locum
1252 2758 1288 2787 L.
1310 2756 1366 2794 L.‚
1401 2766 1496 2798 quem
1518 2754 1618 2786 modo
1640 2755 1682 2786 ad
1705 2758 1767 2787 Ne—

1010 2804 1175 2841 quicquam
1210 2800 1395 2837 attulimus,
1436 2805 1469 2830 et
1504 2800 1590 2830 vul.
1626 2811 1657 2842 p.
1687 2801 1766 2831 lll:

1011 2846 1153 2877 Dicimus
1185 2847 1232 2877 hic
1263 2847 1351 2876 homo
1381 2845 1510 2875 nihili
1543 2848 1584 2875 cst
1613 2850 1646 2874 et
1678 2846 1769 2876 huius

1009 2891 1140 2922 hominis
1158 2891 1286 2921 nihili
1307 2895 1339 2919 et
1360 2890 1439 2920 hunc
1452 2890 1604 2920 hominem
1624 2890 1764 2920 nihili.

1012 2936 1196 2974 Wesenberg.
1221 2935 1290 2965 Em.
1309 2933 1348 2964 ΙΙ.
1371 2944 1402 2975 p.
1421 2930 1469 2971 4„
1495 2932 1549 2975 qui
1569 2932 1647 2964 item
1667 2943 1765 2976 prae—
