1832 3137
603 96 947 128 PROLEGOMENA.
1530 91 1558 133 3

0 181 209 235 sapientiae
228 185 450 231 praecepta,
480 177 643 216 Romani
662 177 852 214 sermonis
871 177 1082 228 splendore
1100 179 1320 228 explanata,
1351 193 1399 217 ex
1417 181 1557 219 umbra

0 250 107 302 quasi
136 249 179 286 in
209 248 327 285 solem
360 253 477 296 atque
506 246 709 296 pulverem
739 245 997 294 producenda
1027 246 1200 296 putavit.

110 316 293 355 Omnium
314 313 646 366 philosophorum
668 311 893 362 disciplinas
914 319 1206 363 perscrutatus,
1237 328 1407 352 summos
1427 316 1554 353 Grae-

0 386 78 424 ciae
109 381 372 436 philosophos
401 382 449 418 de
477 379 715 432 gravissimis
745 380 1042 429 quaestionibus
1074 381 1280 420 dissentire
1305 383 1489 434 interque
1516 398 1556 422 se

0 453 182 492 dissidere
209 464 331 501 quum
357 448 612 486 intellexisset
636 446 790 496 sibique
815 448 1092 497 persuasisset,
1133 463 1214 486 non
1240 450 1374 499 aliter,
1413 451 1486 489 nisi
1507 453 1555 490 de

0 520 177 559 omnibus
205 519 324 556 rebus
359 517 403 554 in
438 515 658 554 contrarias
685 520 818 565 partes
847 514 1093 563 disserendo,
1132 517 1228 566 quid
1256 518 1297 555 in
1327 532 1482 568 quaque
1511 533 1556 558 re

0 587 207 627 verisimile
228 592 344 633 esset,
375 583 549 622 inveniri
575 595 704 633 posse2
736 581 1058 620 Academicorum
1080 585 1348 622 recentiorum
1372 586 1557 638 discipli-

0 669 80 704 nae,
112 668 226 705 quam
247 654 321 690 iam
342 652 561 689 adolescens
576 649 741 688 Philone
764 650 863 687 duce
886 656 926 687 et
945 650 1150 699 didicerat,
1182 657 1220 688 et
1237 657 1424 701 tanquam
1445 655 1556 704 opti-

0 736 99 760 mum
119 723 423 759 instrumentum
448 718 498 755 ad
522 718 763 768 eloquentiae
786 718 939 755 laudem
959 718 1263 768 comparandam
1291 720 1454 757 mirifice
1471 734 1554 757 am-

0 790 174 842 plexatus
197 789 344 835 suerat,
374 793 501 824 totum
529 800 568 823 se
587 785 825 836 penitusque
859 786 1036 823 tradidit.
1095 785 1224 823 Huius
1244 787 1347 824 enim
1370 787 1554 838 philoso-

0 857 107 909 phiae
128 856 336 908 proprium
365 861 442 902 est,
471 854 511 891 in
536 860 746 903 utramque
772 859 923 904 partem
951 853 1035 892 veri
1060 854 1287 904 reperiendi
1314 868 1449 892 caussa
1470 855 1550 893 dis-

0 925 160 963 serendo
192 937 346 960 errores
378 922 663 973 opinionesque
696 935 775 958 non
810 921 931 959 firmis
959 928 1253 973 superstructas
1290 923 1556 961 fundamentis

0 993 219 1039 destruere,
250 991 438 1028 iudicium
467 990 618 1026 nullum
643 989 919 1040 interponere,
952 1003 995 1026 ea
1015 990 1207 1039 probare,
1239 1003 1338 1040 quae
1361 990 1555 1028 simillima

0 1061 80 1098 veri
102 1060 328 1105 videantur,
359 1058 541 1095 conferre
562 1070 715 1094 caussas
738 1063 787 1104 et,
820 1057 915 1106 quid
940 1057 981 1093 in
1006 1070 1199 1106 quamque
1220 1058 1451 1095 sententiam
1478 1059 1556 1096 dici

0 1127 140 1179 possit,
172 1139 423 1176 expromere,
454 1124 563 1164 nulla
584 1123 762 1160 adhibita
786 1137 855 1159 sua
878 1123 1136 1168 auctoritate,
1167 1124 1360 1160 iudicium
1387 1125 1555 1163 audien-

0 1195 94 1233 tium
115 1194 340 1242 relinquere
364 1193 558 1242 integrum
581 1203 626 1227 ac
642 1190 822 1227 liberum.
883 1191 942 1228 Ex
964 1203 1043 1239 quo
1063 1190 1320 1241 intelligitur,
1351 1192 1554 1230 Academi-

0 1276 61 1300 cos
96 1275 175 1298 non
204 1272 353 1296 omnem
383 1257 583 1295 scientiam
615 1257 840 1304 sustulisse,
880 1257 945 1293 sed
976 1270 1063 1293 cum
1092 1258 1248 1294 ratione
1277 1259 1558 1308 probabilitate

0 1342 86 1366 usos
105 1340 196 1364 esse.
255 1326 386 1375 ltaque
404 1325 558 1371 Cicero,
591 1324 740 1360 nullius
766 1321 1040 1374 philosophiae
1063 1324 1294 1375 disciplinae
1319 1327 1559 1365 auctoritate

0 1395 220 1442 adstrictus,
251 1392 480 1444 principum
498 1390 832 1442 philosophorum
851 1392 1064 1429 sententias
1087 1392 1328 1430 examinavit
1347 1400 1464 1444 atque
1484 1408 1557 1432 ex-

0 1463 115 1501 cussit
137 1468 186 1509 et,
217 1461 259 1498 in
290 1467 499 1509 utramque
520 1464 670 1509 partem
690 1459 921 1509 ponderatis
946 1459 1003 1496 rei
1028 1460 1232 1498 momentis
1256 1461 1559 1513 rationibusque

0 1529 253 1581 comparatis,
286 1541 384 1578 quae
403 1528 452 1564 ad
469 1526 789 1578 probabilitatem
811 1533 928 1577 atque
956 1527 1044 1565 veri
1068 1527 1363 1566 similitudinem
1393 1531 1558 1569 maxime

0 1611 193 1649 propensa
224 1610 304 1633 csse
335 1595 586 1642 viderentur,
619 1600 775 1631 secutus
806 1601 874 1632 est.

108 1666 214 1701 Inter
242 1677 304 1700 eos
340 1660 618 1713 philos0phoe,
651 1675 750 1711 quos
781 1662 945 1700 maxime
974 1663 1164 1713 probavit
1192 1664 1349 1713 Cicero,
1386 1665 1558 1716 primum

0 1734 122 1771 locum
154 1731 306 1768 obtinet
341 1730 470 1766 Plato:
513 1729 624 1766 cuius
658 1729 953 1780 philosophiam
991 1737 1110 1768 totam
1132 1732 1195 1769 vel
1222 1739 1326 1769 certe
1353 1734 1559 1771 maximam

0 1801 77 1838 eius
105 1805 254 1851 partem
278 1797 360 1835 sine
387 1796 510 1834 dubio
534 1796 604 1833 sibi
631 1797 873 1834 vindicasset
892 1798 1119 1848 Latinisque
1144 1799 1289 1836 litteris
1309 1800 1558 1850 illustrasset,

0 1867 28 1905 si
52 1873 90 1905 et
114 1868 381 1903 Romanorum
403 1864 560 1915 ingenia
587 1864 679 1900 satis
705 1864 860 1900 exculta
887 1865 1051 1901 fuissent
1072 1865 1119 1901 ad
1148 1866 1255 1902 illius
1285 1867 1559 1905 sublimitatem

0 1941 114 1984 atque
136 1934 398 1971 excelsitatem
420 1930 720 1981 percipiendam,
753 1937 789 1967 et
810 1930 892 1981 ipse
915 1937 1033 1968 totam
1053 1932 1135 1969 eius
1154 1933 1412 1971 subtilitatem
1433 1941 1559 1972 niente

0 2014 66 2038 sua
89 2000 343 2049 concepisset.
401 1997 578 2035 Platonis
603 1998 880 2034 auctoritatem
898 2000 940 2035 in
962 1999 1017 2035 eis
1042 2000 1287 2049 potissimum
1311 2008 1466 2039 secutus
1490 2010 1557 2050 est,

0 2080 98 2117 quae
124 2067 172 2104 ad
195 2073 361 2103 naturae
386 2065 646 2116 cognitionem
673 2064 868 2117 (physica)
897 2072 933 2103 et
959 2066 1009 2103 ad
1035 2066 1255 2105 animorum
1281 2068 1557 2108 immortalita-

0 2142 73 2172 tem
102 2140 290 2185 spectant.
351 2133 573 2170 Secundum
609 2132 900 2183 philosophiam
931 2134 1172 2172 Platonicam
1207 2136 1371 2173 maxime
1407 2138 1557 2188 ample-

0 2209 112 2240 xatus
140 2207 197 2238 est
218 2200 442 2238 Stoicorum
471 2200 736 2251 disciplinam,
768 2201 808 2237 in
834 2201 971 2252 primis
995 2202 1037 2239 in
1061 2203 1137 2250 eis,
1169 2216 1268 2253 quae
1287 2204 1487 2254 praeclare
1511 2206 1558 2242 ab

0 2269 71 2307 illis
92 2269 237 2320 scripta
255 2275 369 2306 erant
389 2268 436 2305 de
453 2267 595 2305 morali
612 2267 809 2316 doctrina,
841 2269 888 2306 de
908 2269 1000 2320 legis
1020 2276 1177 2318 natura,
1209 2271 1256 2308 de
1275 2272 1558 2308 conformanda

0 2350 39 2374 re
62 2336 234 2387 publica.
292 2336 373 2373 Etsi
395 2335 503 2372 haud
523 2349 618 2373 raro
646 2335 872 2373 Stoicorum
892 2336 1186 2388 philosophiam
1215 2337 1460 2375 vehementer
1487 2353 1558 2389 ag-

0 2403 178 2455 greditur
214 2409 331 2452 atque
363 2403 616 2453 perstringit,
655 2410 781 2440 tamen
821 2404 983 2441 omnino
1021 2404 1068 2441 de
1098 2404 1164 2440 illa
1202 2404 1403 2455 magnifice
1438 2407 1558 2444 sentit

0 2470 160 2520 eiusque
185 2469 394 2507 sententias
423 2469 699 2507 excelsissimas
730 2471 834 2508 inter
856 2471 960 2508 cives
987 2484 1079 2508 suos
1111 2471 1316 2523 divulgare
1339 2480 1378 2511 et
1402 2488 1556 2526 propa-

0 2550 90 2590 gate
112 2537 264 2585 studet,
305 2550 427 2586 neque
449 2550 510 2574 eas
538 2536 662 2587 ipsas,
702 2537 767 2574 sed
797 2538 940 2587 quibus
964 2551 1025 2575 eas
1046 2537 1202 2576 firmare
1231 2539 1461 2580 nitebantur
1487 2556 1555 2580 ar-

0 2611 202 2657 gumenta,
231 2605 453 2654 longissime
483 2617 770 2654 nonnunquam
801 2605 1002 2654 arcessita,
1034 2605 1304 2657 reprehendit.

299 2783 375 2824 III.
438 2782 506 2823 ,De
543 2782 764 2824 Ciceronis
788 2783 1067 2840 philosophia
1097 2788 1269 2828 morali.

117 2874 272 2913 Veteres
315 2875 609 2926 philosophiam
649 2875 690 2912 in
729 2881 806 2914 tres
844 2883 977 2927 partes
1018 2879 1270 2917 dividebant:
1310 2879 1560 2928 dialecticam,

3 2939 226 2991 physicam,
256 2942 435 2981 ethicam.
493 2943 535 2980 ln
563 2956 800 2993 unaquaque
817 2951 931 2995 parte
953 2946 1090 2984 Cicero
1110 2947 1330 2985 elaboravit
1350 2953 1389 2985 et
1405 2947 1557 2998 egregia

1223 3018 1237 3052 1
1270 3012 1291 3034 *
