1863 3221
231 100 286 143 45

841 103 1000 137 LIBER
1026 105 1050 135 1.
1074 104 1117 142 ⁴2,
1141 104 1173 135 4.

231 188 444 239 Nobiliori,
478 186 577 241 quod
600 185 631 224 is
651 184 688 224 iu
710 184 950 238 provinciam
973 188 1108 239 poi-llas
1129 182 1331 234 duxisset3
1363 184 1531 225 (luxerat
1547 190 1674 223 autern
1695 196 1788 223 oon-

233 264 293 304 sul
317 263 378 303 ille
406 263 443 301 in
467 258 680 310 Aetoliam,
715 264 756 298 ut
780 258 939 307 scimus,
973 256 1158 297 Ennium.

233 344 316 377 crat
339 334 485 390 poetis,
530 346 578 372 eo
605 331 754 372 minora
780 330 906 371 studia
943 332 1118 381 fuerunt3
1163 344 1235 371 nec
1264 337 1417 380 tamen,
1451 331 1482 371 si
1510 330 1571 385 qui
1594 332 1607 356 ¹
1639 328 1787 383 magnis

233 407 400 462 ingeniis
426 407 464 447 in
499 420 546 447 eo
572 418 718 459 geue-re
743 405 1004 455 exstiterunt⁷

233 482 486 536 sponderunt.

1222 254 1311 309 Quo
1333 256 1460 297 minus
1484 256 1603 311 igitur
1630 256 1788 297 lionoris

1050 418 1126 444 non
1148 404 1242 444 satis
1279 402 1521 444 Graecorum
1556 404 1704 457 gloriae
1728 415 1789 442 re-

549 485 588 520 4.
623 478 688 519 An
717 492 942 528 censemus,
976 478 1006 517 si
1036 475 1182 528 Fabio,
1217 476 1456 517 nobilissimo
1484 476 1650 527 homiui⁷
1687 475 1787 515 laudi

232 557 360 596 (latum
382 560 502 604 esset,
537 553 635 607 quod
657 552 849 607 pingeret,
883 565 959 591 non
982 551 1123 592 multos
1149 551 1264 592 etiam
1285 550 1382 605 apud
1407 564 1476 590 nos
1502 551 1650 591 futuros
1672 548 1790 605 Poly-

324 685 341 717 1
368 697 398 717 v.
424 683 510 716 Adu.

298 765 432 796 duxerat
453 764 571 804 autem]
606 761 769 794 Paiticula
792 765 895 793 autem
919 772 992 792 sae-

232 809 364 853 pissime
399 808 465 840 vim
496 807 618 839 habere
650 807 781 838 videtur
816 805 995 849 particulae

231 857 323 888 enim.
373 857 416 885 At
447 852 578 884 videtur
610 858 749 885 tantum.
799 855 906 883 Autem
940 862 995 882 re·-

231 900 376 943 spondet
398 898 496 941 plane
523 898 649 929 Graeco
674 897 741 940 δέ,
766 896 855 940 quod
880 896 995 928 crebro

232 955 291 988 pro
313 942 394 986 γάρ
420 943 563 986 positum
583 942 722 974 videtur.
771 942 905 984 Egregie
929 953 996 972 rem

231 988 416 1022 enucleavit
436 991 632 1020 Hermamms
663 987 706 1018 ad
728 987 838 1029 Viger.
860 986 938 1018 543.
961 987 992 1018 b.

230 1047 263 1078 p.
282 1033 366 1065 845:
404 1033 494 1071 „Ubi
518 1032 595 1075 quid
616 1032 649 1062 iu
674 1032 843 1063 reddenda
867 1031 995 1062 ratione

231 1079 279 1110 sic
302 1078 455 1115 affertur,
493 1083 529 1107 ut
552 1076 586 1107 id
611 1083 738 1118 partem
769 1076 910 1118 aliquam
934 1075 994 1113 rei,

234 1125 276 1155 de
302 1135 364 1166 qua
388 1133 496 1153 sermo
522 1128 590 1159 est,
618 1121 816 1159 constituat,
842 1120 939 1163 plane
960 1127 995 1151 ut

231 1169 263 1200 in
289 1167 401 1211 quavis
424 1166 633 1204 narratione,
669 1165 723 1197 ubi
748 1176 870 1197 novum
894 1176 994 1207 prae-

231 1213 423 1245 cedentibus
447 1211 673 1254 praedicatum
697 1210 846 1248 accedit,
882 1209 929 1243 δέ
961 1216 994 1241 et

231 1263 335 1291 autem
354 1258 462 1289 locum
478 1257 612 1294 habeut,
633 1256 753 1298 quippe
768 1256 809 1287 ob
827 1255 861 1286 id
876 1254 992 1296 ipsum,

232 1303 321 1347 quod
342 1313 462 1334 novum
486 1301 563 1344 quid
583 1300 722 1339 accedit,
749 1300 993 1343 oppositionem

231 1348 395 1391 quandam
428 1346 497 1378 fieri
528 1345 749 1377 indicantes.“
800 1345 850 1376 Cf.
874 1347 994 1377 Passo-

230 1397 317 1425 vium.
341 1393 374 1423 in
398 1392 455 1424 Gr.
480 1393 560 1422 Lex.
585 1403 615 1422 v.
641 1390 699 1424 δέ.
735 1397 768 1422 et
792 1401 851 1421 nos
875 1390 908 1420 iu
935 1391 992 1422 Gr.

234 1440 292 1469 Gr.
317 1438 414 1469 T.11.
441 1439 470 1478 ᾗ.
486 1433 564 1477 736,
589 1435 622 1467 ὃ.
651 1436 721 1477 (Gr.
745 1435 848 1466 schol.
873 1435 900 1477 §5-
916 1434 991 1470 322,

232 1490 301 1514 not.
326 1482 373 1522 5.)
413 1482 470 1512 Gr.
500 1482 538 1512 L.
565 1483 591 1523 ᾗ.
614 1478 696 1518 136,
722 1478 753 1510 2.
778 1480 826 1521 4).
884 1479 994 1511 Veluti

231 1529 262 1560 h.
277 1528 311 1567 l.,
335 1527 361 1558 si
376 1526 491 1558 Cicero
512 1525 646 1557 dixisset
664 1527 798 1556 duxerat
819 1527 900 1556 enim
919 1530 992 1563 etc„

231 1574 311 1605 baec
332 1570 514 1603 enuntiatio
542 1570 664 1602 nullam
686 1570 783 1601 aliam
803 1569 869 1601 vim
889 1569 995 1601 habe-

232 1625 300 1656 ret,
339 1628 435 1660 quam
469 1623 503 1647 ut
540 1627 765 1658 praegressam
798 1614 995 1646 sententiam

230 1663 430 1706 explicaret3
468 1672 568 1703 quum
601 1672 680 1692 vero
713 1660 849 1702 ponitur
880 1663 994 1699 aulem,

232 1707 413 1740 enuntiatio
431 1718 495 1737 non
514 1706 618 1737 solum
635 1705 862 1748 explicationis
884 1716 995 1736 caussa

231 1752 383 1798 apposita
407 1758 474 1790 est,
510 1751 569 1783 sed
593 1762 712 1783 novam
734 1750 827 1781 simul
857 1762 995 1792 praece*

232 1799 383 1834 (lentibus
409 1797 556 1840 adiungit
579 1795 795 1834 seutentiam,
822 1807 905 1839 quae
929 1806 996 1826 non

232 1844 442 1879 antecedenti
460 1843 678 1874 enuntiationi
694 1842 839 1873 subiecta
856 1847 914 1878 est,
938 1840 997 1871 sed

230 1890 405 1935 primariae
427 1887 660 1921 enuntiationis
681 1887 746 1919 vim
766 1893 863 1929 atque
885 1885 997 1927 digui-

233 1944 334 1969 tatem
359 1935 470 1967 habet.
518 1934 590 1965 Hac
613 1933 740 1964 ratione
773 1942 885 1963 omnes
907 1930 997 1962 acci-

233 1981 345 2025 piendi
376 1980 461 2018 loci,
498 1978 531 2009 in
566 1978 681 2021 quibus
706 1981 807 2008 autem
832 1986 892 2018 pro
917 1978 996 2008 enim

231 2026 376 2070 positum
411 2024 451 2055 ab
485 2023 720 2064 interpretibus
754 2021 884 2053 dicitur.
944 2021 995 2051 Cf.

233 2082 310 2103 mox
334 2082 357 2101 c.
374 2068 406 2107 3,
430 2066 468 2099 6ε
493 2068 587 2098 multi
610 2067 683 2097 libri
708 2066 860 2097 dicuntur
883 2065 996 2107 scripti

233 2114 496 2151 inconsiderate,
537 2113 576 2143 ab
612 2111 744 2154 optimis
778 2110 841 2141 illis
866 2109 996 2153 quidem

233 2160 322 2199 viris,
347 2158 405 2190 sed
427 2169 492 2189 non
516 2157 594 2188 satis
618 2155 770 2193 eruditis3
796 2155 864 2186 fieri
888 2161 997 2185 autem

234 2211 358 2249 potest,
381 2210 415 2235 ut
436 2209 523 2235 recte
543 2202 612 2245 quis
633 2201 765 2239 sentiat,
790 2207 822 2231 et
842 2199 886 2239 id,
909 2199 998 2242 quod

235 2250 355 2285 sentit,
382 2248 483 2291 polite
506 2246 613 2289 eloqui
635 2257 700 2278 non
727 2245 842 2288 possit.
893 2246 939 2275 De
963 2256 997 2275 re

235 2296 306 2339 ipsa
332 2294 374 2326 cs.
403 2295 489 2324 Brut.
517 2304 543 2324 c.
559 2291 613 2323 20.

302 2350 355 2372 nec
377 2343 501 2378 tamen,
533 2340 560 2369 si
581 2335 648 2379 qui]
686 2338 826 2367 Klotzins
848 2341 881 2366 et
907 2337 997 2375 Treg-

237 2387 292 2418 der
316 2397 386 2416 cum
413 2385 449 2414 R.
474 2383 559 2414 Gud.
586 2382 613 2412 1.
648 2382 722 2413 Vat.
750 2382 787 2412 R.
810 2380 841 2412 2.
877 2380 944 2411 Pal.
965 2379 996 2410 2.

237 2441 301 2461 uno
327 2432 384 2459 Ov..
409 2428 581 2459 ediderunt
614 2429 673 2458 Nec
705 2430 807 2457 tumen
837 2427 899 2465 sic,
933 2427 996 2465 qui.

237 2474 303 2505 Sed
326 2473 406 2504 illud
427 2475 482 2512 sic,
506 2472 538 2503 h.
553 2483 581 2503 e.
607 2471 668 2502 etsi
691 2471 801 2513 iniqua
823 2477 893 2502 erat
913 2481 998 2512 poe-

236 2519 277 2550 tis
300 2529 406 2549 rerum
430 2516 590 2556 conditio,
614 2516 678 2547 hoc
699 2516 830 2559 quidem
852 2515 924 2546 loco
945 2515 999 2545 in—

237 2571 350 2606 eptum
375 2561 451 2593 mihi
476 2567 573 2603 atque
601 2572 878 2602 supervacaneum
903 2559 998 2591 vide-

238 2616 302 2646 tur,
329 2614 443 2639 contra
469 2605 744 2648 elegantissimum
769 2612 801 2637 et
821 2606 919 2648 plane
943 2605 1000 2635 Ci-

239 2653 448 2686 ceronianam
471 2660 525 2682 nec
546 2655 660 2689 tamen,
685 2653 711 2681 si
733 2654 794 2690 qui.
842 2652 879 2684 V,
905 2661 1000 2693 quem

238 2701 273 2732 F.
297 2701 332 2730 A.
356 2698 496 2728 Menliz'tts
526 2695 557 2725 in
591 2694 747 2727 Observv,
777 2695 864 2725 ined.
903 2695 1001 2727 affert

241 2744 441 2775 Goerenzium
463 2740 504 2771 ad
530 2741 631 2780 Legg.
656 2741 695 2769 ΙΙ.
721 2738 778 2775 19,
804 2736 859 2770 49.
908 2741 1000 2779 Quae

240 2787 403 2820 sententia
426 2785 459 2816 in
482 2787 524 2816 sic
547 2784 646 2821 latet,
671 2795 708 2814 ea
730 2783 808 2813 satis
834 2783 999 2825 ,significa-

240 2841 292 2866 tur
318 2830 479 2863 vocabulo
512 2834 636 2865 tamen,-
670 2827 791 2859 deiude
825 2838 876 2859 nec
900 2832 1002 2860 [anien

241 2881 295 2918 sic,
319 2877 339 2910 i.
355 2889 382 2908 e.
408 2880 507 2907 tamen
531 2884 567 2906 ne
591 2876 634 2905 sic
655 2875 798 2913 quidem,
824 2885 841 2903 a
867 2872 1001 2904 Cicero-

242 2923 338 2954 niana
354 2919 589 2953 consuetudine
611 2929 740 2960 prorsus
761 2917 937 2948 abliorrere
950 2917 1001 2947 vi-

242 2968 357 2999 detur:
384 2966 445 2997 huc
468 2964 607 3007 denique
626 2962 763 3002 aceedit,
790 2961 876 3004 quod
897 2961 1001 2993 multo

1030 760 1155 792 facilius
1176 763 1202 793 si
1225 763 1277 801 qui
1299 761 1332 791 in
1356 763 1399 792 sic
1422 762 1475 800 qui
1505 770 1523 791 a
1555 758 1692 791 librariis
1717 769 1789 789 mu-

1029 806 1092 838 tari
1114 805 1242 848 potuit,
1267 817 1364 848 quam
1385 816 1402 836 e
1426 804 1602 836 contrario.

1110 861 1164 883 nec
1195 855 1298 883 tamen
1319 870 1364 874 —
1385 849 1460 893 non]
1496 848 1659 889 Quoniam
1693 859 1791 890 saepe

1031 895 1095 927 iam
1118 895 1205 936 vidi,
1239 895 1458 927 recentiorum
1482 894 1603 925 multos
1627 894 1659 924 in
1685 892 1792 936 parti-

1033 942 1110 973 culis
1135 951 1189 973 nec
1213 952 1273 973 non
1297 941 1338 972 ad
1364 939 1548 982 copulanda
1570 938 1695 981 singula
1727 949 1792 969 no-

1030 987 1137 1025 mina,
1175 992 1228 1017 ut:
1264 990 1354 1026 poter
1377 995 1430 1017 nec
1452 995 1513 1016 non
1547 986 1650 1025 filius,
1685 986 1793 1015 doctus

1029 1043 1082 1064 nec
1114 1042 1174 1063 non
1208 1033 1303 1062 bonus
1338 1029 1530 1072 usurpandis
1561 1029 1696 1060 mirifice
1730 1026 1791 1058 sibi

1029 1077 1170 1118 placere,
1197 1076 1337 1106 tironum
1359 1075 1391 1105 in
1411 1074 1549 1117 gratiam
1571 1085 1703 1113 moneo,
1726 1073 1792 1104 hoc

1029 1120 1161 1152 dicendi
1186 1131 1287 1162 genus
1322 1119 1409 1161 apud
1435 1121 1615 1150 Varronem
1647 1117 1790 1161 quidem,

1029 1166 1145 1208 po'e't'as
1180 1164 1436 1207 posteriorisque
1469 1163 1585 1196 aetatis
1615 1164 1792 1206 scriptores

1028 1211 1061 1242 iu
1087 1222 1144 1241 usu
1166 1209 1277 1247 fuisse,
1301 1209 1388 1252 apud
1404 1209 1593 1240 Ciceronem
1615 1219 1791 1251 nunquam.

1031 1255 1126 1298 Apud
1150 1255 1237 1286 hunc
1261 1255 1348 1285 enim
1378 1254 1438 1285 hae
1474 1254 1653 1297 particulae
1687 1252 1790 1284 ubivis

1028 1299 1210 1331 inserviunt
1248 1298 1481 1331 connectendis
1519 1299 1603 1329 inter
1637 1311 1672 1329 se
1710 1297 1790 1329 totis

1030 1344 1310 1377 enuntiationibus
1331 1351 1428 1386 atquc
1445 1343 1492 1374 ita
1512 1343 1728 1379 collocantur,
1755 1349 1789 1371 ut

1030 1391 1092 1422 alia
1123 1389 1222 1420 verba
1255 1389 1511 1424 interserantur3
1550 1387 1592 1418 cf.
1623 1389 1662 1418 ll.
1691 1387 1724 1425 l,
1753 1385 1789 1423 13

1031 1435 1083 1466 ubi
1105 1441 1214 1465 autem
1239 1433 1433 1465 coniunctae
1454 1432 1627 1475 leguntur,
1653 1432 1791 1463 alterum

1029 1489 1123 1520 neque
1144 1478 1321 1510 antecedit.
1369 1479 1408 1509 V.
1434 1477 1593 1509 Paradox.
1621 1479 1651 1515 l,
1675 1476 1712 1508 δε
1739 1486 1791 1508 ne-

1027 1535 1084 1565 que
1109 1534 1169 1566 ego
1190 1535 1330 1566 unquam
1357 1523 1443 1555 bona
1468 1521 1651 1565 perdidisse
1673 1521 1791 1558 dicam,

1029 1570 1054 1601 si
1078 1569 1131 1612 qui
1162 1581 1260 1612 pecus
1295 1575 1350 1600 aut
1374 1567 1610 1609 supellectilem
1634 1565 1790 1603 amiserit,

1028 1625 1122 1654 neque
1135 1626 1196 1646 non
1212 1625 1310 1656 saepe
1329 1612 1469 1644 laudabo
1490 1611 1672 1655 sapientem
1690 1611 1792 1642 illum.

1031 1661 1084 1691 Cf.
1112 1661 1255 1699 H'olfium
1280 1665 1313 1689 et
1339 1660 1487 1691 Orellium
1511 1657 1552 1689 ad
1576 1657 1610 1688 h.
1633 1657 1654 1687 l.

1086 1707 1113 1748 ξ.
1124 1704 1154 1735 4.
1178 1703 1357 1746 Polyclitos]
1372 1702 1633 1734 Offenderuntin
1646 1702 1710 1732 hoc
1726 1710 1789 1731 no·-

1030 1749 1116 1781 mine
1135 1749 1319 1791 complures
1336 1750 1534 1789 Interpretes
1553 1746 1792 1789 legendumque

1033 1800 1229 1827 censuerunt
1260 1796 1466 1833 Ροῖῃφῑοίοε,
1502 1792 1576 1835 quia
1611 1791 1791 1834 Polyclitus

1031 1852 1097 1872 non
1120 1840 1258 1882 pictura,
1281 1838 1340 1869 sed
1363 1844 1433 1869 arte
1455 1836 1612 1869 statuaria
1633 1836 1792 1868 nobilita-

1032 1892 1083 1916 tus
1113 1891 1209 1916 esset.
1256 1886 1404 1916 Davt'sius
1428 1882 1559 1925 quidem
1583 1881 1702 1924 aliique
1724 1880 1792 1912 ho-
1814 1884 1817 1885 ⁷

1031 1930 1134 1961 mines
1159 1928 1260 1968 docti,
1287 1928 1480 1971 Polyclitum
1502 1927 1535 1959 in
1559 1934 1696 1969 utraque
1720 1931 1791 1957 arte

1032 1975 1232 2007 excellenter
1256 1980 1420 2005 versatum
1444 1972 1562 2010 fuisse,
1592 1971 1790 2007 existimant,

1032 2021 1170 2052 testibus
1201 2019 1247 2050 usi
1281 2020 1392 2051 Tzetz.
1417 2017 1499 2050 Chil.
1522 2018 1620 2057 VIII,
1646 2015 1723 2049 320.
1759 2021 1792 2046 et:

1036 2065 1170 2096 Aeliano
1194 2065 1234 2098 V.
1256 2065 1299 2095 Π.
1322 2064 1415 2102 XIV,
1440 2061 1472 2095 8.
1519 2063 1591 2104 Ego
1614 2073 1693 2093 vero
1720 2070 1793 2092 eum

1032 2109 1157 2141 Wolfio
1179 2115 1212 2139 et
1224 2108 1344 2139 Neidio
1367 2113 1459 2149 puto,
1484 2107 1627 2139 Tullium
1649 2118 1713 2138 non
1736 2117 1792 2136 so-

1033 2155 1099 2185 lum
1123 2153 1302 2197 picturam,
1338 2151 1395 2183 sed
1421 2163 1534 2183 omnes
1565 2163 1647 2194 quae.
1670 2152 1702 2181 in
1728 2150 1793 2181 fin-

1032 2199 1147 2242 gendis
1170 2197 1278 2240 figuris
1300 2203 1470 2228 versantur
1483 2203 1569 2227 artes
1583 2195 1792 2226 intellexisse.

1100 2246 1204 2276 Honos
1227 2245 1281 2274 ali!
1303 2246 1384 2273 artes
1407 2241 1484 2284 etc.]
1520 2243 1667 2272 Davisius
1699 2250 1790 2271 com-

1034 2295 1128 2332 parat
1153 2290 1267 2319 Sencc.
1296 2289 1352 2330 Ep.
1378 2285 1469 2318 102..
1506 2286 1657 2328 antiquus
1692 2290 1792 2327 poeta

1033 2335 1095 2366 ait:
1135 2336 1219 2365 Laus
1254 2334 1309 2363 ellit
1340 2336 1431 2364 aries.
1486 2331 1568 2362 Plat.
1598 2332 1678 2372 liep.
1704 2330 1792 2360 Vlll.

1033 2392 1063 2422 p.
1079 2378 1153 2410 5:31.
1172 2383 1195 2408 Α
1211 2389 1216 2408 :
1243 2375 1398 2410 ἀσκεῖται
1411 2374 1453 2417 δὴ
1471 2373 1508 2409 τὸ
1528 2372 1582 2409 ἀεὶ
1595 2372 1792 2417 τιμώμενον,

1033 2422 1206 2466 ἀμελεῖται
1239 2421 1276 2457 δὲ
1306 2420 1344 2455 τὸ
1380 2419 1640 2463 ἅτιμαζόμενονι
1684 2419 1736 2449 ubi
1761 2430 1791 2450 v.

1034 2470 1276 2501 Stallbaumium
1308 2479 1340 2509 p.
1366 2463 1440 2498 184.
1496 2468 1557 2497 Pro
1588 2466 1794 2496 incenduntur

1037 2515 1163 2554 Wolfius
1186 2513 1265 2555 legit
1287 2513 1482 2544 incendimur
1506 2510 1710 2552 (Ἄνθεια).
1746 2508 1793 2539 ll-

1033 2559 1098 2590 lam
1117 2557 1312 2600 scripturam
1332 2556 1386 2599 qui
1408 2554 1610 2592 defendunt,
1635 2553 1667 2584 in
1684 2559 1794 2596 partes

1035 2609 1156 2635 vocant
1176 2601 1347 2645 Augustin.
1371 2601 1406 2632 C.
1430 2600 1470 2630 D.
1492 2600 1531 2637 V,
1558 2598 1607 2637 13,
1633 2598 1687 2642 qui
1708 2598 1794 2630 hunc

1034 2649 1143 2681 locum
1179 2648 1226 2679 sic
1263 2646 1396 2678 laudat:
1445 2644 1561 2676 Honos
1599 2644 1658 2675 alit
1695 2649 1792 2680 artes,

1037 2705 1213 2736 omnesque
1235 2693 1444 2724 accenduntur
1465 2689 1505 2720 ad
1518 2689 1629 2732 st.gl.‚
1652 2695 1685 2719 et
1697 2689 1793 2719 Tusc.
1820 2684 1823 2686 ’

1038 2741 1091 2771 IV.
1109 2737 1140 2777 6,
1165 2737 1223 2770 12:
1249 2743 1364 2767 natura
1381 2734 1467 2765 enim
1487 2744 1589 2766 omnes
1608 2736 1793 2773 seminatum

1035 2784 1110 2815 huic
1137 2789 1247 2814 contra
1272 2780 1452 2823 scripturae
1475 2778 1670 2821 praesidium
1697 2788 1794 2819 para·-

1036 2835 1106 2860 tum
1129 2834 1178 2859 est
1201 2827 1232 2857 in
1257 2837 1304 2856 or.
1330 2836 1390 2867 pro
1414 2824 1533 2856 Archia
1555 2835 1581 2855 c.
1602 2822 1661 2855 ll:
1687 2820 1796 2853 trahi-

1036 2885 1107 2904 mur
1138 2882 1250 2905 omnes
1283 2869 1386 2901 laudis
1418 2868 1538 2900 studio.
1588 2868 1620 2899 in
1647 2867 1743 2898 Offic.
1770 2867 1793 2897 Ι.

1037 2915 1068 2956 G,
1095 2915 1152 2949 18:
1180 2927 1292 2949 omnes
1313 2914 1399 2945 enim
1418 2913 1577 2945 trahimur
1599 2919 1631 2944 et
1649 2911 1795 2943 ducimur

1038 2962 1078 2993 ad
1104 2960 1298 3004 cognitionis
1324 2966 1355 2989 et
1381 2957 1535 2989 scientiae
1571 2956 1792 2999 cupiditatem.
