1863 3221
245 99 330 143 382

247 189 450 245 qnisquam
473 193 576 228 amat
602 197 726 238 neque
752 184 963 224 formosum
983 184 1145 224 senem?
1201 181 1299 223 Mihi
1324 183 1476 237 quidem
1494 182 1590 223 haec
1614 181 1654 223 iu
1676 180 1804 223 Grae-

823 104 985 137 LIBER
1011 105 1065 137 IV.
1090 103 1156 143 33,
1180 102 1235 137 71.

247 277 380 303 corum
404 258 618 315 gymnasiis
642 264 732 297 nata
752 257 992 297 consuetudo
1010 256 1179 307 videtur,
1211 255 1252 296 in
1274 256 1410 310 quibus
1433 257 1497 297 isti
1518 256 1630 297 liberi
1651 263 1690 297 et
1711 269 1804 296 con-

252 336 353 376 cessi
385 340 475 374 sunt
503 344 672 371 amores.
735 328 844 370 Bene
876 344 970 383 ergo
1003 328 1178 369 Ennius:

358 410 392 446 F
391 408 509 457 lag—iti
530 406 763 456 principium
793 411 851 442 est
878 406 1022 442 nudare
1053 406 1154 441 inter
1183 405 1280 441 cives
1310 405 1481 454 corpora.

247 479 323 534 Qui
350 487 391 520 ut
421 478 522 529 sint,
556 477 654 531 quod
685 476 765 517 [ieri
794 489 910 530 posse
932 476 1069 527 video,
1103 474 1253 529 pudici3
1296 475 1448 515 solliciti
1474 482 1601 515 tamen
1633 480 1673 514 et
1698 473 1806 514 anxii

1559 554 1627 588 71.
1658 547 1804 600 Atque,

246 633 287 667 ut
309 625 518 666 muliebres
546 637 698 664 amores
723 623 920 673 omittam,
955 622 1092 676 quibus
1119 621 1303 661 maiorem
1328 620 1519 661 licentiam
1546 627 1682 660 natura
1706 634 1807 660 con-

247 699 389 750 cessit,
433 697 518 752 quis
549 704 613 737 aut
649 697 695 736 de
726 694 975 751 Ganymedil
1016 701 1126 749 raptu
1159 694 1328 744 dubitat,
1370 694 1455 748 quid
1492 698 1627 747 poe'tae
1658 692 1807 734 velint?

246 779 312 813 aut
337 786 414 812 non
439 769 639 824 intelligit,
674 770 762 824 quid
789 769 886 823 apud
908 767 1134 823 Euripidem
1161 774 1199 807 et
1234 767 1412 821 loquatur
1440 773 1477 806 et
1508 766 1638 820 cupiat
1658 764 1808 806 Laius?

247 844 349 899 Quid
373 844 536 898 denique
562 843 737 883 homines
770 842 984 882 doctissimi
1008 849 1046 881 et
1078 841 1215 881 summi
1238 845 1376 895 poetae
1403 841 1448 880 de
1474 853 1515 880 se
1537 838 1631 893 ipsis
1659 846 1697 879 et
1721 852 1805 878 car-

245 918 412 959 minibus
436 918 587 957 edunt2
613 922 653 956 et
676 915 880 956 cantibus?
937 913 1071 954 Fortis
1104 914 1166 953 vir
1193 913 1231 952 in
1255 927 1324 953 sua
1353 927 1394 952 re
1427 912 1578 966 publica
1606 911 1801 965 cognitus,

245 1004 344 1046 quae
375 992 420 1031 de
444 990 628 1030 iuvenum
659 1001 792 1027 amore
817 986 980 1027 scribit³
1005 987 1204 1026 Alcaeus?
1247 1000 1335 1025 num
1363 985 1625 1025 Anacreontis
1653 983 1803 1037 quidem

246 560 358 604 sunt,
392 564 516 606 eoque
542 550 689 604 magis,
723 550 823 604 quod
849 563 891 590 se
914 548 986 604 ipsi
1015 549 1215 589 continent
1237 555 1276 588 et
1297 553 1495 588 coercent.

246 1064 325 1104 tota
347 1063 476 1118 poesis
494 1069 554 1102 cst
574 1061 777 1101 amatoria.

839 1058 1016 1100 Maxime
1033 1072 1130 1099 vero
1153 1058 1322 1099 omnium
1343 1058 1527 1112 flagrasse
1546 1070 1677 1097 amore
1698 1056 1805 1097 Rbe-

245 1137 376 1192 ginum
407 1134 589 1191 Ibycum,
624 1139 784 1188 apparet
815 1146 868 1173 ex
899 1131 1069 1187 scriptis.

359 1206 564 1250 XXXIV.

632 1207 759 1261 Atque
787 1206 925 1247 horum
951 1205 1119 1246 omnium
1148 1205 1376 1245 libidinosos
1402 1217 1492 1244 esse
1518 1217 1672 1244 amores
1697 1203 1804 1244 vide-

335 1322 506 1354 XXXIH.
555 1319 571 1352 1
602 1319 656 1351 Sic
682 1319 733 1351 ed.
758 1320 799 1350 D.
825 1325 858 1350 et
882 1317 979 1350 codd.
1005 1318 1041 1349 R.
1064 1318 1100 1349 P.
1128 1317 1213 1349 Gud.
1235 1316 1263 1348 1.
1288 1327 1348 1359 pro
1371 1317 1571 1355 Ganymedis.
1618 1317 1657 1347 V.
1682 1315 1725 1348 ad
1746 1316 1803 1348 ΙΙΙ.

248 1368 308 1407 10,
332 1367 387 1400 21.

246 1415 287 1445 11.
311 1412 376 1451 21,
399 1409 454 1443 49.

243 1489 390 1512 amorem
414 1476 528 1508 definit
560 1474 708 1509 σύντονον
733 1470 839 1517 ὄρεξιν
864 1471 1006 1517 ἀφροδι-

247 1523 338 1564 σίων,
363 1529 399 1554 ut
420 1522 519 1553 docet
541 1520 725 1552 Alexander
742 1519 1005 1562 Aphrodisiensis

244 1581 297 1612 ap.
323 1567 412 1599 Suid.
437 1567 469 1598 in
496 1565 617 1608 ἔρως.“
664 1567 821 1597 Davisius.

312 1616 344 1645 in
369 1615 557 1644 Graecorum
579 1612 751 1651 9ymnasiis
772 1609 851 1652 etc.]
878 1610 917 1641 V.
943 1611 1006 1641 Ast.

246 1658 288 1691 ad
310 1656 455 1690 Platonis
479 1658 629 1699 Sympos.
652 1655 714 1685 IX.
736 1652 766 1686 -”1-.
794 1654 1006 1696 Anmerkung

245 1715 284 1735 zu
309 1702 341 1734 d.
365 1701 499 1733 Uebers.
524 1711 555 1742 p.
572 1699 660 1732 291..
697 1701 850 1730 Moserum
875 1698 917 1730 ad
940 1698 1005 1730 Cic.

245 1748 286 1779 de
310 1748 391 1790 Rep.
415 1747 478 1783 1V,
501 1746 551 1783 5.‚
588 1743 642 1775 ubi
670 1743 784 1774 Cicero
817 1746 849 1775 in
874 1746 1006 1775 Graecia

244 1792 290 1824 ait
315 1793 478 1832 opprobrio
495 1791 590 1830 fuisse
611 1790 862 1827 adolescentibus,
875 1791 901 1819 si
916 1798 1005 1820 ama-

243 1841 321 1869 {ores
353 1846 413 1868 non
437 1837 591 1866 haberent.
648 1833 735 1875 Nep.
771 1832 876 1875 praef.
911 1836 939 1877 ᾗ.
962 1832 1002 1864 4:

243 1881 350 1913 Laudi
374 1880 406 1911 in
430 1879 569 1911 Graecia
588 1878 719 1910 ducitur
740 1877 1005 1909 adolescentibus

244 1938 341 1969 qnam
364 1924 523 1968 plurimos
546 1923 668 1955 habere
690 1929 864 1954 amatores.
898 1922 1005 1954 Multa

244 1971 285 2002 de
318 1968 539 2013 παιδεραστίᾳ
586 1967 720 2010 collegit
755 1969 939 2007 Bernhardy
971 1967 1004 1998 in

244 2015 449 2055 „Grundriss
472 2014 531 2045 der
556 2012 909 2044 G1-iech.Litteratu1-“
930 2012 1004 2043 Vol.

244 2061 268 2090 Ι.
296 2072 324 2102 p.
350 2059 392 2091 4¹2
406 2070 478 2100 sqq.
527 2057 725 2088 Doctissime
760 2056 802 2087 de
830 2056 945 2088 eadem
970 2068 1004 2088 re

245 2104 391 2146 disputat
427 2105 470 2133 W.
503 2104 540 2133 Α.
565 2103 679 2133 Becher
713 2100 879 2132 Charikles
913 2102 953 2132 T.
980 2103 1001 2132 1.

244 2160 276 2190 p.
291 2147 496 2181 346—377.
532 2147 673 2177 Menhins
693 2145 726 2176 in
744 2145 900 2176 Observv.
915 2144 1003 2178 ined.

244 2193 357 2225 laudat
390 2192 443 2222 Fr.
466 2190 610 2222 Crameri
644 2189 764 2221 Gesch.
799 2189 858 2221 der
890 2189 1004 2221 Erzie-

244 2238 333 2280 hung
357 2248 387 2269 u.
408 2235 465 2267 des
487 2234 708 2267 Unterrichts.
755 2233 880 2266 Elberf.
907 2233 1002 2266 1832.

243 2283 320 2315 Vol.
340 2283 363 2313 1.
388 2293 420 2323 p.
444 2280 516 2312 195.
554 2279 719 2311 Plutarch.
743 2278 902 2311 Amatorii
929 2290 955 2310 c.
972 2280 1003 2311 ὃ.

246 2338 279 2370 p.
293 2327 368 2361 751.
392 2326 428 2356 F.
444 2324 526 2356 Plat.
549 2325 654 2366 Legg.
676 2325 702 2363 Ι,
722 2323 753 2357 8.
778 2335 810 2366 p.
823 2323 898 2357 636.
917 2324 951 2355 B.
965 2324 1003 2356 C.

311 2374 440 2424 Flayiti]
457 2382 515 2412 Est
527 2386 721 2412 tetrameter
732 2379 839 2412 troch.
854 2379 1002 2412 catalect.

311 2439 393 2477 quod
413 2447 442 2468 se
465 2439 525 2475 ipsi
547 2439 699 2469 continent
720 2436 798 2477 etc.]
825 2435 914 2478 quod
936 2447 1003 2467 non

244 2482 331 2524 leges
350 2481 501 2523 publicae
523 2493 590 2521 eos,
616 2481 675 2512 sed
694 2480 757 2523 ipsi
780 2492 815 2512 se
832 2480 1004 2512 continent

245 2533 278 2558 et
303 2530 466 2558 coercent.

311 2581 406 2623 651.
432 2583 518 2619 apud
536 2583 717 2620 Euripidem
739 2583 850 2622 Laius]
876 2581 909 2613 in
930 2587 1003 2613 tra-

243 2625 363 2668 goedia
398 2624 590 2666 deperdita,
629 2637 710 2667 quae
743 2626 900 2669 inscripta
933 2634 1003 2658 erat

245 2669 457 2713 Chrysippus.
493 2669 590 2699 Laius
615 2670 711 2708 enim,
733 2682 788 2701 rex
802 2671 1001 2711 Thebarum,

245 2714 474 2758 Chrysippum,
496 2713 626 2755 Pelopis
641 2714 751 2752 filium,
770 2716 910 2748 amabat.
935 2718 1001 2748 Da-

243 2762 340 2792 visius
359 2758 456 2790 all'ert
478 2758 588 2788 Scliol.
610 2758 642 2788 in
663 2759 831 2791 Phoeniss.
850 2759 944 2793 1748.
968 2767 1001 2792 et

242 2805 387 2847 interpp.
403 2802 442 2834 ad
463 2802 585 2833 Aelian.
610 2803 648 2833 V.
676 2803 715 2833 H.
746 2804 793 2841 13,
818 2807 850 2836 ξ).
900 2806 1001 2836 Cete—

242 2860 314 2882 rum
336 2849 379 2880 cf.
399 2849 521 2880 Becher.
552 2846 694 2878 Charikl.
714 2848 752 2878 T.
778 2850 799 2879 l.
824 2859 855 2889 p.
873 2850 939 2882 350
952 2861 1000 2893 sq,

309 2905 433 2937 Laius?
482 2904 564 2942 Quid
594 2922 636 2927 —
667 2904 760 2934 edunt
784 2906 868 2945 —?]
909 2905 1001 2937 Hanc

242 2950 436 2993 scripturam
458 2947 569 2991 recepi
591 2958 630 2980 ex
654 2948 746 2978 Mon.
763 2946 789 2979 l.
816 2954 847 2979 et
871 2948 945 2980 edd.
960 2950 997 2980 L.

434 1366 456 1398 2
480 1378 511 1398 v.
537 1364 621 1397 Adn.
669 1363 691 1396 3
716 1363 769 1396 Sic
782 1366 838 1395 Or.
860 1375 885 1395 c.
900 1364 937 1396 R.
953 1364 987 1395 P.
1015 1361 1102 1395 Gud.
1117 1361 1147 1395 1.
1176 1361 1312 1405 aliisque
1337 1372 1398 1404 pro
1422 1361 1508 1403 vulg.
1530 1363 1662 1401 scripsit.
1697 1361 1737 1395 V.
1762 1359 1804 1392 ad

1041 1480 1075 1506 et
1097 1474 1169 1505 Frc.
1193 1473 1303 1512 Fabr.,
1328 1471 1502 1515 probatam
1525 1474 1650 1512 Orellio,
1674 1474 1804 1512 Mosero,

1044 1521 1267 1558 Wessenberyio
1297 1519 1367 1549 Em.
1388 1519 1444 1548 111.
1469 1529 1501 1559 p.
1520 1517 1570 1549 13.
1586 1541 1594 1555 ‚
1630 1529 1691 1560 pro
1713 1516 1802 1559 vulg.

1040 1565 1165 1595 Laius?
1199 1565 1275 1603 quid
1299 1581 1340 1586 —
1366 1564 1468 1593 edant.
1517 1562 1622 1600 Quam
1648 1573 1747 1604 saepe
1770 1561 1804 1593 in

1042 1608 1138 1639 codd.
1162 1607 1335 1638 indicativi
1364 1613 1397 1637 et
1421 1606 1621 1637 coniunctivi
1645 1606 1804 1638 termina-

1040 1652 1148 1684 tiones
1172 1656 1240 1695 runt
1266 1658 1299 1683 et
1320 1655 1384 1691 ant,
1408 1654 1432 1683 it
1457 1659 1491 1682 et
1513 1655 1556 1691 at,
1582 1652 1657 1693 etc.)
1681 1651 1802 1684 coufu-

1040 1709 1094 1729 sae
1125 1697 1211 1735 sint,
1259 1697 1369 1728 multis
1401 1696 1557 1739 exemplis
1593 1696 1801 1728 demonstrat

1041 1744 1174 1783 Treyder
1196 1742 1227 1773 in
1252 1742 1356 1784 praef.
1382 1742 1523 1783 p.qu.
1570 1744 1717 1784 Apparet
1740 1753 1801 1773 au-

1039 1794 1119 1825 tem,
1143 1787 1190 1818 uti
1215 1789 1348 1818 Wesenb.
1370 1785 1433 1817 1.(1.
1455 1786 1586 1828 egregie
1609 1786 1719 1826 docet,
1745 1786 1802 1817 Ci-

1041 1843 1192 1864 ceronem
1216 1831 1343 1869 dicere,
1371 1834 1486 1873 poetas
1511 1838 1543 1862 et
1568 1833 1702 1862 aliorum
1729 1832 1801 1873 (lo-

1039 1877 1087 1908 vis
1105 1883 1137 1907 et
1152 1876 1235 1917 Laii)
1260 1887 1404 1907 amorem
1428 1887 1603 1917 puerorum
1625 1878 1800 1916 significare

1040 1928 1073 1953 et
1095 1921 1136 1952 de
1155 1932 1210 1953 suo
1232 1923 1438 1961 praedicare;
1472 1920 1512 1951 de
1536 1923 1669 1952 aliorum
1689 1932 1801 1952 amore

1039 1978 1058 1998 a
1083 1966 1189 2009 poetis
1222 1967 1302 2009 (non
1324 1965 1417 1997 nimis
1441 1965 1591 2007 obscure)
1625 1967 1800 2006 siynificato

1038 2018 1130 2043 recte
1152 2011 1271 2042 dicitur
1293 2010 1462 2047 neminem>
1477 2021 1565 2049 esse,
1597 2009 1673 2052 quin
1687 2035 1694 2048 ,
1722 2009 1801 2053 quid

1039 2055 1250 2098 significetur,
1276 2058 1448 2095 intelli9a1.;
1473 2055 1514 2086 de
1536 2065 1590 2087 suo
1615 2054 1692 2097 quid
1715 2058 1801 2097 poe*-

1038 2107 1092 2131 tae
1119 2105 1223 2140 aperte
1247 2100 1414 2138 dicerent,
1451 2099 1690 2142 ineptissimum
1715 2105 1801 2131 esset

1038 2156 1204 2187 quaerere,
1227 2145 1297 2187 quis
1319 2155 1379 2176 non
1402 2147 1601 2184 inlelliyeret;
1626 2144 1802 2175 dicendum

1040 2195 1128 2221 certe
1154 2189 1237 2219 fuit:
1273 2191 1396 2220 Laius?
1444 2191 1547 2227 Quis
1570 2190 1700 2229 denique
1730 2199 1800 2220 ne-

1038 2236 1141 2273 scit,
1166 2235 1241 2273 quid
1259 2243 1291 2273 p.
1306 2251 1349 2256 -
1363 2234 1480 2264 edant?
1517 2232 1628 2263 Omnis
1649 2232 1798 2264 difficul-

1037 2285 1087 2310 tas
1120 2278 1249 2309 tollitur
1282 2284 1416 2320 recepta
1448 2289 1466 2308 a
1498 2277 1589 2308 nobis
1625 2277 1797 2320 scriptura.

1038 2323 1113 2364 Sic,
1137 2323 1245 2365 inquit
1272 2324 1369 2362 Wes.,
1394 2333 1450 2360 ea,
1485 2333 1566 2365 quae
1587 2321 1628 2353 de
1650 2321 1797 2365 ipsorum

1038 2374 1211 2410 poetarum
1233 2367 1397 2398 amoribus
1411 2367 1574 2405 dicuntur,
1591 2367 1631 2398 ab
1647 2366 1695 2407 iis,
1714 2378 1797 2410 quae

1039 2413 1080 2444 de
1102 2412 1282 2444 alienorum
1304 2412 1391 2455 apud
1416 2423 1471 2444 eos
1492 2411 1794 2454 significationibus,

1037 2463 1128 2489 recte
1148 2457 1402 2500 distinguuntur,
1421 2468 1487 2489 non
1509 2468 1581 2488 cum
1600 2456 1651 2496 iis,
1669 2463 1701 2488 et
1721 2457 1796 2500 qui-

1038 2502 1114 2534 dem
1147 2514 1218 2535 cnm
1243 2503 1344 2533 altera
1365 2502 1436 2533 sola
1463 2513 1576 2534 eorum
1604 2507 1698 2544 parte
1723 2504 1797 2543 (non

1037 2550 1132 2580 intell.
1141 2547 1306 2586 —Laius),
1318 2547 1420 2578 foede
1431 2546 1463 2577 in
1476 2557 1576 2577 unum
1589 2545 1795 2577 confundun-

1037 2598 1106 2629 tur3
1143 2592 1189 2624 sic
1215 2591 1374 2634 denique,
1411 2591 1551 2623 transitu
1582 2591 1622 2621 ab
1655 2601 1719 2622 uno
1753 2589 1795 2622 ad

1037 2637 1176 2669 alterum
1198 2649 1257 2679 per
1275 2636 1473 2668 rhetoricam
1496 2635 1586 2666 illam
1607 2634 1795 2677 interroga—

1035 2682 1161 2714 tionem
1185 2682 1342 2713 directam
1363 2681 1464 2717 facto,
1489 2679 1643 2722 deinceps
1665 2679 1729 2711 rite
1752 2679 1794 2712 de

1036 2726 1172 2769 singulis
1189 2726 1305 2769 poetis,
1332 2737 1413 2768 qnos
1435 2724 1491 2756 illo
1515 2735 1626 2756 amore
1642 2723 1794 2766 flagrasse

1037 2783 1075 2803 ex
1109 2771 1239 2814 scriptis
1275 2776 1431 2813 appareat
1465 2768 1617 2811 (Alcaeo,
1661 2772 1791 2809 Anacr.,

1035 2816 1170 2860 Ibyeo),
1202 2815 1385 2858 exponitur.
1677 2850 1681 2853 η

1102 2871 1176 2893 nam
1198 2858 1408 2901 Anacreontis]
1436 2858 1477 2889 H.
1492 2869 1518 2889 e.
1541 2858 1582 2890 de
1600 2860 1792 2890 Anacreon—

1036 2912 1069 2937 te
1105 2905 1186 2937 nihil
1220 2905 1347 2939 dicam3
1381 2912 1457 2935 nam
1490 2903 1556 2934 eius
1588 2909 1659 2935 tota
1685 2903 1792 2946 poe'sis

1037 2957 1086 2982 est
1107 2949 1277 2982 amatoria.
1325 2949 1364 2980 V.
1386 2947 1427 2979 ad
1442 2947 1502 2987 ¹23,
1525 2948 1578 2982 52.
1627 2949 1678 2980 De
1700 2951 1789 2980 Ana·
