1832 3137
647 126 1064 171 L113En1n.25,60.

1561 117 1643 160 299

79 213 147 248 60.
180 205 365 262 Negabat
381 221 506 261 genus
526 208 598 248 hoc
619 208 807 249 orationis
825 208 1028 263 quicquam
1050 207 1207 248 omnino
1228 207 1274 248 ad
1293 207 1495 248 levandam
1517 208 1642 262 aegri-

80 281 248 321 tudinem
278 281 490 335 pertinere.

81 361 156 394 tani
180 354 374 394 crudelem
402 355 675 396 necessitatem
706 354 993 395 incidissemus.

553 280 595 322 ld
624 282 725 322 enim
749 281 872 336 ipsum
907 282 1110 322 dolendum
1141 295 1230 322 csse
1264 281 1435 332 dicebat,

1479 281 1578 335 quod
1603 280 1641 321 in

1056 354 1156 395 Nau·
1192 354 1293 395 illam
1319 355 1470 409 quidem
1497 355 1641 394 oratio-

77 441 164 467 nem
193 441 244 467 ex
268 429 638 469 commemoratione
663 429 878 469 alienorum
907 428 1093 467 malorum
1119 429 1165 468 ad
1197 429 1409 469 malevolos
1436 428 1641 468 consolan-

76 501 145 541 dos
172 515 261 542 esse
288 503 634 542 accommodatam.

694 500 794 542 Mihi
816 515 911 541 vero
935 501 1050 554 longe
1089 502 1242 542 videtur
1273 516 1404 543 secus.

1466 500 1570 542 Nam
1605 508 1643 542 ct

77 575 292 615 necessitas
325 576 508 616 ferendae
538 575 771 616 conditionis
800 574 990 615 humanae
1022 575 1129 628 quasi
1161 589 1245 614 cum
1274 576 1346 615 deo
1374 589 1547 630 pugnare
1577 590 1642 616 co-

77 648 211 688 hibet⁵
247 649 504 703 admonetque
522 662 610 689 esse
632 648 847 688 hominem:

78 722 208 772 levat,

75 796 216 844 flectet,
251 795 432 846 affertur,
467 795 534 835 sed
559 802 601 835 ut
627 795 714 846 ille,
749 795 810 849 qui
835 801 1008 845 maeret,

74 869 172 922 quod
195 868 324 909 videat
343 869 484 908 multos
508 869 707 909 moderate
729 875 768 909 et
789 868 995 923 tranquille
1016 867 1165 908 tulisse.

75 942 196 982 modis
223 941 403 982 fulciendi
426 950 539 993 suut⁷

75 1016 244 1056 tudinem
269 1015 539 1069 aegritudiuis.

75 1089 183 1143 quasi
212 1089 478 1129 εοίιιῑίοιιειιι7
500 1090 616 1129 totius
639 1090 827 1140 hominis,
872 1089 1101 1144 appellatam
1130 1095 1251 1143 putat.

167 1214 186 1245 ἶ)
213 1216 268 1245 Or.
293 1226 320 1245 c.
346 1216 382 1245 L.

74 1261 245 1298 serendum.

76 1303 139 1335 ruit
161 1306 284 1337 Jordan.
309 1304 351 1335 ud
373 1316 420 1335 or.
445 1317 474 1347 p.
502 1305 686 1343 ΟιρςὶιιιιΙ,
713 1305 740 1336 l.
766 1317 798 1347 p.
822 1304 886 1336 138
903 1316 973 1347 sqq.

708 1351 782 1381 Vut
812 1349 899 1383 Gud.
924 1350 951 1382 1
980 1351 1019 1380 ΙΙ
1039 1349 1089 1386 b.;

74 1360 186 1380 omnes
214 1349 284 1380 fere
307 1348 403 1381 codd.
419 1374 426 1386 ,
464 1350 564 1381 etiam
586 1350 624 1381 R.
649 1351 683 1381 P.

407 1214 541 1258 aliisque
563 1222 594 1246 et
619 1227 683 1247 uno
707 1215 800 1246 Leid.
825 1215 873 1246 EI.
889 1216 927 1246 ll.
950 1216 1098 1254 prohibet

296 1261 343 1290 De
369 1259 476 1290 Γοιιιιι
498 1259 553 1291 illa
575 1260 758 1303 antiquiore
783 1260 815 1290 in
839 1262 965 1291 -undus
988 1266 1127 1290 exeunte
1164 1259 1236 1289 fuse
1267 1258 1502 1300 enucleateque
1535 1258 1641 1289 disse—

883 661 981 701 quae
1000 647 1185 701 cogit'atio
1205 662 1342 701 magno
1363 663 1480 703 opere
1498 649 1641 689 luctum

249 729 289 762 et
310 722 550 762 enumeratio
578 722 845 776 exemplorum
873 735 974 770 nou,
1016 728 1057 761 ut
1079 721 1247 760 aniuium
1274 722 1551 762 malevolorum
1577 723 1643 761 ob-

1045 794 1247 833 ferundum
1265 797 1281 820 ⁶
1309 794 1381 833 sihi
1404 795 1440 834 id
1464 802 1639 843 censeat,

1217 874 1287 908 61.
1323 865 1515 907 Omnibus
1539 868 1641 907 enim

574 942 636 996 qui
662 949 779 982 ruunt
800 956 870 982 nec
892 942 1106 982 cohaerere
1130 948 1294 996 possunt
1314 948 1471 996 propter
1493 941 1642 995 magni-

606 1015 668 1055 Ex
689 1030 764 1070 quo
781 1016 903 1071 ipsam
925 1015 1208 1069 aegritudinem
1226 1011 1355 1065 λύπην
1379 1012 1639 1069 Chrysippus,

1316 1086 1428 1140 Quae
1458 1095 1536 1128 tota
1575 1103 1641 1142 pe-

1146 1215 1183 1246 V.
1202 1213 1284 1245 Adn.
1331 1210 1352 1245 6
1377 1213 1431 1245 Sic
1452 1214 1490 1244 R
1517 1214 1549 1244 Ι)
1579 1225 1639 1256 pro

1023 1304 1074 1336 (ΖΚ
1096 1316 1193 1347 supra
1217 1305 1256 1335 V.
1282 1305 1351 1335 Ser.
1368 1302 1418 1342 19,
1444 1302 1497 1335 44.
1544 1302 1564 1335 7
1591 1304 1645 1334 sic

1115 1352 1205 1389 quasi
1228 1347 1318 1381 >mota
1341 1350 1374 1380 id
1398 1353 1439 1381 est
1463 1351 1645 1380 solult'onwu

75 1393 184 1436 vulgo,
210 1394 308 1424 etiam
323 1396 376 1424 Or.
393 1401 423 1425 et
438 1394 505 1436 Kl„
532 1406 671 1437 quornm
693 1402 803 1426 tamen
829 1394 883 1426 hic
905 1406 990 1425 nunc
1011 1394 1043 1424 in
1060 1393 1354 1424 Add.se11tent1m1
1379 1406 1469 1425 suam
1491 1393 1643 1425 mutavit.

73 1460 115 1492 ad
134 1459 346 1492 indicativum
364 1464 487 1503 attingit
506 1461 619 1493 addit:
645 1461 775 1501 ‚‚altlat.
791 1462 844 1494 fur

73 1508 243 1546 utlinyat.“

139 1552 357 1594 nequicquam]
384 1564 443 1594 pro
463 1554 582 1592 frustra
603 1552 737 1595 proprie
759 1556 843 1595 poe*—

76 1603 183 1627 turnm
218 1608 287 1627 esse
322 1597 420 1628 docet
450 1599 599 1637 Wolfius,
636 1597 698 1640 legi
733 1605 842 1629 tamen

76 1641 169 1673 addit
185 1644 318 1673 Orellius
339 1654 390 1683 ap.
417 1642 450 1672 C.
472 1654 533 1684 pro
549 1642 681 1680 Quinct.
698 1644 758 1674 25:
786 1650 843 1681 „et

79 1698 172 1725 sero,
204 1693 237 1717 et
261 1689 465 1726 nequicquam
487 1689 625 1726 pudet,“
658 1699 843 1730 quanquam

78 1731 159 1763 haec
185 1731 283 1762 verba
309 1743 347 1762 ex
373 1732 500 1763 comico
526 1732 635 1775 aliquo
668 1736 766 1775 poeta
792 1733 843 1764 vel

74 1776 116 1808 ad
140 1777 279 1807 sormam
298 1776 473 1807 locutionis
489 1777 687 1808 'Ferentinae
711 1779 842 1819 kHeaut.

78 1823 117 1853 ll.
143 1822 183 1860 3,
214 1820 295 1853 104:
333 1822 434 1853 hodie
466 1833 539 1853 sero
564 1834 601 1853 ac
627 1824 842 1866 nequicquam

80 1866 182 1905 voles)
211 1878 363 1908 expressa
390 1867 495 1898 videri
522 1867 659 1909 possint.

102 1915 128 1955 ξι.
140 1911 194 1944 60.
205 1913 333 1953 cohibet]
350 1912 402 1942 Sic
415 1913 728 1951 01nuesfe1·ecodd.‚
744 1912 841 1943 ctiam

76 1956 193 1999 optimi
211 1957 246 1987 ΙΙ.
265 1958 297 1988 Ρ.
314 1957 399 1987 Gud.
417 1957 443 1988 l.
460 1958 499 1988 Il.
522 1958 648 2000 Gryph.
665 1958 706 1994 b.,
727 1965 759 1988 et
774 1958 842 1988 iure

75 2002 160 2033 hanc
191 2001 388 2043 scripturum
420 2009 658 2033 revocaverunt
693 2005 843 2041 Klofflius,

77 2049 187 2085 Moser,
208 2048 350 2086 Tregder,
375 2058 557 2089 quanquam
573 2054 734 2078 structura
753 2047 842 2078 verbi

77 2093 191 2123 cohibe!
229 2103 300 2122 cum
337 2091 500 2123 infinitivo
538 2092 639 2124 iuncti
680 2092 841 2123 rarissima

79 2142 137 2167 cst.
188 2135 356 2167 Excitatur
379 2137 510 2179 quidem
532 2150 549 2168 ιι
567 2137 765 2168 Forcellinio
787 2138 841 2170 lo-

78 2193 131 2212 cus
169 2181 264 2212 Hirtii
302 2193 339 2212 ex
377 2183 468 2213 Caes.
505 2184 538 2214 B.
573 2184 612 2214 G.
645 2183 745 2223 VllI,
777 2184 839 2215 23:

76 2237 172 2270 quem
210 2226 308 2258 timor
343 2229 500 2259 cohibebat
538 2228 725 2270 cuiusquam
766 2227 840 2259 lidei

75 2283 164 2302 suun
192 2271 401 2303 committeie
425 2272 582 2307 sa21utem
618 2273 676 2303 sed
701 2273 746 2304 ibi
772 2275 841 2303 Ou-

76 2316 276 2358 dendoipins
296 2316 400 2347 edidit
418 2319 610 2358 piohibebal,
634 2318 721 2361 quod
743 2318 841 2349 etiam

76 2372 166 2403 seqq.
189 2360 265 2391 edd.
284 2369 490 2403 receperunt.
532 2363 687 2405 Adiungit
702 2366 842 2395 Klotzius

79 2405 144 2437 Cic.
169 2417 228 2447 pro
255 2405 383 2437 Caecin.
407 2407 461 2443 23,
484 2406 545 2438 (3452
576 2408 671 2438 Una<
696 2408 841 2438 deiectus

77 2449 139 2481 es'?
164 2462 203 2480 an
225 2449 323 2488 inde,
349 2461 411 2493 quo
435 2452 582 2482 cohibitus
603 2462 633 2482 es
656 2452 839 2483 accedere?

80 2494 141 2537 (uti
172 2494 292 2536 legitur
323 2495 354 2525 in
383 2494 528 2536 plurimis
554 2496 650 2527 codd.
674 2496 706 2527 in
733 2497 843 2539 eisque

78 2540 148 2571 Erf.
173 2547 205 2571 et
232 2539 458 2571 vetustissimis
481 2540 555 2571 edd.
583 2552 642 2583 pro
672 2544 844 2580 prohibitus

78 2595 128 2617 es:
162 2585 251 2628 quod
275 2585 409 2616 retinuit
430 2587 554 2617 lordczn.
587 2586 761 2628 multisque
787 2599 842 2617 ra-

78 2629 221 2661 tionibus
243 2630 424 2661 defendere
447 2630 597 2672 studuit.)
638 2631 727 2661 Idem
750 2642 843 2662 com-

78 2682 172 2717 parat
204 2677 282 2707 Tac.
312 2679 396 2706 Anu.
425 2677 472 2712 ll,
499 2678 560 2707 24:
600 2675 651 2706 vix
686 2678 844 2707 cohibuere

79 2719 184 2757 amici,
211 2720 383 2771 quominus
407 2719 524 2751 eodem
550 2720 630 2751 mari
656 2727 842 2762 oppeteret.

81 2766 155 2804 (pro
178 2776 241 2807 quo
259 2765 314 2795 eti
316 2777 357 2796 irn
381 2765 447 2797 dici
470 2766 576 2807 potuit
596 2767 659 2797 coh.
679 2765 841 2805 oppetere.)

80 2810 178 2840 Moser
201 2810 356 2841 excitixit
385 2810 492 2842 locum
527 2822 564 2841 ex
594 2809 842 2852 Calp11111‚Ecl.

81 2850 121 2890 4,
147 2854 206 2885 ²0:
236 2857 361 2894 iunqere
382 2874 420 2878 —
445 2857 572 2887 cohibes.
621 2857 736 2905 Nuper
758 2855 842 2885 scii—

82 2903 155 2938 ptui
158 2909 195 2928 ae
216 2901 352 2938 prohibe!
374 2900 590 2942 pa'itiocininm
611 2899 754 2941 suscepit
778 2902 843 2931 Πε-

79 2944 214 2983 senberq.
250 2944 317 2977 Em,
336 2946 374 2976 Il.
399 2956 429 2986 p.
449 2946 502 2978 55.
555 2945 722 2976 Existimat
756 2944 842 2976 enim

79 2988 213 3019 cohibere
235 2995 269 3020 et
285 2990 421 3023 notione
445 2997 477 3022 et
493 2997 655 3021 structura
678 2990 841 3021 diversum

877 1473 947 1493 esse
970 1473 989 1492 a
1016 1462 1226 1501 prohiberem,-
1261 1460 1354 1492 huius
1389 1461 1555 1504 propriam
1580 1460 1646 1492 vim

879 1507 1151 1549 (procumbere),
1179 1513 1213 1537 nt
1227 1506 1305 1538 nudi
1321 1506 1455 1537 ablativi
1479 1505 1645 1549 (introitu),

878 1551 925 1583 sic
949 1551 1104 1594 simplicis
1127 1551 1279 1582 infinitivi
1312 1552 1462 1593 (introire)
1496 1551 1645 1592 comple—

878 1603 1025 1628 mentum
1050 1596 1137 1638 puti3
1174 1596 1254 1627 illud
1286 1600 1343 1639 (Ξ
1367 1599 1538 1636 continere,
1563 1607 1646 1628 coer-

878 1642 955 1683 cere)
990 1648 1098 1672 autem
1133 1653 1191 1683 pro
1217 1654 1250 1672 se
1275 1642 1381 1684 ipsum
1412 1641 1453 1672 ad
1476 1641 1528 1680 id,
1564 1643 1646 1673 unde

879 1687 950 1729 quis
984 1687 1170 1718 cohibendo
1197 1687 1418 1725 abstineatur,
1454 1686 1646 1728 significan—

878 1732 955 1763 dum
986 1743 1092 1774 neque
1117 1731 1295 1763 ablativum
1321 1744 1426 1774 neque
1448 1731 1645 1762 infinitivum

877 1777 1072 1813 admitterem
1099 1776 1180 1814 dici,
1208 1784 1242 1807 ut
1263 1787 1375 1808 manus
1398 1779 1445 1808 ab
1467 1787 1566 1816 auro,
1592 1778 1645 1807 ho-

877 1827 951 1854 stem
985 1832 1005 1853 α
1038 1824 1216 1861 praedandi
1250 1824 1372 1853 licentia
1408 1824 1561 1861 cohib„
1598 1821 1647 1852 sic

880 1869 973 1909 (Tac.
986 1870 1023 1898 A.
1038 1869 1075 1897 ll.
1090 1866 1156 1905 ἰ’-Ι.)
1181 1877 1270 1906 quem
1285 1869 1337 1897 ciac
1352 1868 1520 1904 cohibuere,
1541 1877 1558 1906 q
1572 1876 1619 1897 uo
1633 1885 1645 1889 -

879 1915 1014 1943 minus
1039 1930 1079 1935 —-
1103 1916 1252 1950 oppeteret
1288 1914 1345 1954 (ε
1365 1923 1382 1942 ιι
1407 1918 1514 1941 morte
1537 1922 1645 1953 oppe-

879 1956 1011 1992 tenduh
1036 1956 1232 1987 infinitivum
1253 1956 1285 1986 id
1309 1956 1418 1998 potins
1439 1955 1645 1998 significatu-

879 2013 960 2039 rum,
986 2003 1028 2033 ad
1050 2001 1138 2044 quod
1156 2000 1344 2032 faciendum
1364 2000 1433 2044 quis
1457 2000 1643 2032 cohibendo

879 2053 1071 2088 cogeretur3
1097 2046 1138 2077 dc
1153 2046 1286 2089 syllabis
1301 2057 1356 2078 con
1371 2052 1403 2077 et
1422 2057 1479 2086 pro
1494 2046 1527 2077 in
1547 2045 1645 2077 codd.

879 2092 1047 2134 permixtis
1074 2103 1180 2134 comp.
1207 2091 1301 2122 Catil.
1327 2092 1380 2122 lV.
1410 2092 1459 2129 ll,
1484 2092 1546 2122 255:
1573 2101 1644 2122 con-

876 2140 994 2177 spicitis
1019 2149 1044 2168 e.
1073 2149 1102 2167 v.
1129 2148 1190 2167 scr.
1216 2139 1403 2176 prospicitis·

944 2184 1147 2222 admonetque
1168 2191 1230 2213 esse
1252 2183 1420 2223 hominem]
1449 2181 1566 2212 Omisit
1588 2181 1645 2211 Ci-

879 2239 955 2259 cero
990 2238 1174 2269 pronomen
1199 2237 1246 2258 me
1279 2226 1331 2257 vel
1359 2230 1406 2265 ie,
1443 2237 1508 2269 quo
1542 2226 1645 2267 magis

876 2273 1037 2315 generalis
1063 2272 1238 2303 efferretur
1262 2271 1436 2302 sententia.

947 2321 974 2360 ξ.
997 2318 1051 2350 61.
1093 2318 1267 2357 cohaerere]
1296 2315 1485 2346 consistere.
1533 2315 1644 2345 Meta—

878 2362 1013 2404 phoia
1005 2374 1036 2393 ιιι
1061 2362 1124 2393 hoc
1147 2361 1220 2391 loco
1244 2360 1347 2402 petita
1372 2359 1502 2390 videtur
1522 2359 1562 2390 ab
1585 2370 1644 2390 ae—

878 2407 1006 2443 diliciis,
1032 2418 1123 2449 quae,
1152 2417 1310 2446 compage
1332 2404 1452 2442 solnta,
1479 2416 1518 2435 ne
1540 2407 1644 2443 ruant,

877 2454 1034 2492 fulcienda
1062 2457 1147 2481 sunt.
1196 2450 1249 2480 sie
1274 2450 1352 2481 Har.
1376 2449 1473 2491 Resp.
1499 2449 1554 2487 ’.7,
1580 2447 1647 2481 00:

879 2496 931 2526 vix
955 2497 1054 2532 haec,
1080 2495 1107 2526 si
1130 2494 1271 2537 undique
1289 2496 1478 2535 fulciamus,
1502 2473 1644 2525 coliaere-

878 2544 962 2572 bunt.
1013 2540 1104 2572 Infra
1135 2541 1173 2571 V.
1203 2543 1265 2577 λδ,
1291 2542 1353 2571 {701
1398 2539 1536 2571 virtutes
1573 2538 1644 2569 sine

878 2586 976 2616 beata
1010 2585 1076 2616 vita
1112 2587 1271 2616 cohaerere
1308 2595 1372 2615 non
1411 2589 1547 2626 possunt
1583 2582 1644 2615 nec

879 2630 948 2660 sine
973 2629 1093 2660 virtute
1122 2629 1189 2661 vitu
1221 2629 1324 2660 beata.
1376 2631 1507 2661 Orellius
1531 2628 1643 2659 attulit

879 2675 987 2706 locum
1003 2687 1020 2706 a
1039 2674 1158 2706 criticis
1181 2674 1394 2706 vehementer
1417 2674 1560 2716 quidem,
1584 2672 1644 2704 sed

878 2719 1189 2751 iniuricztitentitum
1217 2719 1257 2750 Ν.
1277 2719 1441 2755 D.11.3⁴.'‚
1460 2720 1521 2749 δὶτ
1547 2718 1643 2759 gleba

879 2771 935 2795 aut
959 2765 1029 2807 fiag
1019 2771 1178 2796 ⁷=mzntum
1200 2764 1317 2807 lapidis
1341 2771 1397 2795 aut
1413 2761 1536 2805 aliquid
1556 2762 1642 2792 eius-

879 2809 967 2841 modi
1005 2810 1090 2841 nulla
1123 2811 1305 2842 cohaerendi
1339 2815 1464 2840 naturai
1520 2805 1644 2837 Similia

879 2855 1084 2898 comparavit
1113 2857 1243 2887 Jordan.
1280 2853 1321 2885 ad
1356 2865 1404 2884 or.
1441 2865 1469 2894 p.
1504 2849 1643 2883 Caecina

881 2900 942 2939 18,
967 2901 1020 2932 52.
1047 2912 1079 2943 p.
1098 2902 1174 2932 Ἑν.)

945 2948 1035 2987 quasi
1067 2943 1271 2986 solutionem]
1309 2943 1363 2974 bic
1399 2944 1552 2971 Smer-..tus
1566 2951 1641 2992 ap.

878 2989 1005 3022 Platon.
1032 2991 1072 3021 Cr
1075 2990 1154 3032 atyl.
1181 3002 1210 3031 p.
1232 2989 1307 3022 41‘.)
1339 2988 1372 3017 ί.
1387 2981 1442 3026 τη’
1466 2996 1502 3017 τε
1528 2981 1642 3025 λυπη
