1863 3221
814 96 979 128 LIBER
1003 96 1042 128 V.
1066 94 1129 134 27,
1155 94 1205 129 76.

229 90 314 134 446

231 188 345 235 teque
372 186 411 220 et
438 179 540 219 clara
570 190 665 218 voce
689 175 858 215 audeant
886 175 1038 224 dicere,
1075 174 1226 214 beatam
1251 175 1369 215 vitam
1395 176 1432 216 in
1458 175 1676 218 Phalaridis
1705 183 1788 217 tau-

230 268 315 294 rum
347 254 637 293 descensuram.

343 323 523 366 XXVII.
558 329 628 363 76.
664 320 754 362 Sint
771 323 784 347 ¹
809 320 911 360 enim
933 321 1005 361 tria
1026 335 1171 374 genera
1190 321 1395 372 bonorum,
1429 323 1488 375 (ut
1506 322 1582 362 iam
1600 337 1621 362 a
1641 323 1789 377 laqueis

229 399 475 447 Stoicorum,
509 395 647 449 quibus
672 408 782 435 usum
809 408 869 434 me
900 394 1097 448 pluribus,
1132 408 1243 448 quam
1275 395 1408 445 soleo,
1441 395 1639 449 intelligo,
1679 409 1790 436 rece-

229 472 405 524 damus‚)
436 470 514 510 sint
535 482 630 509 sane
654 468 717 507 illa
743 481 889 521 genera
911 468 1098 508 bonorum
1115 499 1124 517 ‚
1159 468 1246 508 dum
1273 468 1450 522 corporis
1472 477 1510 508 et
1540 476 1708 509 externa
1733 469 1790 509 ia-

227 552 342 585 ceant
369 543 470 584 humi
499 549 538 582 et
561 540 851 591 tantummode,
896 541 984 594 quia
1009 541 1196 581 sumenda
1230 541 1360 591 sint2‚
1404 541 1647 595 appellentur
1671 541 1786 593 bona,

228 618 303 658 alia
331 624 457 656 autem
482 615 543 655 illa
573 615 702 655 divina
729 614 844 666 longe
865 614 1015 667 lateque
1041 628 1083 653 se
1106 614 1273 668 pandant
1297 614 1522 667 caelumque
1547 614 1787 669 contingant,

226 693 320 741 ut³‚
354 704 400 730 ca
430 690 491 743 qui
518 689 678 742 adeptus
705 688 778 738 sit,
824 702 893 727 eur
916 701 1002 727 eum
1026 687 1180 727 beatum
1217 687 1329 726 modo
1353 694 1391 727 et
1425 701 1500 727 non
1524 687 1788 729 beatissimum

227 764 340 804 etiam
361 763 558 803 dixerim?
599 760 786 801 Dolorem
806 775 901 802 vero
924 761 1080 814 sapiens
1104 760 1351 801 extimescet.
1414 759 1452 800 Is
1477 761 1578 800 enim
1600 761 1688 801 huie
1709 775 1788 802 ma-

225 837 331 877 xime
356 836 575 876 sententiae
596 841 808 889 repugnat3
844 848 930 874 nam
954 841 1089 873 eontra
1111 840 1276 874 mortem
1297 840 1471 874 nostram
1494 841 1608 888 atque
1632 841 1786 875 nostro-

225 925 307 950 rum
331 916 543 962 contraque
561 908 843 961 aegritudinem
862 914 900 947 et
921 907 1091 960 reliquas
1110 907 1225 946 animi
1250 906 1561 961 perturbationes
1581 907 1677 948 satis
1697 921 1787 949 esse

226 982 403 1023 videmur
432 981 676 1035 superiorum
713 980 859 1019 dierum
895 979 1219 1033 (lisputationibus
1251 980 1386 1018 armati
1423 986 1461 1018 et
1488 980 1632 1033 parati3
1675 981 1787 1021 dolor

224 1069 312 1095 esse
334 1054 488 1095 videtur
507 1052 721 1093 acerrimus
742 1052 872 1092 virtuti
888 1055 905 1077 ³
928 1052 1192 1102 adversarius,
1220 1052 1252 1091 is
1270 1052 1453 1093 ardentes
1476 1053 1581 1093 faces
1602 1053 1783 1105 intentat,

224 1129 258 1169 is
299 1126 582 1177 fortitudinem,
627 1124 932 1179 magnitudinem
973 1125 1114 1175 animi,
1160 1125 1383 1180 patientiam
1416 1139 1459 1165 se
1500 1126 1786 1168 debilitaturum

291 1257 435 1289 XXVII.
474 1254 487 1287 l
516 1256 553 1287 R.
578 1256 610 1287 P.
638 1262 670 1286 et
694 1254 786 1297 pauci
811 1254 991 1286 deteriores
1017 1254 1113 1286 codd.
1134 1259 1214 1295 sunl,
1240 1267 1269 1286 ν.
1290 1254 1331 1286 ad
1355 1253 1457 1294 1.23‚
1483 1255 1543 1287 55:
1568 1266 1637 1288 sum
1659 1267 1783 1299 passus.

223 1303 242 1335 2
269 1303 322 1334 Sic
336 1304 390 1333 Or.
415 1313 441 1333 c.
463 1301 499 1332 R.
516 1302 548 1332 P.
565 1300 649 1331 Gud.
665 1299 693 1333 1.
719 1301 758 1333 ΙΙ.
782 1299 916 1342 aliisque
938 1300 1063 1343 aliquot
1083 1299 1158 1331 edd.
1181 1307 1260 1331 vett.
1283 1311 1342 1343 pro
1366 1300 1451 1342 vulg.
1477 1305 1558 1332 sunt.
1603 1300 1624 1333 3
1648 1313 1679 1333 v.
1696 1301 1782 1333 Adu.

225 1383 362 1421 Sprache
386 1382 498 1412 herous
519 1380 648 1418 wellen,
669 1378 792 1419 VVols.)
820 1378 987 1419 eleganter

223 1426 375 1457 dicuntur
400 1423 607 1465 Peripatetici
638 1430 830 1465 veteresque
855 1422 986 1454 Acade-

223 1470 318 1507 mici,
360 1469 434 1512 quia
469 1468 597 1498 beatam
632 1467 764 1510 quidem
790 1467 889 1498 vitam
923 1479 986 1498 una

224 1515 346 1547 virtute
369 1513 485 1545 confici
505 1513 670 1550 dicebaut,
689 1513 746 1543 sed
764 1512 984 1543 beatissimam

224 1560 346 1591 virtute
381 1565 413 1590 et
447 1558 592 1600 corporis
628 1558 846 1599 fortunaeque
878 1557 984 1589 bonis.

223 1606 311 1636 Bene
336 1606 495 1636 Ernestius
527 1603 558 1633 in
588 1602 675 1634 Clav.
700 1605 849 1634 balbutire
873 1602 914 1633 de
947 1602 984 1633 iis

224 1649 365 1692 accipit,
402 1648 455 1691 qni
478 1648 556 1679 satis
580 1647 664 1678 clarc
679 1672 686 1686 ‚
722 1659 804 1690 quae
827 1647 983 1684 sentiunt,

224 1694 332 1726 dicere
366 1694 493 1724 nolunt.
545 1692 694 1723 Alienum
726 1699 774 1723 est
801 1692 985 1734 exemplum

224 1739 265 1770 de
284 1738 389 1770 bivio.
414 1739 437 1775 l,
467 1740 492 1769 l.
517 1737 556 1768 ab
579 1737 700 1768 Orellio
722 1737 875 1768 allatum:
902 1737 982 1779 Epi-

225 1796 336 1815 curum
368 1785 582 1814 balbutientem
618 1782 659 1812 de
693 1788 809 1813 natura
834 1781 982 1821 deorum,

222 1829 255 1862 h.
274 1840 302 1860 e.
326 1828 438 1870 inepte
463 1827 687 1858 disserentem.

293 1873 523 1913 descensuram]
544 1871 731 1903 Sententia:
758 1871 881 1911 dicant,
901 1871 983 1903 bea-

221 1925 289 1950 tam
315 1918 416 1949 vitam
441 1917 479 1948 ab
507 1929 569 1948 una
594 1917 715 1948 virtute
740 1916 895 1959 pendere,
922 1929 984 1949 nec

222 1964 393 2006 quicquam
419 1962 538 1994 malum
563 1973 643 2001 esse,
672 1961 733 1992 nisi
761 1961 849 2004 quod
873 1962 980 1993 hone-

221 2016 305 2040 state
330 2014 449 2039 careat.

291 2053 524 2084 CA1›.XXVH.
553 2050 647 2093 §.To
678 2053 810 2092 laqueis]
850 2051 982 2082 fallaci-

222 2099 281 2129 bus
302 2096 584 2128 conclusiunculis.
609 2098 708 2126 Moser
724 2106 830 2138 comp.
845 2095 885 2126 de
898 2097 982 2127 Fato

221 2141 253 2174 4.
279 2142 319 2173 de
340 2143 393 2172 Or.
420 2142 441 2171 l.
465 2141 514 2179 lo,
537 2139 599 2172 43:
627 2139 753 2178 „Stoici
778 2152 854 2171 vero
879 2140 981 2171 nostri

222 2186 482 2229 disputationum
514 2196 643 2216 suarum
670 2190 769 2227 atque
792 2184 978 2226 interroga-

221 2232 349 2263 tionum
380 2229 502 2272 laqueis
535 2236 568 2261 te
598 2229 759 2260 irretitum
793 2234 980 2260 tenerent.“

221 2275 324 2307 Stoici
342 2275 427 2306 enim
443 2274 609 2312 dicebant,
635 2274 782 2316 corporis
799 2281 830 2305 et
848 2281 981 2305 externa

221 2321 308 2352 bona
333 2331 397 2352 non
422 2320 509 2351 bona
534 2331 622 2356 esse,
649 2320 707 2350 sed
731 2326 859 2350 tantum
887 2331 980 2350 com-

220 2365 338 2403 moda,
372 2372 406 2396 et
430 2364 506 2395 ideo
530 2364 671 2407 sapienti
696 2376 761 2395 non
786 2364 980 2407 expetenda,

220 2410 376 2441 sumenda
412 2411 598 2451 (producta,
629 2408 834 2451 προηγμένα)
861 2416 982 2440 tamen.

222 2456 261 2487 V.
286 2455 452 2486 Adnotatu
480 2455 511 2485 in
538 2466 565 2485 c.
587 2454 642 2491 16,
669 2454 721 2487 47.

289 2504 343 2538 ut,
368 2499 418 2541 ea]
445 2500 499 2530 W.
523 2502 576 2530 Or.
598 2500 680 2530 Mos,
707 2500 762 2530 Tr.
787 2499 979 2541 particulam

221 2547 253 2575 ut
278 2543 368 2574 uncis
391 2551 581 2584 sepserunt:
618 2543 706 2585 quod
735 2555 838 2585 nuper
863 2546 980 2575 ll'esen-

222 2591 303 2628 bery.
326 2589 394 2618 Em.
421 2589 457 2618 ll.
484 2600 514 2629 p.
547 2590 591 2619 Η».
625 2588 794 2630 probarim
835 2589 979 2619 Davisius

223 2645 295 2664 cum
319 2632 479 2662 Lambino
513 2637 543 2662 ut
574 2634 719 2663 exsulare
744 2633 855 2671 iussit,
893 2633 979 2676 quod

221 2678 341 2720 probat
356 2676 505 2713 Orellius,
530 2688 623 2718 quem
644 2678 737 2707 vide:
764 2690 801 2709 ea
823 2690 901 2709 vero
918 2678 979 2709 de—

222 2723 309 2760 leta,
334 2721 367 2753 id
389 2721 465 2752 milii
491 2721 619 2751 videtur
641 2722 864 2759 durissimum,
892 2723 979 2765 quod

222 2768 304 2799 haec
326 2766 438 2798 ultima
455 2764 637 2796 enuntiatio
659 2766 748 2795 nullo
763 2768 892 2798 vinculo
909 2780 979 2799 cum

221 2810 490 2844 antecedentibus
535 2811 704 2840 sententiis
742 2812 893 2853 copulata
928 2813 978 2844 sit.

222 2859 335 2900 Itaque
371 2855 402 2886 in
435 2855 485 2885 ed.
516 2866 564 2896 pr.
596 2854 768 2896 legendum
805 2857 977 2897 putabam:

221 2906 268 2940 et,
303 2912 338 2933 ea
361 2903 413 2941 qui
434 2901 564 2939 adeptus
587 2901 626 2930 sit
649 2905 747 2933 cett.;
783 2900 840 2930 sed
866 2908 980 2941 postea

221 2946 356 2978 meliora
377 2953 438 2977 'me
469 2944 603 2976 edocuit
636 2945 780 2976 Hundius
803 2944 845 2975 ad
870 2946 980 2988 W'op-

1022 1378 1112 1410 kens.
1135 1379 1241 1410 Lectt.
1266 1390 1296 1420 p.
1312 1379 1395 1415 15¹2„
1423 1379 1477 1421 qui
1499 1378 1540 1409 de
1562 1379 1594 1410 h.
1609 1379 1629 1412 l.
1651 1379 1782 1422 scripsit

1021 1424 1085 1454 sic:
1123 1423 1205 1454 Mihi
1231 1423 1361 1465 quidem
1388 1424 1468 1455 haec
1493 1424 1659 1455 Ciceronis
1682 1424 1781 1456 verba

1023 1479 1086 1499 non
1111 1468 1335 1510 negligenter,
1361 1468 1419 1499 sed
1442 1468 1671 1511 pereleganter
1693 1468 1783 1501 dicta

1022 1513 1184 1544 videntur.
1236 1513 1317 1543 Nam
1351 1513 1381 1543 in
1412 1513 1481 1556 ipsa
1514 1513 1781 1555 interrogationis

1021 1558 1128 1589 forma
1161 1570 1303 1589 caussam
1328 1558 1422 1589 video
1444 1564 1590 1589 mutatae
1611 1558 1781 1591 orationis,

1024 1602 1138 1634 Dicere
1162 1603 1267 1634 voluit
1292 1603 1425 1633 Cicero:
1451 1608 1495 1642 ut,
1520 1613 1555 1635 ea
1575 1606 1628 1643 qui
1651 1605 1782 1644 adeptus

1019 1650 1068 1686 sit,
1085 1650 1190 1679 beatus
1212 1650 1250 1679 sit
1271 1649 1441 1687 dicendum
1464 1647 1524 1679 sed
1542 1648 1652 1680 subito
1675 1655 1781 1680 mutat

1018 1692 1215 1723 senteutiam
1251 1699 1283 1724 et
1315 1693 1453 1735 amplius
1485 1692 1596 1724 addit:
1635 1704 1690 1725 cur
1711 1703 1781 1725 eum

1019 1739 1140 1768 beatum
1162 1739 1252 1769 modo
1275 1741 1300 1769 et
1321 1748 1380 1770 non
1396 1740 1604 1770 beatissimum
1616 1740 1779 1770 dixerim?

1022 1781 1072 1812 Cf.
1099 1782 1140 1813 ad
1172 1783 1195 1815 Ι.
1228 1785 1289 1818 ¹22,
1314 1784 1375 1814 50:
1420 1787 1453 1814 ut
1477 1802 1517 1807 -—
1544 1793 1713 1815 casurusne
1745 1782 1779 1814 in

1021 1834 1232 1869 conspectum
1256 1827 1416 1859 videatur.
1463 1830 1563 1860 Moser
1585 1828 1617 1860 in
1642 1839 1778 1859 censura

1018 1871 1104 1903 laud.
1130 1873 1248 1915 utils).
1272 1872 1421 1909 coniicit,
1448 1883 1508 1915 pro
1533 1876 1564 1904 ui
1589 1883 1626 1905 ea
1649 1875 1702 1913 qui
1725 1872 1777 1904 le—

1019 1917 1162 1958 gendum
1187 1929 1273 1948 esse:
1301 1928 1395 1957 eaque
1415 1921 1490 1958 qui,·
1523 1917 1649 1949 scilicet
1672 1929 1778 1949 vocu-

1018 1962 1082 1993 lam
1104 1972 1160 2002 que
1185 1974 1202 1993 a
1225 1974 1292 2005 seq.
1313 1965 1366 2002 qui
1382 1962 1569 2005 absorptam
1585 1974 1656 1994 esse
1674 1962 1776 2005 (quod

1020 2007 1117 2038 facile
1153 2007 1218 2038 fieri
1250 2007 1416 2051 potuisse,
1451 2008 1477 2039 si
1509 2008 1665 2050 scriptum
1691 2014 1778 2039 esset

1018 2053 1197 2092 EAQQVI)
1213 2077 1221 2091 ‚
1259 2060 1327 2084 tum
1352 2063 1429 2084 vero
1453 2053 1604 2085 voculam
1635 2057 1668 2084 ut
1691 2052 1776 2084 irre-

1017 2108 1128 2138 pfflsse.

1083 2143 1278 2182 extimescet]
1310 2144 1509 2181 lt'opkensius
1531 2143 1640 2174 Lectt.
1653 2142 1774 2182 Tull.1,

1020 2184 1068 2217 14).
1095 2198 1124 2227 p.
1148 2184 1217 2218 147.
1246 2193 1321 2228 post
1345 2186 1407 2217 hoc
1427 2187 1559 2217 verbum
1587 2194 1698 2218 notam
1719 2187 1774 2218 in-

1016 2230 1206 2271 terrogandi
1238 2230 1369 2274 posuit,
1409 2242 1445 2261 ea
1477 2232 1601 2263 scilicet
1634 2232 1773 2269 ratione,

1016 2286 1111 2317 quam
1136 2274 1177 2305 ad
1200 2276 1253 2305 IV.
1274 2274 1335 2312 26,
1356 2275 1410 2307 50.
1435 2275 1592 2313 vidimus;
1628 2276 1686 2307 sed
1711 2276 1775 2307 du-

1017 2320 1108 2357 bito,
1147 2331 1222 2350 num
1256 2319 1336 2351 haec
1371 2320 1456 2351 ratio
1490 2321 1520 2351 in
1557 2320 1643 2352 hunc
1666 2321 1774 2352 locum

1017 2364 1164 2407 quadret.
1208 2365 1292 2395 Nam
1309 2375 1327 2396 a
1343 2364 1449 2396 verbis
1464 2368 1604 2397 Dolorem
1622 2376 1693 2398 vero
1711 2372 1773 2398 etc.

1017 2421 1101 2441 nova
1128 2409 1255 2441 orditur
1278 2410 1438 2452 quaestio.

1083 2457 1253 2486 acerrimus
1270 2457 1376 2486 virtuti
1392 2455 1605 2498 adversarius]
1635 2455 1775 2486 Attende

1016 2499 1080 2531 hoc
1104 2499 1305 2542 exemplum,
1331 2499 1361 2530 in
1388 2511 1452 2542 quo
1476 2502 1677 2531 aduersarius
1701 2511 1773 2531 cum

1016 2544 1179 2575 adiectivo
1207 2544 1394 2586 copulatum
1426 2545 1571 2574 dativum
1606 2556 1665 2586 pro
1697 2556 1772 2585 gen.

1016 2589 1205 2619 adiunctum
1239 2589 1338 2620 habet
1408 2589 1622 2620 l'robabiliter
1651 2591 1770 2620 Wesen-

1016 2637 1096 2672 tqu.
1121 2636 1189 2664 tim.
1215 2636 1235 2664 l.
1260 2634 1355 2675 pstzffl.
1381 2634 1553 2675 lrgendum
1577 2641 1685 2663 censet
1707 2636 1770 2664 vir-

1015 2682 1097 2717 tutis,
1125 2677 1308 2719 ‹·‹›mp.Oll'.
1325 2680 1379 2708 lll.
1403 2684 1454 2712 23,
1478 2681 1536 2707 ³0:
1561 2688 1687 2715 qroztem
1711 2680 1769 2709 ad-

1014 2726 1199 2755 versor-imm.
1220 2726 1400 2762 imperii.
1463 2723 1535 2753 Har.
1559 2734 1642 2764 resp.
1668 2725 1694 2766 §-
1715 2722 1769 2755 34.

1014 2771 1198 2799 acerriumm
1214 2770 1239 2799 11
1252 2778 1265 2798 e
1277 2779 1294 2798 η
1307 2779 1325 2799 n
1337 2778 1354 2798 a
1368 2778 1406 2798 rc
1418 2769 1457 2798 1ιὶ
1475 2769 1701 2806 mluersurium,
1718 2769 1770 2800 Th.

1019 2817 1042 2843 A
1065 2813 1179 2855 quibus
1203 2813 1358 2853 exemplis
1384 2812 1597 2842 discernenda
1621 2819 1696 2842 sunt
1720 2823 1768 2851 ea,

1014 2857 1046 2887 in
1079 2857 1194 2899 quibus
1219 2857 1346 2888 dativus
1383 2855 1505 2897 pendet
1537 2868 1554 2887 a
1586 2856 1768 2888 sententiae

1016 2902 1116 2932 verbo
1140 2902 1191 2933 vel
1215 2901 1321 2943 potius
1346 2912 1383 2931 ex
1410 2906 1478 2931 tota
1498 2901 1680 2939 sententia,
1710 2908 1765 2932 ut:

1015 2954 1064 2978 est
1085 2946 1163 2978 mihi
1195 2945 1329 2977 acerbus
1350 2944 1574 2986 adversarius,
1610 2946 1770 2989 profiteor
