1863 3221
239 114 322 156 480

284 201 427 233 dicinam
451 206 544 232 tanto
571 209 641 229 cum
665 205 815 227 successu
841 194 996 231 exercuit,

285 253 320 277 ut
343 246 426 278 adeo
451 251 598 276 mortuos
630 241 661 271 in
689 239 790 270 vitam
815 238 997 270 reduceret.

285 291 364 322 Inde
377 290 551 327 Aesculapii
567 288 739 323 liberisunt
753 285 874 314 medici.
898 285 930 320 ⁴3,
944 284 997 314 3⁸.

238 339 397 375 Aesffpus,
423 331 616 365 clarissimu's
640 328 768 365 histrio,
793 329 914 359 amicus
941 327 994 358 Ci-

286 378 423 412 ceronis.
460 380 490 413 ζ’,
512 376 565 407 3¹).
601 372 632 412 -l·,
653 374 705 404 55.
741 373 780 403 V.
801 374 932 404 Ellendt.
955 372 996 403 ad

285 424 325 455 de
349 425 403 453 Or.
438 422 461 452 1.
483 419 537 457 61,
562 418 637 450 259.
662 416 736 448 Vol.
761 418 801 447 Il.
826 428 858 458 p.
875 416 936 448 153
948 428 996 459 sq.

239 471 368 506 Aelolia‚
391 463 517 496 mediae
539 462 696 493 Graeciae
722 458 913 503 (Emo'ffiog)
939 473 996 491 re-

283 513 356 554 gio,
393 510 479 540 inter
507 506 745 546 Acarnaniam,
780 505 995 544 Thessaliam,

285 554 459 591 Doridem,
486 551 663 583 Locridem
687 551 758 581 sita.
795 551 831 588 1,
857 551 888 582 3.

237 602 398 640 Afranius,
422 599 547 636 Lucius,
566 595 712 636 Latinus,
728 600 844 626 auctor
865 605 996 626 comoe-

283 644 356 675 diae
377 649 530 685 togatae.
556 641 577 671 i.
599 652 626 672 e.
652 641 815 670 Romanas
841 650 995 681 personas

283 695 316 720 et
339 699 446 719 mores
469 685 672 722 exhibentis,
710 683 896 726 ingeniosus
921 684 997 714 Me—

282 731 399 765 nandri
420 731 587 766 imitator,
621 728 654 767 -1,
675 726 727 760 45.
778 728 828 759 Cf.
854 729 940 759 Brut.
969 740 995 759 c.

281 777 335 810 45.
371 776 412 807 de
424 775 530 806 Finib.
555 776 578 813 l,
600 774 630 808 3.
659 774 737 804 Hor.
760 784 811 815 ep.
832 774 872 804 Il.
899 774 923 810 1,
941 773 994 805 57.

281 821 429 853 Macrob.
455 820 494 856 ὅ,
519 820 546 850 1.

237 870 414 908 Africanus.
460 865 499 895 V.
527 864 642 902 Scipio.

237 911 411 953 Agamzdes
445 915 477 939 et
513 908 724 946 Trophonius,
761 905 900 942 fratres,
942 903 999 934 filii

285 954 395 996 Ergini
420 951 592 984 architecti
615 950 779 991 iidemque
800 949 863 991 ipsi
887 948 995 979 archi-

281 999 372 1036 tecti,
398 1007 536 1039 quorum
556 995 647 1037 prior
669 992 894 1024 exaedificavit
909 1000 997 1023 tem—

281 1044 371 1086 plum
392 1040 597 1082 Delphicum,
623 1039 656 1069 in
679 1049 743 1080 quo
767 1048 868 1079 opere
890 1036 995 1068 conli-

282 1087 399 1119 ciendo
424 1086 528 1116 frater
555 1083 737 1124 Agamedes
763 1093 836 1112 eum
861 1080 997 1112 adiuvit.

282 1131 426 1167 Eadem,
464 1140 546 1172 quae
574 1128 708 1165 Cicero,
747 1126 787 1157 (le
812 1126 860 1156 his
886 1132 997 1156 narrat

279 1177 466 1208 Plutarchus
490 1179 572 1205 orat.
601 1183 690 1203 cons.
716 1170 757 1202 ad
785 1170 996 1212 Apollonium

279 1233 312 1264 p.
328 1221 404 1253 335.
429 1219 480 1250 ed.
498 1219 591 1248 Hutt.
620 1218 647 1253 1,
674 1216 752 1248 il-l:
781 1215 834 1246 ubi
849 1217 997 1246 Davisius

281 1276 388 1307 comp.
416 1263 613 1295 Aeschinem
637 1261 668 1291 in
696 1259 832 1291 Axioch.
861 1271 892 1301 p.
919 1260 994 1292 751).

280 1310 418 1352 aliaque.
456 1308 628 1348 Discrepat
652 1306 788 1336 Pausan.
814 1306 874 1342 lX,
901 1317 926 1336 c.
942 1306 994 1334 40.

281 1355 332 1386 Cf.
357 1355 502 1392 wyttenb.
527 1351 569 1382 ad
593 1350 658 1381 Cic.
680 1350 721 1380 N.
742 1351 779 1380 D.
803 1350 858 1388 Ill,
888 1349 937 1381 19.
963 1348 994 1379 in

281 1399 400 1430 Select.
426 1396 535 1428 Schol.
562 1407 593 1437 p.
608 1394 685 1427 7354.
708 1394 759 1424 Cr.

235 1445 446 1483 A9amemno,
480 1440 570 1471 Atrei
596 1438 698 1475 filius,
725 1437 855 1478 Pelopis
881 1448 994 1478 nepos,

280 1488 494 1529 Mycenarum
521 1495 596 1521 rex,
622 1493 765 1513 summus
794 1482 996 1512 Graecorum

281 1531 346 1562 dux
367 1537 444 1561 ante
460 1528 605 1561 Troiam.
636 1528 661 1565 1,
680 1528 733 1559 911.
758 1525 790 1565 3,
812 1526 866 1559 57.
885 1526 938 1557 (32.
963 1530 994 1565 4,

284 1576 332 1608 17.
359 1576 411 1606 52.

236 1621 445 1660 A9r09it‘1nus.
470 1619 508 1649 V.
524 1618 565 1649 ad
579 1619 609 1653 ἶ),
621 1616 675 1649 (ἧς).
705 1616 754 1646 Cf.
768 1627 796 1646 v.
807 1617 996 1646 Achradina.

237 1667 332 1704 Aiax,
355 1663 544 1695 Telamonis
571 1662 663 1699 lilius,
689 1660 766 1692 hinc
785 1660 995 1691 Telamonius

281 1708 388 1739 dictus
403 1733 410 1746 ,
436 1708 487 1737 vel
513 1706 706 1737 Salaminius
731 1717 749 1736 a
772 1704 880 1746 patria
901 1704 996 1734 Sala-

280 1753 388 1790 mine,
415 1751 559 1783 omuium
586 1752 806 1786 Graecorum,
841 1749 895 1790 qui
920 1754 996 1779 ante

279 1797 413 1828 Troiam
438 1796 646 1838 pugnabant,
677 1793 856 1825 secuudum
881 1792 996 1824 Achil—

279 1841 343 1872 lem
367 1841 574 1871 fortissimus.
611 1839 736 1870 Achille
755 1844 899 1875 mortuo,
915 1849 994 1879 spe-

279 1886 391 1923 rabat,
417 1882 510 1916 'illius
545 1896 634 1915 arma
658 1883 720 1914 sibi
751 1883 908 1914 traditum
932 1881 992 1919 iri,

280 1942 377 1972 quum
401 1937 510 1961 autem
536 1929 639 1960 Ulixis
664 1928 783 1959 astutia
815 1939 874 1970 spe
899 1927 993 1958 deie-

280 1982 350 2007 ctus
381 1981 484 2011 esset,
522 1974 634 2004 furore
665 1979 854 2015 correptus,
891 1971 993 2002 multa

279 2019 392 2050 insana
425 2018 507 2049 fecit
541 2018 738 2060 tandemque
774 2028 904 2047 manum
932 2016 994 2046 sibi

279 2063 401 2095 intulit.
428 2062 489 2093 Od.
516 2064 543 2100 λ,
569 2062 632 2093 545
646 2074 717 2104 sqq.
755 2061 937 2103 Sophocles
959 2060 990 2090 in

279 2107 409 2144 fabula,
449 2117 530 2148 quae
554 2106 744 2136 inscribitur
769 2106 851 2142 Αἴας
875 2116 992 2146 μαστι-

278 2149 443 2193 γοφόρος,
487 2150 573 2180 huuc
606 2149 712 2180 Aiacis
751 2150 897 2180 furorem
931 2149 993 2180 sibi

279 2196 417 2237 sumpsit
438 2194 617 2225 materiam.
662 2195 770 2232 Quum
796 2193 915 2235 iniquis
939 2193 991 2223 iu-

279 2240 387 2271 dicum
410 2238 580 2269 sententiis
599 2238 687 2268 Ulixi
709 2238 791 2269 haec
815 2249 903 2268 arma
928 2237 990 2268 ad—

278 2284 420 2315 iudicata
452 2289 579 2319 essent,
619 2283 733 2313 Cicero
767 2294 839 2313 eum
872 2281 992 2312 iudicio

277 2329 463 2371 iniquorum
487 2327 715 2358 circumventis
749 2330 912 2358 ac'ceuset.
963 2328 990 2365 1,

278 2374 331 2405 916.
367 2373 406 2411 3,
434 2374 482 2404 11.
503 2375 555 2404 ’ἑά
579 2372 631 2404 71.
663 2371 702 2409 -1,
729 2369 781 2404 49.
803 2373 855 2403 53.

234 2420 378 2450 Albinus.
426 2418 462 2447 L.
486 2419 664 2448 Postumius
686 2418 835 2455 Albinus,
858 2415 991 2446 tertium

280 2461 389 2494 consul
413 2461 529 2492 absens
556 2461 681 2497 factus,
709 2460 880 2497 Boiorum,
909 2460 991 2491 Gal—

277 2507 340 2536 liae
363 2505 487 2546 gentis,
520 2505 559 2535 ab
584 2505 768 2535 Hannibale
794 2504 990 2542 concitatae,

279 2549 403 2580 insidiis
424 2549 455 2579 in
479 2549 559 2580 silva
588 2550 704 2579 Litana
728 2549 849 2580 occidit
873 2561 900 2580 a.
925 2550 990 2581 ⁸:15

279 2606 296 2625 a
311 2593 384 2623 Chr.
405 2594 430 2629 1,
446 2595 503 2623 >28³1
532 2594 583 2623 ubi
609 2606 638 2623 v.
658 2594 739 2625 Adn,
769 2593 856 2624 Idem
872 2600 904 2624 et
914 2594 987 2625 Til).

279 2640 451 2679 Sempron.
467 2637 631 2668 Gracchus
650 2638 744 2680 primi
759 2639 891 2669 suerunt
908 2650 990 2669 con—

277 2682 362 2713 sules
388 2693 404 2712 e
428 2680 534 2722 plebe.

232 2729 388 2764 Albucius,
415 2728 459 2763 T.‚
484 2730 557 2766 post
581 2732 764 2766 praeturam
780 2726 948 2757 Sardiniae
971 2738 989 2758 a

281 2772 316 2802 C.
335 2770 417 2802 Iulio
445 2769 580 2799 Caesare
602 2770 764 2800 Strabone
786 2771 989 2813 repetunda-

278 2827 350 2847 rum
374 2820 542 2845 accusatus
575 2819 608 2842 et
633 2813 663 2843 in
690 2814 836 2845 exsilium
860 2816 987 2857 missus,

279 2859 368 2892 exsul
389 2857 525 2889 Athenis
549 2856 647 2895 vixit,
674 2858 840 2899 pei-sectus
864 2860 988 2901 Epicu..

278 2916 350 2936 reus
372 2902 485 2942 evasit,
504 2901 667 2933 orationes
689 2902 821 2943 reliquit
837 2904 988 2944 scripsit—

278 2960 341 2991 que
361 2946 480 2981 satiras
504 2945 674 2978 Luciliano
707 2945 794 2977 stilo.
843 2947 987 2980 Lucilius

797 117 940 149 INDEX
964 115 1238 148 HISTORICUS.

1079 205 1152 224 eum
1175 200 1209 224 ut
1223 194 1348 225 Graeca
1370 193 1562 226 miscentem
1583 193 1683 226 verba
1695 191 1792 224 Lati-

1079 238 1126 269 nis
1152 244 1246 269 notat
1270 237 1358 279 apud
1384 238 1574 269 Ciceronem
1600 238 1641 269 de
1665 236 1736 268 Fin.
1762 236 1792 275 l,

1077 283 1109 313 :-·›.
1137 301 1175 305 ——-
1205 284 1235 318 5,
1265 283 1334 313 lus.
1383 282 1434 314 Cf.
1453 285 1572 314 Mizller.
1595 282 1637 314 ad
1663 282 1729 313 Cic.
1752 281 1794 312 de

1079 328 1170 358 Orat.
1191 328 1249 357 111.
1271 326 1325 364 -13,
1353 326 1422 359 171.
1448 334 1481 357 et
1504 329 1707 365 ll'yllenbach.
1729 328 1791 357 Se—

1077 371 1153 401 lect.
1169 369 1321 402 Schol.in
1337 370 1438 401 Cicer.
1452 371 1493 402 N.
1510 373 1547 401 D.
1567 373 1589 409 1,
1603 371 1656 403 33.
1669 382 1700 412 p.
1714 369 1788 404 737.

1079 416 1129 446 Cr.
1150 417 1290 454 Madv-1⁴9.
1315 415 1356 445 ad
1378 415 1448 446 Fin.
1472 418 1493 447 l.
1517 416 1548 452 3,
1568 418 1599 446 ὅ.
1635 414 1728 445 Adde
1751 413 1793 444 de

1078 459 1140 491 Off.
1169 461 1206 489 ll.
1238 461 1294 495 14,
1320 461 1372 490 50.

1032 508 1172 543 Alcaeus,
1198 510 1297 546 poeta
1319 503 1450 545 lyricus,
1470 503 1638 546 Mytilenis
1660 502 1690 533 in
1707 503 1790 533 Les—

1076 549 1119 580 bo
1142 555 1248 586 natus,
1267 547 1399 590 scripsit
1413 548 1555 579 dialecto
1570 547 1702 579 Aeolica
1719 559 1794 578 car-

1076 593 1164 624 mina
1188 592 1345 624 amatoria
1371 596 1412 633 (c.
1431 593 1508 624 600.
1534 604 1562 624 a.
1580 592 1668 631 Chr.)
1692 591 1723 628 4,
1738 592 1792 623 71.

1031 638 1229 677 Alcibiades,
1255 637 1377 668 Cliniae
1402 636 1496 675 filius,
1524 636 1668 668 Socratis
1692 635 1792 666 disci-

1077 683 1170 725 pulus
1207 680 1297 724 (420.
1324 693 1353 712 a.
1382 681 1485 723 Chr.).
1521 681 1562 723 ὃ,
1588 681 1648 714 Ϊῗῑ
1683 681 1737 712 ubi
1761 692 1791 711 v.

1078 727 1162 758 Adn.
1187 728 1227 764 3,
1254 727 1306 759 7³5.

1033 772 1212 804 Alcidamas
1235 782 1315 813 gnon
1329 772 1522 810 Alcidamas,
1546 783 1574 802 v.
1588 770 1630 802 ad
1649 770 1675 809 1,
1695 769 1790 809 liu),

1078 828 1117 847 ex
1135 816 1241 851 Elaea,
1266 815 1412 846 Aeolidis
1433 815 1465 845 in
1483 815 1555 846 Asia
1575 815 1663 853 urbe,
1681 813 1791 845 oriun-

1077 861 1156 898 dus,
1195 860 1371 901 discipulus
1409 859 1551 901 Gorgiae
1565 885 1572 898 ‚
1610 860 1723 890 rhetor
1757 864 1791 889 et

1077 912 1199 936 orator.
1228 905 1293 946 (Cf.
1315 904 1450 943 Quintil.
1476 906 1531 935 lll.
1562 905 1587 940 1,
1617 904 1665 935 10.
1698 905 1791 935 Hein-

1078 951 1158 989 dorf.
1179 948 1221 979 ad
1248 948 1330 980 Plat.
1348 948 1485 979 Phaedr.
1508 960 1540 991 p.
1553 949 1629 980 501.
1653 949 1791 979 Tzetzes

1078 993 1119 1023 de
1145 1004 1184 1024 eo
1211 992 1294 1023 Chil.
1326 993 1373 1029 11,
1399 993 1489 1029 3²35.)
1521 994 1557 1029 l,
1588 991 1657 1024 116.

1032 1042 1196 1076 Alcmaeo,
1231 1031 1316 1067 filius
1341 1035 1530 1078 Amphiarai
1569 1037 1677 1078 (quern
1703 1035 1790 1075 vide)

1077 1088 1109 1112 et
1135 1081 1320 1123 Eriphyles.
1382 1080 1438 1111 Cui
1475 1092 1572 1123 quum
1596 1087 1711 1123 pater,
1749 1080 1791 1111 ad

1077 1126 1199 1157 bellum
1219 1124 1384 1167 proficisci
1406 1133 1550 1166 coaeum,
1568 1125 1739 1168 Eriphyles
1759 1125 1791 1155 in

1077 1182 1111 1202 se
1133 1170 1311 1213 nequitiam
1330 1170 1511 1212 aperuisset
1527 1177 1559 1200 et
1572 1170 1687 1201 mortis
1703 1181 1790 1207 suae,

1077 1227 1172 1258 quam
1186 1214 1395 1257 providebat,
1408 1214 1628 1246 ulciscendam
1639 1214 1792 1256 reliquis-

1077 1267 1146 1297 set,
1188 1267 1320 1291 mortuo
1346 1260 1430 1301 patri
1457 1259 1630 1290 obsecutus
1654 1266 1792 1290 matrem

1076 1304 1218 1335 sustulit.
1255 1305 1328 1343 Quo
1349 1305 1473 1335 scelere
1490 1304 1520 1335 in
1541 1315 1576 1334 se
1594 1303 1736 1335 admisso
1750 1303 1792 1334 ad

1077 1350 1242 1391 Phegeum
1263 1349 1432 1390 confugit,
1458 1361 1475 1379 a
1500 1360 1564 1391 quo
1588 1355 1790 1390 purgaretur,

1077 1394 1242 1436 filiamque
1261 1393 1327 1423 eius
1343 1394 1593 1435 Alphesiboeam
1607 1392 1699 1424 duxit
1712 1404 1790 1423 uxo-

1075 1450 1156 1474 rem,
1184 1438 1232 1468 cui
1253 1438 1376 1468 monile
1396 1438 1686 1469 matridetractum
1710 1436 1789 1479 gvid.

1076 1483 1306 1522 Amphiaraus)
1350 1482 1479 1513 obtulit.
1540 1484 1645 1520 Quum
1682 1488 1791 1512 autem

1076 1527 1163 1568 apud
1189 1527 1351 1568 Phegeum
1378 1526 1507 1562 furoris,
1534 1526 1565 1556 in
1590 1538 1684 1568 quem
1706 1526 1791 1557 inci—

1077 1571 1180 1608 derat,
1207 1571 1386 1601 remedium
1407 1582 1468 1601 non
1493 1571 1680 1607 invenisset,
1708 1582 1791 1602 con—

1077 1616 1163 1646 sulto
1188 1615 1332 1653 oraculo,
1358 1627 1393 1645 se
1417 1616 1458 1646 ad
1473 1614 1652 1646 Acheloum
1670 1622 1790 1646 contu-

1076 1660 1126 1700 lit,
1141 1660 1193 1691 ubi
1205 1660 1326 1701 pariter
1339 1660 1529 1695 CallirhoeS,
1545 1660 1679 1691 Acheloi
1693 1660 1788 1699 filiae,

1076 1716 1187 1736 amore
1200 1711 1313 1746 captus
1328 1704 1430 1736 fatale
1448 1715 1560 1735 aurum
1585 1704 1693 1746 (Ox-id.
1709 1705 1790 1736 Met.

1076 1748 1106 1787 9,
1132 1748 1219 1789 411.)
1246 1748 1377 1780 tradere
1399 1749 1539 1780 iubetur.
1579 1749 1636 1780 Ille
1658 1761 1694 1780 se
1714 1760 1790 1780 mo—

1075 1794 1141 1825 nile
1155 1793 1306 1826 daturum
1320 1793 1495 1836 pollicetur
1513 1800 1611 1836 atque
1628 1805 1665 1825 ea
1679 1805 1790 1825 caussa

1075 1838 1116 1869 ad
1131 1838 1382 1880 Alphesiboeam
1400 1838 1597 1880 repetiturus
1613 1838 1694 1869 illud
1710 1850 1788 1870 con-

1073 1883 1202 1919 tendit3
1225 1883 1283 1914 sed
1307 1883 1457 1925 aPhegei
1481 1883 1554 1914 filiis
1577 1890 1626 1914 est
1652 1883 1790 1914 occisus.

1073 1927 1094 1960 3
1108 1953 1115 1967 ,
1145 1928 1193 1960 11.

1028 1974 1133 2004 Ale'ius
1153 1982 1283 2012 campus
1308 1969 1452 2015 (Ἀλήϊον
1468 1972 1614 2013 πεδίου),
1648 1972 1679 2003 in
1706 1971 1787 2003 Cili-

1074 2018 1141 2056 cia,
1167 2017 1262 2048 Asiae
1286 2017 1420 2048 minoris
1443 2017 1597 2059 regione,
1622 2016 1711 2048 situs.
1755 2016 1787 2056 3,

1073 2062 1136 2094 63:
1163 2061 1217 2092 ubi
1242 2074 1273 2094 v.
1300 2062 1478 2093 Adnotata.

1028 2108 1214 2145 Alexander,
1234 2106 1460 2138 Macedonum>
1475 2118 1531 2138 rex
1550 2105 1628 2147 (333
1641 2117 1670 2137 a.
1685 2105 1787 2146 Chr).

1073 2151 1113 2187 3,
1138 2151 1192 2181 21.
1224 2148 1264 2187 -1,
1291 2151 1342 2182 Tu.
1376 2152 1418 2191 5,
1442 2150 1495 2182 91.
1522 2150 1576 2182 92.

1028 2196 1174 2232 Allienus,
1199 2196 1239 2225 M.
1252 2197 1409 2234 Peliynus,
1428 2195 1468 2225 ab
1484 2199 1505 2225 A.
1514 2194 1639 2225 fricano
1662 2195 1787 2226 minore

1071 2238 1105 2268 in
1127 2248 1235 2280 pugna
1257 2245 1350 2269 scuto
1373 2245 1541 2280 protectus
1563 2239 1660 2269 morti
1685 2239 1785 2280 eripi-

1072 2288 1136 2313 tur.
1167 2283 1198 2320 -1,
1213 2283 1266 2314 50.
1303 2282 1398 2324 Apud
1419 2283 1500 2314 alios
1522 2283 1700 2325 scriptores
1722 2284 1786 2314 hu-

1072 2326 1119 2357 ius
1145 2329 1191 2358 rei
1216 2327 1304 2357 nulla
1329 2327 1365 2357 fit
1389 2328 1524 2359 mentio.

1028 2373 1202 2411 Amafinius
1225 2373 1436 2412 (Amafanz'us.
1462 2384 1492 2403 v.
1512 2374 1552 2404 V.
1575 2374 1642 2403 Ser.
1665 2369 1705 2411 -1,
1726 2371 1784 2412 6.),

1072 2416 1287 2458 philosophus
1312 2416 1498 2458 Epicureus,
1525 2417 1579 2459 qui
1600 2416 1722 2458 primus
1743 2417 1785 2448 de

1071 2460 1282 2503 philosophia
1305 2461 1422 2492 Latine
1448 2461 1589 2504 scripsit.
1632 2461 1785 2493 Graviter

1071 2512 1206 2536 notatur
1229 2517 1248 2536 a
1274 2504 1339 2536 Cic.
1368 2506 1467 2537 Acad.
1495 2508 1519 2537 1.
1546 2508 1587 2542 2,
1615 2507 1645 2537 5.
1694 2506 1785 2548 Phy-

1070 2550 1135 2581 sica
1149 2550 1309 2591 Epicurea
1329 2550 1470 2592 scripsit.
1510 2551 1560 2581 Cf.
1577 2550 1609 2581 C.
1624 2550 1666 2581 ad
1691 2550 1781 2582 Fam.

1073 2596 1130 2629 15,
1161 2597 1208 2627 lu.
1237 2614 1275 2618 —
1302 2593 1343 2636 4,
1369 2594 1400 2626 6.
1425 2595 1455 2627 7.
1506 2596 1547 2626 V.
1573 2594 1656 2625 Adu.
1682 2593 1714 2624 in
1752 2594 1782 2635 l,

1069 2645 1101 2670 Ο.
1125 2645 1194 2669 init.

1025 2685 1203 2721 Ambracia,
1228 2683 1448 2725 Thesprotiae
1470 2683 1560 2720 urbs,
1587 2681 1628 2713 ad
1648 2682 1782 2714 fluvium

1070 2727 1269 2758 Arachthum
1293 2727 1368 2768 sita,
1388 2726 1631 2758 Corinthiorum
1653 2726 1782 2759 colonia

1073 2771 1185 2813 ¹rhodie
1209 2774 1310 2808 Arta).
1362 2773 1398 2811 1,
1423 2770 1476 2804 8-1».

1023 2818 1244 2855 Amphion-tus,
1272 2823 1361 2847 vates
1379 2814 1525 2856 Argivus,
1551 2827 1646 2857 quem
1671 2815 1780 2847 Adra—-

1067 2867 1136 2891 stus
1160 2872 1217 2891 rex
1239 2872 1349 2892 secum
1373 2859 1414 2890 ad
1439 2859 1560 2890 bellum
1585 2859 1779 2892 Thebanum

1068 2904 1187 2936 ducere
1200 2904 1324 2942 voluit3
1348 2903 1406 2934 sed
1427 2903 1482 2934 ille
1503 2915 1600 2946 quum
1619 2915 1776 2947 praenos-

1066 2955 1127 2987 set,
1152 2961 1188 2980 se
1205 2948 1294 2980 illinc
1316 2959 1381 2979 nou
1401 2947 1593 2988 rediturum,
1614 2949 1721 2988 latuit,
1743 2954 1776 2980 et
