1832 3137
648 103 815 136 Licea
840 104 897 136 111.
923 103 963 144 2,
990 104 1022 137 4.

58 181 171 222 bouis
194 180 290 222 viris
318 180 570 234 repudianda.

57 254 162 304 vult,

1535 95 1610 138 251

634 186 674 222 4.
707 180 777 223 Illa
796 189 940 232 autem,
974 195 1072 236 quae
1091 195 1135 223 se
1156 182 1240 223 eius
1259 182 1503 224 imitatricem
1527 197 1617 225 esse

201 253 410 294 temeraria
447 260 562 307 atque
588 254 876 295 inconsiderata
907 262 946 295 et
978 255 1202 309 plerumque
1230 263 1476 309 peccatorum
1501 256 1618 297 vitio-

57 339 218 380 rumque
241 326 452 376 laudatrix,
479 328 578 367 sama
606 327 815 382 populariS,
845 327 1090 368 simulatione
1118 328 1330 369 honestatis
1355 330 1514 370 formam
1533 329 1617 370 eius

56 399 455 454 pulchritudinemque
485 400 712 454 corrumpit.

775 397 864 451 Qua
894 401 1082 440 caecitate
1115 400 1314 453 homines,
1358 416 1474 456 quum
1496 416 1615 456 quae-

56 472 142 512 dam
173 471 288 512 etiam
323 472 523 525 praeclara
555 479 742 526 cuperent
773 485 895 524 eaque
922 472 1119 512 nescirent
1150 486 1222 513 nec
1255 474 1343 525 ubi,
1387 489 1457 515 nec
1489 475 1617 528 qualia

54 550 214 593 essent,

54 616 188 670 Atque
209 616 234 656 ii
250 619 267 643 ³
295 617 445 670 quidem
470 617 615 671 optima
643 623 821 671 petentes

55 703 193 730 errore
232 689 430 730 falluntur.

143 805 168 839 3
191 806 245 838 Sic
268 817 370 848 marg.
389 806 460 839 MS.
482 809 556 839 Asc.
574 804 609 841 2.
638 813 672 838 et
692 805 769 840 edd.
789 808 821 838 S.
844 807 902 845 E.;
928 808 961 838 hi
983 808 1037 838 Or.
1059 817 1085 838 c.
1111 806 1198 849 vulg.

53 894 159 925 ‹mayo
182 890 232 916 est
260 881 524 926 σκιαγράφημα,
559 884 592 916 h.
613 895 640 916 e.
665 884 820 916 inchoata

54 928 237 972 descriptio
259 935 316 960 aut
337 929 517 960 delineatio
541 929 671 960 futurae
691 936 819 960 statuae

55 980 111 1006 aut
147 975 302 1017 picturae.
363 973 501 1012 Quintil.
532 974 576 1004 X.
607 974 650 1013 2,
675 973 714 1007 7:
752 985 818 1005 nou

55 1025 142 1050 esset
163 1018 311 1061 pictura,
345 1018 407 1049 nisi
432 1029 513 1060 quae
536 1021 634 1050 lineas
651 1020 743 1050 modo
766 1029 817 1050 ex-

55 1069 169 1095 tremas
192 1065 340 1102 umbrae,
374 1073 469 1102 quam
490 1073 613 1102 corpore
636 1065 668 1094 in
691 1065 752 1095 sole
775 1065 819 1102 fe-

55 1110 175 1146 cissent,
197 1109 466 1140 circumscriberet.
502 1107 552 1140 Cf,
572 1109 668 1139 Beier.
691 1107 733 1138 ad
754 1107 818 1138 of-

56 1152 107 1185 fic.
132 1154 188 1183 111.
213 1151 262 1190 17,
283 1151 337 1184 69.
362 1163 394 1193 p.
410 1150 487 1184 310.
522 1155 600 1192 Aug.
619 1154 821 1184 Matthiaeum

57 1203 90 1228 et
112 1198 272 1228 Halmium
295 1195 336 1227 ad
360 1207 408 1227 or.
435 1207 495 1237 pro
517 1197 552 1227 P.
576 1195 664 1227 Sulla
693 1199 744 1234 18,
765 1197 818 1228 ἴδ’).

56 1243 187 1273 Ellendt.
214 1240 256 1272 ad
277 1240 319 1271 de
341 1242 394 1271 Or.
415 1239 557 1279 111326,
586 1241 658 1272 101.
682 1242 757 1272 Vol.
777 1241 817 1272 ΙΙ.

58 1297 91 1328 p.
105 1286 171 1319 35³9
184 1296 232 1327 sq.
261 1286 406 1316 ll'under.
420 1284 462 1315 ad
476 1285 640 1316 Plancian.
653 1295 684 1326 p.
700 1286 758 1317 101
771 1295 819 1327 sq.

56 1331 95 1362 V.
111 1332 234 1362 virtutis
255 1329 296 1360 de
313 1331 440 1360 Bentleii
463 1329 626 1360 sententia
649 1329 740 1360 uncis
761 1340 818 1360 se-

52 1381 190 1417 pserunt
228 1375 397 1412 Davisius,
436 1375 616 1412 Ernestius,
663 1375 818 1413 Orethus,-

52 1418 151 1461 plane
183 1417 482 1449 exterminaverunt
517 1429 589 1449 cum
624 1417 697 1449 cod.
734 1417 814 1448 Ball.

57 1465 184 1503 Wolfius
203 1468 237 1493 et
259 1464 444 1494 Schutzius:
477 1462 567 1504 quod
588 1462 706 1505 probat
731 1464 817 1495 Orel-

53 1510 124 1547 lius,
149 1506 203 1549 qui
221 1507 303 1538 haec
321 1506 432 1537 addit:
458 1518 550 1544 „uon
569 1507 655 1538 enim
673 1507 818 1538 sufficiat

52 1554 170 1592 esfiyies
190 1554 314 1583 virtutis
335 1551 498 1593 sapienti,
532 1551 688 1583 virtutem
711 1552 815 1595 ipsam

55 1596 260 1639 expetenti.“
306 1598 349 1626 At
373 1595 484 1627 deleto
507 1596 571 1627 hoc.
594 1596 726 1627 nomine
749 1607 815 1627 non

53 1641 160 1673 solum
183 1640 367 1682 elegantem
391 1640 548 1672 orationis
575 1641 818 1672 conformatio-

53 1697 129 1718 nem
152 1684 374 1728 pessumdari,
407 1685 466 1716 sed
489 1685 588 1716 etiam
611 1685 715 1727 ipsam
739 1697 818 1717 sen-

54 1730 194 1762 tentiam
227 1729 409 1771 corrumpi,
444 1737 539 1761 acute
571 1730 656 1761 vidit
678 1733 819 1762 Klotzius

53 1775 74 1807 l.
98 1775 131 1806 d.
186 1775 274 1806 Nam
307 1774 448 1817 primum
481 1775 703 1807 membrorum
736 1786 818 1807 con-

52 1817 230 1852 trariorum
254 1819 467 1869 aequabilitas
492 1820 661 1851 turbatur:
697 1819 817 1851 deinde

54 1875 152 1908 quum
182 1870 297 1907 aperte
321 1863 423 1895 virtus
457 1871 491 1895 et
524 1864 630 1906 gloria
662 1871 817 1907 tanquam

54 1920 215 1952 personae
248 1909 412 1951 prodeant
449 1920 625 1951 earumque
660 1909 818 1959 imagines

52 1953 114 1985 sibi
137 1960 368 1996 opponantur,
404 1960 524 1995 sponte
548 1960 658 1995 patet,
693 1953 818 1996 geniti-

53 2009 128 2030 vum
151 2001 274 2030 virtutis
299 1997 412 2028 abesse
437 2008 501 2027 non
528 2009 635 2039 posse.

140 2044 179 2073 de
211 2044 371 2074 excellente
404 2042 540 2084 virture]
588 2041 817 2074 Renitentibus

54 2086 206 2118 omnibus
232 2086 323 2117 libris
348 2092 382 2117 et
409 2086 540 2128 scriptis
568 2093 601 2118 et
627 2086 724 2118 editis
752 2089 818 2118 We-

51 2133 229 2171 senberyius
261 2132 332 2162 Em.
360 2132 381 2163 Ι.
415 2141 450 2172 p.
477 2130 526 2163 13.
562 2142 624 2173 pro
659 2134 818 2164 excellente

51 2175 227 2217 legendum
260 2182 372 2206 censet
405 2178 572 2207 excellenti.
624 2177 818 2218 Quanquam

51 2219 162 2262 negari
185 2231 250 2251 non
272 2226 404 2262 potest,
437 2219 470 2251 in
494 2220 653 2252 eiusmodi
676 2220 816 2264 partici-

50 2264 111 2306 piis
134 2264 374 2296 adieetivorum
407 2264 471 2295 vim
496 2264 691 2297 habentibus
720 2265 815 2297 abla—

49 2308 110 2340 tivi
128 2308 308 2350 legitimam
328 2309 595 2341 terminationem
618 2322 688 2341 esse
705 2313 737 2350 i;
762 2317 817 2341 ta—

51 2364 147 2391 men,
180 2353 334 2395 quoniam
359 2353 431 2384 aliis
454 2365 584 2396 quoque
607 2354 686 2386 locis
711 2355 815 2386 altera

50 2397 240 2428 terminatio
264 2407 280 2429 e
311 2397 455 2428 omnium
487 2398 637 2430 codicum
668 2399 816 2430 auctori-

50 2448 122 2473 tate
140 2441 266 2473 munita
280 2441 456 2482 reperitur,
483 2448 596 2473 contra
616 2442 714 2474 codd.
735 2443 815 2474 nihil

50 2485 243 2517 mutandum
276 2485 417 2517 videtur.
472 2487 508 2516 Ι11
543 2487 692 2518 omnibus
726 2487 815 2518 libris

51 2530 190 2573 legitur:
223 2533 360 2570 sapiente
387 2529 520 2561 homine
542 2530 606 2562 Off.
628 2533 652 2562 I.
678 2532 736 2570 15,
761 2530 816 2564 46.

56 2581 90 2606 et
110 2587 162 2618 pr.
183 2576 267 2606 Sest.
290 2575 322 2614 3,
346 2574 402 2611 6.;
428 2576 468 2614 Q.
492 2575 544 2606 Fr.
570 2576 594 2606 Ι.
622 2577 660 2613 1,
684 2576 726 2613 8,
751 2574 813 2607 24:

52 2624 207 2651 constante
241 2619 339 2652 fama.
397 2621 454 2651 111.
488 2620 528 2657 5,
562 2620 598 2651 1:
640 2623 817 2659 praestante

51 2663 141 2699 viro3
166 2665 260 2696 Verr.
285 2675 434 2707 prooem.
456 2665 480 2696 Ι.
505 2664 556 2705 10,
576 2664 637 2697 28:
661 2667 817 2696 innocente

55 2706 209 2745 homine3
234 2720 284 2751 pr.
299 2710 382 2740 Sest.
396 2710 427 2748 3,
444 2708 484 2741 6:
510 2711 647 2748 sapiente
665 2708 817 2746 homine;

55 2750 97 2782 de
119 2753 173 2783 Or.
194 2753 318 2793 11.‘20,
340 2754 401 2786 85:
435 2753 468 2784 in
492 2756 653 2785 excellente
672 2759 815 2784 oritore.

120 2799 270 2837 tanquam
301 2798 420 2847 imayo]
465 2810 544 2840 pro:
584 2801 668 2829 vocis
700 2800 815 2837 imayo.

58 2839 174 2872 Horat.
193 2843 217 2872 Ι.
242 2843 301 2882 12,
325 2839 365 2874 4·
390 2846 478 2875 cuius
497 2845 609 2874 recinet
632 2845 735 2874 iocosa
755 2844 816 2874 No-

54 2893 124 2915 men
146 2886 270 2926 imayo:
305 2886 358 2917 ubi
390 2887 484 2929 plura
519 2886 722 2928 comparavit
744 2888 815 2918 Mit-

54 2929 258 2970 soher-lietzinis,
272 2938 469 2974 praeceptor
480 2932 534 2974 pie
548 2931 714 2963 colendus.
739 2930 814 2962 Plu·-

257 543 425 583 funditus
457 544 520 584 alii
553 550 782 584 everterunt
816 557 906 583 suas
932 543 1136 594 civitates,
1182 546 1244 585 alii
1269 547 1341 601 ipsi
1372 548 1612 587 occiderunt.

855 630 931 655 non
958 622 1034 655 tam
1057 617 1259 657 voluntate
1276 649 1286 667 ,
1332 634 1443 672 quam
1477 634 1616 660 cursus

502 687 632 741 Quid?
671 688 736 742 qui
777 689 965 743 pecuniae
1004 688 1237 743 cupiditate,
1281 691 1342 743 qui
1375 691 1615 745 voluptatum

1235 807 1273 838 V.
1298 807 1340 838 ad
1364 808 1388 838 I.
1414 806 1456 847 3,
1483 810 1514 840 5.

853 884 926 916 rimi
950 883 1045 922 libri,
1073 890 1106 916 et
1131 884 1211 916 editi
1237 892 1270 916 et
1293 884 1428 927 scripti,
1453 885 1553 916 etiam
1576 885 1615 917 R.

854 930 888 960 P.
915 929 1000 960 Gud.
1026 929 1054 961 1.
1090 929 1246 960 exhibent
1277 932 1383 970 ima90
1417 931 1617 970 gloriae:

854 974 944 1016 quod
973 973 1099 1016 recepit
1121 976 1262 1006 Klotzius
1286 974 1398 1006 dicens
1419 986 1485 1006 non
1511 974 1618 1006 inter-

852 1018 1049 1061 pretandum
1065 1030 1136 1050 esse
1153 1021 1212 1050 wie
1225 1022 1274 1051 ein
1289 1020 1398 1051 Echo
1419 1021 1488 1051 des
1510 1021 1619 1052 Ruh-

851 1073 952 1101 mes,
976 1063 1035 1094 sed
1056 1066 1114 1095 wie
1134 1066 1183 1095 ein
1203 1065 1458 1095 Ruhmecho:
1484 1076 1546 1106 qua
1564 1064 1618 1095 in·—

852 1107 1093 1150 terpretatioue
1116 1107 1196 1138 nihil
1218 1107 1409 1145 conficitur3
1436 1108 1519 1139 aliae
1541 1108 1616 1140 edd.

857 1159 890 1183 et
915 1152 1008 1193 pauci
1032 1151 1151 1190 codd.‚
1177 1152 1235 1184 sed
1256 1152 1289 1183 in
1312 1152 1350 1183 iis
1372 1152 1506 1195 optimis
1529 1154 1618 1192 Vat.,

857 1197 964 1228 omitt.
996 1198 1125 1236 yloriae.
1182 1198 1259 1228 Non
1294 1197 1430 1236 dubito,
1468 1197 1543 1240 quin
1579 1210 1617 1229 ex

854 1241 1022 1283 margine,
1048 1241 1102 1272 ubi
1125 1241 1167 1272 ad
1187 1241 1417 1283 explicandum
1436 1253 1504 1284 seq.
1532 1244 1618 1281 Quae

854 1285 1054 1327 adscriptum
1079 1286 1182 1317 fuisse
1206 1286 1337 1317 videtur
1361 1288 1499 1326 ylariae,
1534 1287 1617 1318 irre-

854 1330 956 1372 pserit
987 1329 1020 1360 in
1053 1330 1202 1362 ordinem
1234 1331 1409 1362 verborum
1442 1331 1553 1374 ibique
1585 1331 1618 1363 111

851 1376 969 1414 gloriae
988 1381 1149 1406 mutatum
1169 1375 1222 1415 sit,
1247 1382 1403 1418 tanquam
1424 1388 1443 1407 a
1463 1388 1494 1407 v.
1515 1379 1620 1416 imago

851 1418 1012 1461 pendens.

921 1475 949 1516 ξ.
967 1472 999 1506 lt.
1048 1485 1126 1515 quae
1147 1485 1179 1507 se
1199 1494 1241 1500 —
1265 1484 1329 1507 esse
1351 1477 1431 1517 vult]
1463 1476 1502 1507 V.
1528 1475 1571 1506 ad
1594 1477 1616 1506 Ι.

851 1515 916 1560 41,
939 1517 993 1551 98.

917 1584 1011 1614 quum
1035 1576 1190 1614 quaedam
1213 1578 1307 1607 etiam
1326 1577 1507 1617 praeclara]
1531 1576 1573 1607 H.
1590 1587 1618 1607 e.

854 1619 983 1650 etiamsi
1009 1620 1167 1661 quaedam
1193 1627 1361 1662 cuper,ent
1388 1631 1472 1662 quae
1498 1620 1617 1664 (etiam)

853 1663 936 1695 adeo
962 1664 1130 1707 praeclara
1156 1676 1204 1696 ess
1209 1671 1275 1696 ent.

854 1765 867 1795 I
910 1719 1040 1787 faque]
1056 1721 1103 1750 De
1125 1720 1286 1762 particula
1308 1731 1366 1761 que
1387 1733 1416 1752 v.
1438 1720 1594 1754 Adnot.
1585 1732 1618 1752 111

870 1788 877 1796 .
901 1765 940 1805 2,
965 1769 1003 1796 4:
1030 1767 1197 1804 iacentque.

922 1822 1019 1858 Atque
1044 1822 1066 1850 ii
1090 1820 1229 1863 quidem]
1267 1821 1308 1851 H.
1330 1832 1359 1852 e.
1393 1827 1426 1851 et
1450 1827 1559 1852 tamen
1584 1821 1617 1852 ii.

853 1863 964 1895 Facile
988 1863 1128 1905 cuipiam
1152 1864 1186 1895 in
1210 1872 1354 1896 mentem
1378 1865 1489 1896 venire
1515 1866 1620 1908 possit

855 1919 914 1949 pro
939 1911 1030 1947 atque
1051 1908 1161 1950 legere
1184 1912 1291 1949 atqui;
1316 1916 1350 1940 at
1372 1909 1448 1941 vide
1467 1910 1511 1941 sis
1536 1922 1619 1952 quae

854 1964 871 1983 e
898 1953 973 1982 Bav.
997 1952 1153 1984 Voordae
1176 1954 1285 1984 Lectt.
1307 1954 1393 1985 Tull.
1420 1966 1446 1985 c.
1468 1958 1499 1986 ὅ.
1535 1966 1619 1986 eno-

853 1996 937 2027 tavit
958 1999 1046 2028 Beier
1067 1996 1108 2027 ad
1128 1997 1223 2029 Osfic.
1248 1999 1304 2029 ΙΙΙ.
1330 1998 1390 2036 11,
1415 1997 1468 2031 48.
1494 1998 1618 2041 μῖὅῗ.

854 2042 930 2072 Non
955 2041 1061 2072 solum
1087 2042 1194 2073 oratio
1217 2053 1316 2084 saepe
1349 2053 1409 2084 per
1441 2011 1619 2085 copptilandi

854 2085 1118 2117 coniunctionem
1143 2086 1190 2117 sic
1214 2086 1444 2125 continuatm,
1483 2087 1536 2118 ubi
1562 2095 1618 2118 aut

854 2130 1018 2161 contraria
1044 2137 1303 2169 connectuntur,
1331 2139 1387 2163 aut
1411 2131 1535 2174 aliquid
1559 2144 1618 2174 per

855 2175 1106 2217 occupationem
1139 2175 1358 2214 subsumitur‚
1395 2176 1442 2208 ita
1475 2176 1617 2219 quidem,

853 2226 888 2250 ut
902 2219 1055 2262 proprius
1067 2219 1111 2251 ibi
1125 2220 1277 2252 videatur
1291 2220 1520 2252 adversativae
1535 2232 1618 2252 cou-

851 2263 1014 2296 iunctioni
1034 2265 1139 2303 locus,
1163 2272 1199 2296 ut
1220 2265 1319 2296 docet
1335 2267 1495 2304 Wopkens.
1508 2266 1617 2296 Lectt.

851 2308 939 2340 Tull.
962 2311 1012 2347 ΙΙ,
1034 2308 1065 2341 6.
1092 2321 1124 2351 p.
1143 2309 1219 2341 212.
1245 2310 1307 2348 H.,
1333 2309 1392 2340 sed
1415 2309 1485 2351 ipsa
1512 2309 1618 2350 parti—-

853 2353 923 2384 cula
955 2357 1046 2393 atque
1078 2365 1135 2384 sua
1161 2354 1214 2393 vi,
1251 2364 1313 2395 qua
1346 2352 1617 2385 antecedentibus

851 2397 974 2440 aliquid
993 2398 1096 2428 maius
1117 2397 1292 2439 graviusve
1312 2397 1471 2439 adiungit,
1495 2397 1617 2430 idonea

850 2449 900 2473 est
919 2443 961 2473 ad
980 2442 1126 2473 membra
1149 2441 1354 2472 adversativa
1379 2441 1618 2483 coniungenda.

854 2486 904 2517 Cf.
927 2486 1014 2517 infra
1034 2487 1090 2517 lV.
1115 2486 1176 2524 31,
1202 2485 1262 2518 66:
1293 2490 1390 2526 Atque
1413 2494 1483 2518 erat
1508 2487 1615 2520 facile.

852 2542 879 2561 c.
900 2529 965 2568 34,
989 2528 1052 2562 71·
1090 2533 1186 2569 Atque
1218 2530 1333 2562 borum
1367 2531 1511 2563 omnium
1537 2538 1615 2563 cett.

851 2575 891 2605 V.
915 2575 978 2613 21,
1003 2574 1066 2606 62.
1102 2578 1198 2614 Atque
1222 2586 1264 2606 ne
1294 2575 1458 2618 integrum
1483 2576 1615 2619 quidem

852 2625 932 2649 erat.
981 2618 1107 2650 Pariter
1143 2619 1305 2651 Graecum
1340 2620 1398 2654 καί
1434 2632 1532 2663 saepe
1568 2621 1615 2653 ita

852 2662 982 2696 dicitur.
1014 2663 1053 2694 V.
1072 2665 1227 2704 Hartuny.
1247 2665 1370 2706 griech.
1384 2665 1505 2697 Partik.
1531 2667 1571 2697 T.
1588 2667 1612 2697 Ι.

852 2718 884 2748 p.
915 2705 976 2741 147
999 2718 1047 2750 sq.
1107 2709 1156 2739 De
1189 2720 1219 2740 v.
1253 2714 1344 2749 atque
1377 2710 1420 2741 cf
1450 2712 1610 2742 Ruhnken.

853 2751 976 2783 Dictat.
1011 2752 1044 2783 in
1077 2754 1211 2785 Terent.
1235 2754 1338 2785 Andr.
1373 2755 1398 2786 Ι.
1422 2754 1464 2790 3,
1490 2756 1543 2786 20.
1581 2760 1615 2784 et

853 2798 955 2829 Hand.
981 2797 1121 2829 'lursell.
1143 2799 1168 2829 Ι.
1194 2809 1226 2840 p.
1248 2796 1311 2830 492
1328 2810 1399 2841 sqq.
1449 2798 1500 2831 Cf.
1526 2797 1612 2829 iufra

852 2852 878 2872 c.
906 2841 966 2879 13,
990 2842 1044 2874 23.

917 2896 1025 2919 cursus
1046 2886 1161 2929 errore]
1187 2887 1229 2918 H.
1241 2898 1268 2919 e.
1296 2898 1389 2919 cursu
1411 2898 1428 2918 a
1451 2891 1540 2917 recta
1562 2885 1612 2917 via

849 2929 1034 2962 aberrante.
1080 2931 1119 2962 V.
1146 2931 1187 2962 ad
1215 2933 1251 2970 1,
1283 2933 1308 2963 1.
