<?xml version="1.0" encoding="UTF-8"?>
<!DOCTYPE html PUBLIC "-//W3C//DTD XHTML 1.0 Transitional//EN"
    "http://www.w3.org/TR/xhtml1/DTD/xhtml1-transitional.dtd">
<html xmlns="http://www.w3.org/1999/xhtml" xml:lang="en" lang="en">
 <head>
  <title>
</title>
<meta http-equiv="Content-Type" content="text/html;charset=utf-8" />
  <meta name='ocr-system' content='tesseract 3.04.00' />
  <meta name='ocr-capabilities' content='ocr_page ocr_carea ocr_par ocr_line ocrx_word'/>
</head>
<body>
  <div class='ocr_page' id='page_1' title='image "./tusculanaedisput00ciceuoft_0454.png"; bbox 0 0 1863 3221; ppageno 0'>
   <div class='ocr_carea' id='block_1_1' title="bbox 246 90 329 134">
    <p class='ocr_par' dir='ltr' id='par_1_1' title="bbox 246 90 329 134">
     <span class='ocr_line' id='line_1_1' title="bbox 246 90 329 134; baseline -0.024 0"><span class='ocrx_word' id='word_1_1' title='bbox 246 90 329 134; x_wconf 78' lang='lat'><strong>406</strong></span> 
     </span>
    </p>
   </div>
   <div class='ocr_carea' id='block_1_2' title="bbox 249 172 1799 524">
    <p class='ocr_par' dir='ltr' id='par_1_2' title="bbox 249 172 1790 379">
     <span class='ocr_line' id='line_1_2' title="bbox 250 172 1790 235; baseline -0.006 -12"><span class='ocrx_word' id='word_1_2' title='bbox 250 180 339 235; x_wconf 82' lang='lat' dir='ltr'><strong>Qua</strong></span> <span class='ocrx_word' id='word_1_3' title='bbox 361 181 446 235; x_wconf 89' lang='lat' dir='ltr'><strong>ipsa</strong></span> <span class='ocrx_word' id='word_1_4' title='bbox 469 193 546 220; x_wconf 92' lang='lat' dir='ltr'><strong>non</strong></span> <span class='ocrx_word' id='word_1_5' title='bbox 571 177 671 218; x_wconf 77' lang='lat' dir='ltr'><strong>fuit4</strong></span> <span class='ocrx_word' id='word_1_6' title='bbox 699 181 929 226; x_wconf 68' lang='lat' dir='ltr'><strong>contentus,</strong></span> <span class='ocrx_word' id='word_1_7' title='bbox 970 186 1094 227; x_wconf 88' lang='lat' dir='ltr'><strong>neque</strong></span> <span class='ocrx_word' id='word_1_8' title='bbox 1120 172 1222 213; x_wconf 89' lang='lat' dir='ltr'><strong>enim</strong></span> <span class='ocrx_word' id='word_1_9' title='bbox 1250 186 1416 227; x_wconf 81' lang='lat' dir='ltr'><strong>unquam</strong></span> <span class='ocrx_word' id='word_1_10' title='bbox 1440 174 1554 214; x_wconf 90' lang='lat' dir='ltr'><strong>finem</strong></span> <span class='ocrx_word' id='word_1_11' title='bbox 1580 173 1790 214; x_wconf 84' lang='lat' dir='ltr'><strong>inveniet⁵</strong></span> 
     </span>
     <span class='ocr_line' id='line_1_3' title="bbox 249 255 381 295; baseline -0.008 0"><span class='ocrx_word' id='word_1_12' title='bbox 249 255 381 295; x_wconf 86' lang='lat' dir='ltr'><strong>libido.</strong></span> 
     </span>
     <span class='ocr_line' id='line_1_4' title="bbox 251 320 1106 379; baseline -0.012 -10"><span class='ocrx_word' id='word_1_13' title='bbox 251 329 423 376; x_wconf 83' lang='lat' dir='ltr'><strong>tulisset,</strong></span> <span class='ocrx_word' id='word_1_14' title='bbox 458 339 532 379; x_wconf 91' lang='lat' dir='ltr'><strong>quo</strong></span> <span class='ocrx_word' id='word_1_15' title='bbox 562 323 634 363; x_wconf 89' lang='lat' dir='ltr'><strong>hoc</strong></span> <span class='ocrx_word' id='word_1_16' title='bbox 666 321 810 361; x_wconf 87' lang='lat' dir='ltr'><strong>firmius</strong></span> <span class='ocrx_word' id='word_1_17' title='bbox 842 320 1106 361; x_wconf 84' lang='lat' dir='ltr'><strong>crederemus.</strong></span> 
     </span>
    </p>

    <p class='ocr_par' dir='ltr' id='par_1_3' title="bbox 363 391 1799 524">
     <span class='ocr_line' id='line_1_5' title="bbox 363 391 1798 448; baseline -0.006 -8"><span class='ocrx_word' id='word_1_18' title='bbox 363 397 478 440; x_wconf 88' lang='lat' dir='ltr'><strong>Vlll.</strong></span> <span class='ocrx_word' id='word_1_19' title='bbox 521 403 591 437; x_wconf 84' lang='lat'><strong>21.</strong></span> <span class='ocrx_word' id='word_1_20' title='bbox 622 395 676 435; x_wconf 84' lang='lat' dir='ltr'><strong>A.</strong></span> <span class='ocrx_word' id='word_1_21' title='bbox 708 393 859 435; x_wconf 89' lang='lat' dir='ltr'><strong>Vellem</strong></span> <span class='ocrx_word' id='word_1_22' title='bbox 886 394 924 434; x_wconf 92' lang='lat' dir='ltr'><strong>id</strong></span> <span class='ocrx_word' id='word_1_23' title='bbox 960 394 1135 448; x_wconf 80' lang='lat' dir='ltr'><strong>quidem3</strong></span> <span class='ocrx_word' id='word_1_24' title='bbox 1179 393 1247 433; x_wconf 89' lang='lat' dir='ltr'><strong>sed</strong></span> <span class='ocrx_word' id='word_1_25' title='bbox 1283 391 1404 432; x_wconf 82' lang='lat' dir='ltr'><strong>habeo</strong></span> <span class='ocrx_word' id='word_1_26' title='bbox 1428 393 1652 447; x_wconf 85' lang='lat' dir='ltr'><strong>paullum1,</strong></span> <span class='ocrx_word' id='word_1_27' title='bbox 1696 392 1798 445; x_wconf 90' lang='lat' dir='ltr'><strong>quod</strong></span> 
     </span>
     <span class='ocr_line' id='line_1_6' title="bbox 521 465 1799 524; baseline -0.005 -14"><span class='ocrx_word' id='word_1_28' title='bbox 521 469 609 524; x_wconf 86' lang='lat' dir='ltr'><strong>Ego</strong></span> <span class='ocrx_word' id='word_1_29' title='bbox 631 469 733 509; x_wconf 88' lang='lat' dir='ltr'><strong>enim</strong></span> <span class='ocrx_word' id='word_1_30' title='bbox 758 468 974 517; x_wconf 82' lang='lat' dir='ltr'><strong>assentior,</strong></span> <span class='ocrx_word' id='word_1_31' title='bbox 1019 480 1176 517; x_wconf 85' lang='lat' dir='ltr'><strong>eorum,</strong></span> <span class='ocrx_word' id='word_1_32' title='bbox 1211 479 1307 520; x_wconf 84' lang='lat' dir='ltr'><strong>quae</strong></span> <span class='ocrx_word' id='word_1_33' title='bbox 1331 466 1516 520; x_wconf 77' lang='lat' dir='ltr'>posuisti,</span> <span class='ocrx_word' id='word_1_34' title='bbox 1559 465 1721 505; x_wconf 83' lang='lat' dir='ltr'><strong>alterum</strong></span> <span class='ocrx_word' id='word_1_35' title='bbox 1744 465 1799 505; x_wconf 86' lang='lat' dir='ltr'><strong>al-</strong></span> 
     </span>
    </p>
   </div>
   <div class='ocr_carea' id='block_1_3' title="bbox 797 92 1247 132">
    <p class='ocr_par' dir='ltr' id='par_1_4' title="bbox 797 92 1247 132">
     <span class='ocr_line' id='line_1_7' title="bbox 797 92 1247 132; baseline -0.004 -4"><span class='ocrx_word' id='word_1_36' title='bbox 797 95 959 128; x_wconf 77' lang='lat' dir='ltr'><strong>LIBER</strong></span> <span class='ocrx_word' id='word_1_37' title='bbox 985 95 1025 126; x_wconf 92' lang='lat' dir='ltr'><strong>V.</strong></span> <span class='ocrx_word' id='word_1_38' title='bbox 1050 93 1091 132; x_wconf 85' lang='grc'><strong>8,</strong></span> <span class='ocrx_word' id='word_1_39' title='bbox 1115 92 1170 126; x_wconf 91' lang='grc'><strong>21.</strong></span> <span class='ocrx_word' id='word_1_40' title='bbox 1193 93 1247 126; x_wconf 90' lang='grc'><strong>22.</strong></span> 
     </span>
    </p>
   </div>
   <div class='ocr_carea' id='block_1_4' title="bbox 441 246 1796 302">
    <p class='ocr_par' dir='ltr' id='par_1_5' title="bbox 441 246 1796 302">
     <span class='ocr_line' id='line_1_8' title="bbox 441 246 1796 302; baseline -0.004 -10"><span class='ocrx_word' id='word_1_41' title='bbox 441 251 528 292; x_wconf 83' lang='grc' dir='ltr'><strong>Νο5</strong></span> <span class='ocrx_word' id='word_1_42' title='bbox 550 250 688 291; x_wconf 88' lang='lat' dir='ltr'><strong>vellem</strong></span> <span class='ocrx_word' id='word_1_43' title='bbox 719 247 891 302; x_wconf 84' lang='lat' dir='ltr'><strong>praemio</strong></span> <span class='ocrx_word' id='word_1_44' title='bbox 914 247 1056 287; x_wconf 86' lang='lat' dir='ltr'><strong>elicere</strong></span> <span class='ocrx_word' id='word_1_45' title='bbox 1084 259 1286 301; x_wconf 88' lang='lat' dir='ltr'><strong>possemus</strong></span> <span class='ocrx_word' id='word_1_46' title='bbox 1301 277 1312 297; x_wconf 90' lang='lat'><strong>,</strong></span> <span class='ocrx_word' id='word_1_47' title='bbox 1354 247 1418 301; x_wconf 92' lang='lat' dir='ltr'><strong>qui</strong></span> <span class='ocrx_word' id='word_1_48' title='bbox 1438 246 1550 287; x_wconf 90' lang='lat' dir='ltr'><strong>nobis</strong></span> <span class='ocrx_word' id='word_1_49' title='bbox 1574 247 1716 300; x_wconf 84' lang='lat' dir='ltr'><strong>aliquid</strong></span> <span class='ocrx_word' id='word_1_50' title='bbox 1737 254 1796 286; x_wconf 87' lang='lat' dir='ltr'><strong>at-</strong></span> 
     </span>
    </p>
   </div>
   <div class='ocr_carea' id='block_1_5' title="bbox 250 473 1799 598">
    <p class='ocr_par' dir='ltr' id='par_1_6' title="bbox 250 473 1799 598">
     <span class='ocr_line' id='line_1_9' title="bbox 250 473 460 528; baseline -0.014 -14"><span class='ocrx_word' id='word_1_51' title='bbox 250 473 460 528; x_wconf 86' lang='lat' dir='ltr'><strong>requiram.</strong></span> 
     </span>
     <span class='ocr_line' id='line_1_10' title="bbox 252 538 1799 598; baseline -0.006 -12"><span class='ocrx_word' id='word_1_52' title='bbox 252 547 325 587; x_wconf 88' lang='lat' dir='ltr'><strong>teri</strong></span> <span class='ocrx_word' id='word_1_53' title='bbox 350 557 593 598; x_wconf 88' lang='lat' dir='ltr'><strong>consequens</strong></span> <span class='ocrx_word' id='word_1_54' title='bbox 620 556 732 592; x_wconf 88' lang='lat' dir='ltr'><strong>esse,</strong></span> <span class='ocrx_word' id='word_1_55' title='bbox 765 549 830 592; x_wconf 87' lang='lat' dir='ltr'><strong>ut,</strong></span> <span class='ocrx_word' id='word_1_56' title='bbox 864 541 1206 595; x_wconf 86' lang='lat' dir='ltr'><strong>quemadmodum,</strong></span> <span class='ocrx_word' id='word_1_57' title='bbox 1240 538 1274 580; x_wconf 88' lang='lat' dir='ltr'><strong>si</strong></span> <span class='ocrx_word' id='word_1_58' title='bbox 1297 540 1397 593; x_wconf 91' lang='lat' dir='ltr'><strong>quod</strong></span> <span class='ocrx_word' id='word_1_59' title='bbox 1418 539 1622 579; x_wconf 89' lang='lat' dir='ltr'><strong>honestum</strong></span> <span class='ocrx_word' id='word_1_60' title='bbox 1647 539 1719 588; x_wconf 86' lang='lat' dir='ltr'><strong>sit,</strong></span> <span class='ocrx_word' id='word_1_61' title='bbox 1760 538 1799 578; x_wconf 92' lang='lat' dir='ltr'><strong>id</strong></span> 
     </span>
    </p>
   </div>
   <div class='ocr_carea' id='block_1_6' title="bbox 250 611 1801 816">
    <p class='ocr_par' dir='ltr' id='par_1_7' title="bbox 250 611 1801 816">
     <span class='ocr_line' id='line_1_11' title="bbox 250 611 1801 669; baseline -0.005 -10"><span class='ocrx_word' id='word_1_62' title='bbox 250 619 374 660; x_wconf 91' lang='lat' dir='ltr'><strong>solum</strong></span> <span class='ocrx_word' id='word_1_63' title='bbox 398 618 449 659; x_wconf 87' lang='lat' dir='ltr'><strong>sit</strong></span> <span class='ocrx_word' id='word_1_64' title='bbox 468 618 627 667; x_wconf 88' lang='lat' dir='ltr'><strong>bonum,</strong></span> <span class='ocrx_word' id='word_1_65' title='bbox 661 622 859 669; x_wconf 87' lang='lat' dir='ltr'><strong>sequatur,</strong></span> <span class='ocrx_word' id='word_1_66' title='bbox 892 615 1010 655; x_wconf 85' lang='lat' dir='ltr'><strong>vitam</strong></span> <span class='ocrx_word' id='word_1_67' title='bbox 1034 614 1182 654; x_wconf 84' lang='lat' dir='ltr'><strong>beatam</strong></span> <span class='ocrx_word' id='word_1_68' title='bbox 1205 613 1351 652; x_wconf 82' lang='lat' dir='ltr'><strong>virtute</strong></span> <span class='ocrx_word' id='word_1_69' title='bbox 1371 613 1523 663; x_wconf 85' lang='lat' dir='ltr'><strong>confici,</strong></span> <span class='ocrx_word' id='word_1_70' title='bbox 1557 612 1628 662; x_wconf 90' lang='lat' dir='ltr'><strong>sic,</strong></span> <span class='ocrx_word' id='word_1_71' title='bbox 1665 612 1696 651; x_wconf 94' lang='lat' dir='ltr'><strong>si</strong></span> <span class='ocrx_word' id='word_1_72' title='bbox 1719 611 1801 652; x_wconf 82' lang='lat' dir='ltr'><strong>vita</strong></span> 
     </span>
     <span class='ocr_line' id='line_1_12' title="bbox 250 683 1800 740; baseline -0.005 -8"><span class='ocrx_word' id='word_1_73' title='bbox 250 693 366 733; x_wconf 86' lang='lat' dir='ltr'><strong>beata</strong></span> <span class='ocrx_word' id='word_1_74' title='bbox 387 692 426 731; x_wconf 92' lang='lat' dir='ltr'><strong>in</strong></span> <span class='ocrx_word' id='word_1_75' title='bbox 452 691 596 731; x_wconf 84' lang='lat' dir='ltr'><strong>virtute</strong></span> <span class='ocrx_word' id='word_1_76' title='bbox 624 689 697 740; x_wconf 89' lang='lat' dir='ltr'><strong>sit,</strong></span> <span class='ocrx_word' id='word_1_77' title='bbox 731 689 824 729; x_wconf 88' lang='lat' dir='ltr'><strong>nibil</strong></span> <span class='ocrx_word' id='word_1_78' title='bbox 843 702 954 738; x_wconf 86' lang='lat' dir='ltr'><strong>esse,</strong></span> <span class='ocrx_word' id='word_1_79' title='bbox 988 688 1061 728; x_wconf 90' lang='lat' dir='ltr'><strong>nisi</strong></span> <span class='ocrx_word' id='word_1_80' title='bbox 1087 687 1295 736; x_wconf 90' lang='lat' dir='ltr'><strong>virtutem,</strong></span> <span class='ocrx_word' id='word_1_81' title='bbox 1329 685 1487 725; x_wconf 89' lang='lat' dir='ltr'><strong>bonum.</strong></span> <span class='ocrx_word' id='word_1_82' title='bbox 1551 683 1630 726; x_wconf 89' lang='lat' dir='ltr'><strong>Sed</strong></span> <span class='ocrx_word' id='word_1_83' title='bbox 1653 683 1800 725; x_wconf 91' lang='lat' dir='ltr'><strong>Brutus</strong></span> 
     </span>
     <span class='ocr_line' id='line_1_13' title="bbox 254 758 1801 816; baseline -0.006 -10"><span class='ocrx_word' id='word_1_84' title='bbox 254 773 357 816; x_wconf 82' lang='lat' dir='ltr'><strong>tuus,</strong></span> <span class='ocrx_word' id='word_1_85' title='bbox 381 772 540 805; x_wconf 79' lang='lat' dir='ltr'><strong>auctore</strong></span> <span class='ocrx_word' id='word_1_86' title='bbox 559 763 697 804; x_wconf 77' lang='lat' dir='ltr'><strong>Aristo</strong></span> <span class='ocrx_word' id='word_1_87' title='bbox 712 765 732 789; x_wconf 78' lang='lat'>2</span> <span class='ocrx_word' id='word_1_88' title='bbox 753 769 794 802; x_wconf 87' lang='lat' dir='ltr'><strong>et</strong></span> <span class='ocrx_word' id='word_1_89' title='bbox 811 762 1023 812; x_wconf 82' lang='lat' dir='ltr'><strong>Antiocho,</strong></span> <span class='ocrx_word' id='word_1_90' title='bbox 1052 775 1128 801; x_wconf 91' lang='lat' dir='ltr'><strong>non</strong></span> <span class='ocrx_word' id='word_1_91' title='bbox 1149 760 1267 800; x_wconf 84' lang='lat' dir='ltr'><strong>sentit</strong></span> <span class='ocrx_word' id='word_1_92' title='bbox 1284 759 1380 809; x_wconf 80' lang='lat' dir='ltr'><strong>hoc3</strong></span> <span class='ocrx_word' id='word_1_93' title='bbox 1414 765 1519 812; x_wconf 81' lang='lat' dir='ltr'><strong>putat</strong></span> <span class='ocrx_word' id='word_1_94' title='bbox 1541 759 1658 808; x_wconf 88' lang='lat' dir='ltr'><strong>enim,</strong></span> <span class='ocrx_word' id='word_1_95' title='bbox 1686 758 1801 798; x_wconf 81' lang='lat' dir='ltr'><strong>etiam</strong></span> 
     </span>
    </p>
   </div>
   <div class='ocr_carea' id='block_1_7' title="bbox 252 835 1804 960">
    <p class='ocr_par' dir='ltr' id='par_1_8' title="bbox 252 835 1804 960">
     <span class='ocr_line' id='line_1_14' title="bbox 252 835 1092 890; baseline -0.006 -11"><span class='ocrx_word' id='word_1_96' title='bbox 252 840 285 880; x_wconf 84' lang='lat' dir='ltr'><strong>si</strong></span> <span class='ocrx_word' id='word_1_97' title='bbox 309 839 360 879; x_wconf 88' lang='lat' dir='ltr'><strong>sit</strong></span> <span class='ocrx_word' id='word_1_98' title='bbox 383 838 525 878; x_wconf 88' lang='lat' dir='ltr'><strong>bonum</strong></span> <span class='ocrx_word' id='word_1_99' title='bbox 545 837 697 890; x_wconf 85' lang='lat' dir='ltr'><strong>aliquod</strong></span> <span class='ocrx_word' id='word_1_100' title='bbox 721 843 874 890; x_wconf 88' lang='lat' dir='ltr'><strong>praeter</strong></span> <span class='ocrx_word' id='word_1_101' title='bbox 893 835 1092 875; x_wconf 86' lang='lat' dir='ltr'><strong>virtutem.</strong></span> 
     </span>
     <span class='ocr_line' id='line_1_15' title="bbox 896 905 1804 960; baseline -0.004 -12"><span class='ocrx_word' id='word_1_102' title='bbox 896 909 948 948; x_wconf 85' lang='lat' dir='ltr'><strong>A.</strong></span> <span class='ocrx_word' id='word_1_103' title='bbox 983 907 1048 947; x_wconf 88' lang='lat' dir='ltr'><strong>Tu</strong></span> <span class='ocrx_word' id='word_1_104' title='bbox 1069 921 1164 947; x_wconf 85' lang='lat' dir='ltr'><strong>vero</strong></span> <span class='ocrx_word' id='word_1_105' title='bbox 1179 938 1189 957; x_wconf 89' lang='lat'><strong>,</strong></span> <span class='ocrx_word' id='word_1_106' title='bbox 1223 914 1264 946; x_wconf 88' lang='lat' dir='ltr'><strong>ut</strong></span> <span class='ocrx_word' id='word_1_107' title='bbox 1284 907 1458 956; x_wconf 81' lang='lat' dir='ltr'><strong>videtur3</strong></span> <span class='ocrx_word' id='word_1_108' title='bbox 1492 920 1578 945; x_wconf 83' lang='lat' dir='ltr'><strong>nam</strong></span> <span class='ocrx_word' id='word_1_109' title='bbox 1600 905 1804 960; x_wconf 82' lang='lat' dir='ltr'><strong>praefinire</strong></span> 
     </span>
    </p>
   </div>
   <div class='ocr_carea' id='block_1_8' title="bbox 252 910 838 1025">
    <p class='ocr_par' dir='ltr' id='par_1_9' title="bbox 252 910 838 1025">
     <span class='ocr_line' id='line_1_16' title="bbox 254 910 838 964; baseline -0.007 -12"><span class='ocrx_word' id='word_1_110' title='bbox 254 920 383 953; x_wconf 85' lang='lat' dir='ltr'><strong>tumne</strong></span> <span class='ocrx_word' id='word_1_111' title='bbox 408 925 468 951; x_wconf 91' lang='lat' dir='ltr'><strong>me</strong></span> <span class='ocrx_word' id='word_1_112' title='bbox 492 911 680 950; x_wconf 90' lang='lat' dir='ltr'><strong>dicturum</strong></span> <span class='ocrx_word' id='word_1_113' title='bbox 701 910 838 964; x_wconf 80' lang='lat' dir='ltr'><strong>putas?</strong></span> 
     </span>
     <span class='ocr_line' id='line_1_17' title="bbox 252 991 571 1025; baseline -0.009 0"><span class='ocrx_word' id='word_1_114' title='bbox 252 1000 329 1025; x_wconf 89' lang='lat' dir='ltr'><strong>nou</strong></span> <span class='ocrx_word' id='word_1_115' title='bbox 353 991 410 1025; x_wconf 88' lang='lat' dir='ltr'><strong>est</strong></span> <span class='ocrx_word' id='word_1_116' title='bbox 430 997 571 1024; x_wconf 86' lang='lat' dir='ltr'><strong>meum.</strong></span> 
     </span>
    </p>
   </div>
   <div class='ocr_carea' id='block_1_9' title="bbox 1155 830 1803 886">
    <p class='ocr_par' dir='ltr' id='par_1_10' title="bbox 1155 830 1803 886">
     <span class='ocr_line' id='line_1_18' title="bbox 1155 830 1803 886; baseline -0.003 -13"><span class='ocrx_word' id='word_1_117' title='bbox 1155 833 1217 873; x_wconf 85' lang='lat' dir='ltr'><strong>M.</strong></span> <span class='ocrx_word' id='word_1_118' title='bbox 1252 831 1354 885; x_wconf 81' lang='lat' dir='ltr'><strong>Quid</strong></span> <span class='ocrx_word' id='word_1_119' title='bbox 1372 833 1514 886; x_wconf 78' lang='lat' dir='ltr'><strong>igitur?</strong></span> <span class='ocrx_word' id='word_1_120' title='bbox 1545 839 1679 872; x_wconf 84' lang='lat' dir='ltr'><strong>contra</strong></span> <span class='ocrx_word' id='word_1_121' title='bbox 1701 830 1803 871; x_wconf 91' lang='lat' dir='ltr'><strong>Bru-</strong></span> 
     </span>
    </p>
   </div>
   <div class='ocr_carea' id='block_1_10' title="bbox 634 978 1803 1034">
    <p class='ocr_par' dir='ltr' id='par_1_11' title="bbox 634 978 1803 1034">
     <span class='ocr_line' id='line_1_19' title="bbox 634 978 1803 1034; baseline -0.004 -12"><span class='ocrx_word' id='word_1_122' title='bbox 634 989 702 1022; x_wconf 80' lang='lat'><strong>22.</strong></span> <span class='ocrx_word' id='word_1_123' title='bbox 738 982 800 1022; x_wconf 89' lang='lat' dir='ltr'><strong>M.</strong></span> <span class='ocrx_word' id='word_1_124' title='bbox 833 980 936 1034; x_wconf 84' lang='lat' dir='ltr'><strong>Quid</strong></span> <span class='ocrx_word' id='word_1_125' title='bbox 970 980 1107 1034; x_wconf 87' lang='lat' dir='ltr'><strong>cuique</strong></span> <span class='ocrx_word' id='word_1_126' title='bbox 1132 979 1250 1034; x_wconf 84' lang='lat' dir='ltr'><strong>igitur</strong></span> <span class='ocrx_word' id='word_1_127' title='bbox 1282 986 1585 1019; x_wconf 82' lang='lat' dir='ltr'><strong>consentaneum</strong></span> <span class='ocrx_word' id='word_1_128' title='bbox 1616 979 1689 1028; x_wconf 85' lang='lat' dir='ltr'><strong>sit,</strong></span> <span class='ocrx_word' id='word_1_129' title='bbox 1729 978 1803 1018; x_wconf 81' lang='lat' dir='ltr'><strong>alio</strong></span> 
     </span>
    </p>
   </div>
   <div class='ocr_carea' id='block_1_11' title="bbox 340 1083 1803 1131">
    <p class='ocr_par' dir='ltr' id='par_1_12' title="bbox 340 1083 1803 1131">
     <span class='ocr_line' id='line_1_20' title="bbox 340 1083 1803 1131; baseline -0.005 -9"><span class='ocrx_word' id='word_1_130' title='bbox 340 1091 360 1122; x_wconf 84' lang='lat'>5</span> <span class='ocrx_word' id='word_1_131' title='bbox 384 1091 420 1122; x_wconf 93' lang='lat' dir='ltr'><strong>P.</strong></span> <span class='ocrx_word' id='word_1_132' title='bbox 445 1096 479 1121; x_wconf 89' lang='lat' dir='ltr'><strong>et</strong></span> <span class='ocrx_word' id='word_1_133' title='bbox 503 1088 688 1131; x_wconf 84' lang='lat' dir='ltr'><strong>complures</strong></span> <span class='ocrx_word' id='word_1_134' title='bbox 721 1087 796 1119; x_wconf 90' lang='lat' dir='ltr'><strong>edd</strong></span> <span class='ocrx_word' id='word_1_135' title='bbox 818 1093 902 1119; x_wconf 88' lang='lat' dir='ltr'><strong>vett.</strong></span> <span class='ocrx_word' id='word_1_136' title='bbox 923 1088 1094 1126; x_wconf 68' lang='lat' dir='ltr'><strong>inveniret,</strong></span> <span class='ocrx_word' id='word_1_137' title='bbox 1127 1097 1208 1117; x_wconf 90' lang='lat' dir='ltr'><strong>unus</strong></span> <span class='ocrx_word' id='word_1_138' title='bbox 1241 1087 1299 1117; x_wconf 94' lang='grc' dir='ltr'><strong>ΟΧ.</strong></span> <span class='ocrx_word' id='word_1_139' title='bbox 1323 1097 1404 1116; x_wconf 87' lang='lat' dir='ltr'><strong>unus</strong></span> <span class='ocrx_word' id='word_1_140' title='bbox 1435 1083 1529 1116; x_wconf 79' lang='lat' dir='ltr'><strong>Leid.</strong></span> <span class='ocrx_word' id='word_1_141' title='bbox 1554 1084 1654 1116; x_wconf 91' lang='lat' dir='ltr'><strong>Vind.</strong></span> <span class='ocrx_word' id='word_1_142' title='bbox 1678 1087 1803 1116; x_wconf 83' lang='lat' dir='ltr'><strong>invenit.</strong></span> 
     </span>
    </p>
   </div>
   <div class='ocr_carea' id='block_1_12' title="bbox 391 1135 610 1166">
    <p class='ocr_par' dir='ltr' id='par_1_13' title="bbox 391 1135 610 1166">
     <span class='ocr_line' id='line_1_21' title="bbox 391 1135 610 1166; baseline 0 0"><span class='ocrx_word' id='word_1_143' title='bbox 391 1135 610 1166; x_wconf 33' lang='lat' dir='ltr'><strong>lsicRUP</strong></span> 
     </span>
    </p>
   </div>
   <div class='ocr_carea' id='block_1_13' title="bbox 251 1131 931 1175">
    <p class='ocr_par' dir='ltr' id='par_1_14' title="bbox 251 1131 931 1175">
     <span class='ocr_line' id='line_1_22' title="bbox 251 1131 931 1175; baseline -0.009 -7"><span class='ocrx_word' id='word_1_144' title='bbox 251 1131 931 1175; x_wconf 81' lang='lat' dir='ltr'><strong>V111.Gud.1.2.Aug.</strong></span> 
     </span>
    </p>
   </div>
   <div class='ocr_carea' id='block_1_14' title="bbox 953 1112 1802 1163">
    <p class='ocr_par' dir='ltr' id='par_1_15' title="bbox 953 1112 1802 1163">
     <span class='ocr_line' id='line_1_23' title="bbox 953 1112 1802 1163; baseline -0.002 0"><span class='ocrx_word' id='word_1_145' title='bbox 953 1131 1057 1163; x_wconf 85' lang='lat' dir='ltr'><strong>Rehd.</strong></span> <span class='ocrx_word' id='word_1_146' title='bbox 1082 1112 1196 1163; x_wconf 88' lang='lat' dir='ltr'><strong>Duisb.</strong></span> <span class='ocrx_word' id='word_1_147' title='bbox 1217 1130 1316 1163; x_wconf 82' lang='lat' dir='ltr'><strong>Vind.</strong></span> <span class='ocrx_word' id='word_1_148' title='bbox 1341 1130 1370 1162; x_wconf 92' lang='lat'><strong>1.</strong></span> <span class='ocrx_word' id='word_1_149' title='bbox 1394 1129 1426 1162; x_wconf 85' lang='lat'><strong>2.</strong></span> <span class='ocrx_word' id='word_1_150' title='bbox 1446 1130 1512 1162; x_wconf 91' lang='lat' dir='ltr'><strong>duo</strong></span> <span class='ocrx_word' id='word_1_151' title='bbox 1537 1132 1619 1162; x_wconf 82' lang='lat' dir='ltr'><strong>Oxx.</strong></span> <span class='ocrx_word' id='word_1_152' title='bbox 1640 1136 1707 1161; x_wconf 88' lang='lat' dir='ltr'><strong>vet.</strong></span> <span class='ocrx_word' id='word_1_153' title='bbox 1730 1129 1802 1161; x_wconf 89' lang='lat' dir='ltr'><strong>cod.</strong></span> 
     </span>
    </p>
   </div>
   <div class='ocr_carea' id='block_1_15' title="bbox 252 1176 1172 1223">
    <p class='ocr_par' dir='ltr' id='par_1_16' title="bbox 252 1176 1172 1223">
     <span class='ocr_line' id='line_1_24' title="bbox 252 1176 1172 1223; baseline -0.007 -10"><span class='ocrx_word' id='word_1_154' title='bbox 252 1182 285 1213; x_wconf 89' lang='lat' dir='ltr'><strong>in</strong></span> <span class='ocrx_word' id='word_1_155' title='bbox 305 1192 405 1223; x_wconf 81' lang='lat' dir='ltr'><strong>marg.</strong></span> <span class='ocrx_word' id='word_1_156' title='bbox 431 1181 493 1217; x_wconf 88' lang='lat' dir='ltr'><strong>L.;</strong></span> <span class='ocrx_word' id='word_1_157' title='bbox 521 1182 574 1210; x_wconf 90' lang='lat' dir='ltr'><strong>Or.</strong></span> <span class='ocrx_word' id='word_1_158' title='bbox 597 1191 624 1211; x_wconf 92' lang='lat' dir='ltr'><strong>c.</strong></span> <span class='ocrx_word' id='word_1_159' title='bbox 648 1178 735 1221; x_wconf 83' lang='lat' dir='ltr'><strong>vulg.</strong></span> <span class='ocrx_word' id='word_1_160' title='bbox 756 1180 944 1218; x_wconf 84' lang='lat' dir='ltr'><strong>paullulum.</strong></span> <span class='ocrx_word' id='word_1_161' title='bbox 990 1176 1012 1208; x_wconf 94' lang='grc'><strong>2</strong></span> <span class='ocrx_word' id='word_1_162' title='bbox 1036 1189 1066 1208; x_wconf 83' lang='lat' dir='ltr'><strong>v.</strong></span> <span class='ocrx_word' id='word_1_163' title='bbox 1087 1176 1172 1208; x_wconf 83' lang='lat' dir='ltr'><strong>Adn.</strong></span> 
     </span>
    </p>
   </div>
   <div class='ocr_carea' id='block_1_16' title="bbox 255 1245 1011 1334">
    <p class='ocr_par' dir='ltr' id='par_1_17' title="bbox 255 1245 1011 1334">
     <span class='ocr_line' id='line_1_25' title="bbox 256 1245 1011 1290; baseline -0.008 -8"><span class='ocrx_word' id='word_1_164' title='bbox 256 1248 360 1290; x_wconf 79' lang='grc'><strong>17,1.</strong></span> <span class='ocrx_word' id='word_1_165' title='bbox 410 1249 459 1279; x_wconf 86' lang='lat' dir='ltr'><strong>De</strong></span> <span class='ocrx_word' id='word_1_166' title='bbox 481 1247 608 1279; x_wconf 87' lang='lat' dir='ltr'><strong>Graeco</strong></span> <span class='ocrx_word' id='word_1_167' title='bbox 629 1258 670 1288; x_wconf 81' lang='grc' dir='ltr'>π</span> <span class='ocrx_word' id='word_1_168' title='bbox 656 1257 731 1279; x_wconf 78' lang='grc' dir='ltr'><strong>οκε</strong></span> <span class='ocrx_word' id='word_1_169' title='bbox 735 1246 828 1278; x_wconf 63' lang='grc' dir='ltr'>ῖσῗΰαι</span> <span class='ocrx_word' id='word_1_170' title='bbox 851 1245 893 1276; x_wconf 88' lang='lat' dir='ltr'><strong>cf.</strong></span> <span class='ocrx_word' id='word_1_171' title='bbox 916 1247 1011 1277; x_wconf 82' lang='lat' dir='ltr'><strong>Stall-</strong></span> 
     </span>
     <span class='ocr_line' id='line_1_26' title="bbox 255 1289 997 1334; baseline -0.007 -8"><span class='ocrx_word' id='word_1_172' title='bbox 255 1296 413 1326; x_wconf 82' lang='lat' dir='ltr'><strong>baumium</strong></span> <span class='ocrx_word' id='word_1_173' title='bbox 437 1292 479 1324; x_wconf 89' lang='lat' dir='ltr'><strong>ad</strong></span> <span class='ocrx_word' id='word_1_174' title='bbox 498 1292 579 1324; x_wconf 90' lang='lat' dir='ltr'><strong>Plat.</strong></span> <span class='ocrx_word' id='word_1_175' title='bbox 602 1291 644 1322; x_wconf 90' lang='lat' dir='ltr'><strong>de</strong></span> <span class='ocrx_word' id='word_1_176' title='bbox 663 1292 744 1334; x_wconf 85' lang='lat' dir='ltr'><strong>Rep.</strong></span> <span class='ocrx_word' id='word_1_177' title='bbox 758 1291 804 1321; x_wconf 89' lang='lat' dir='ltr'><strong>X.</strong></span> <span class='ocrx_word' id='word_1_178' title='bbox 827 1301 860 1332; x_wconf 87' lang='lat' dir='ltr'><strong>p.</strong></span> <span class='ocrx_word' id='word_1_179' title='bbox 875 1289 997 1322; x_wconf 63' lang='lat' dir='ltr'><strong>60&amp;.C</strong></span> 
     </span>
    </p>
   </div>
   <div class='ocr_carea' id='block_1_17' title="bbox 251 1346 1014 1925">
    <p class='ocr_par' dir='ltr' id='par_1_18' title="bbox 251 1346 1014 1925">
     <span class='ocr_line' id='line_1_27' title="bbox 317 1346 1011 1391; baseline -0.009 -9"><span class='ocrx_word' id='word_1_180' title='bbox 317 1361 379 1382; x_wconf 74' lang='lat' dir='ltr'><strong>non</strong></span> <span class='ocrx_word' id='word_1_181' title='bbox 410 1348 482 1391; x_wconf 74' lang='lat' dir='ltr'><strong>fuit]</strong></span> <span class='ocrx_word' id='word_1_182' title='bbox 520 1349 610 1379; x_wconf 88' lang='lat' dir='ltr'><strong>Haec</strong></span> <span class='ocrx_word' id='word_1_183' title='bbox 642 1354 691 1378; x_wconf 89' lang='lat' dir='ltr'><strong>est</strong></span> <span class='ocrx_word' id='word_1_184' title='bbox 723 1346 875 1388; x_wconf 82' lang='lat' dir='ltr'><strong>vulgata,</strong></span> <span class='ocrx_word' id='word_1_185' title='bbox 915 1357 1011 1388; x_wconf 89' lang='lat' dir='ltr'><strong>quam</strong></span> 
     </span>
     <span class='ocr_line' id='line_1_28' title="bbox 253 1393 1010 1435; baseline -0.01 -8"><span class='ocrx_word' id='word_1_186' title='bbox 253 1407 365 1427; x_wconf 89' lang='lat' dir='ltr'><strong>omnes</strong></span> <span class='ocrx_word' id='word_1_187' title='bbox 391 1393 487 1426; x_wconf 88' lang='lat' dir='ltr'><strong>codd.</strong></span> <span class='ocrx_word' id='word_1_188' title='bbox 509 1399 644 1424; x_wconf 81' lang='lat' dir='ltr'><strong>tuentur</strong></span> <span class='ocrx_word' id='word_1_189' title='bbox 665 1397 798 1435; x_wconf 85' lang='lat' dir='ltr'><strong>praeter</strong></span> <span class='ocrx_word' id='word_1_190' title='bbox 818 1402 917 1421; x_wconf 90' lang='lat' dir='ltr'><strong>unum</strong></span> <span class='ocrx_word' id='word_1_191' title='bbox 939 1393 1010 1429; x_wconf 58' lang='lat' dir='ltr'><strong>Ox„</strong></span> 
     </span>
     <span class='ocr_line' id='line_1_29' title="bbox 253 1435 1012 1483; baseline -0.008 -12"><span class='ocrx_word' id='word_1_192' title='bbox 253 1440 307 1483; x_wconf 89' lang='lat' dir='ltr'><strong>qui</strong></span> <span class='ocrx_word' id='word_1_193' title='bbox 331 1439 431 1471; x_wconf 84' lang='lat' dir='ltr'><strong>habet</strong></span> <span class='ocrx_word' id='word_1_194' title='bbox 462 1448 523 1469; x_wconf 84' lang='lat' dir='ltr'><strong>non</strong></span> <span class='ocrx_word' id='word_1_195' title='bbox 547 1440 638 1478; x_wconf 76' lang='lat' dir='ltr'><strong>fieret.</strong></span> <span class='ocrx_word' id='word_1_196' title='bbox 687 1438 725 1468; x_wconf 93' lang='lat' dir='ltr'><strong>D.</strong></span> <span class='ocrx_word' id='word_1_197' title='bbox 751 1435 835 1467; x_wconf 86' lang='lat' dir='ltr'><strong>Lall.</strong></span> <span class='ocrx_word' id='word_1_198' title='bbox 859 1437 934 1466; x_wconf 89' lang='lat' dir='ltr'><strong>Ern.</strong></span> <span class='ocrx_word' id='word_1_199' title='bbox 955 1436 1012 1466; x_wconf 84' lang='lat' dir='ltr'><strong>W.</strong></span> 
     </span>
     <span class='ocr_line' id='line_1_30' title="bbox 251 1481 1013 1527; baseline -0.007 -11"><span class='ocrx_word' id='word_1_200' title='bbox 251 1489 448 1527; x_wconf 86' lang='lat' dir='ltr'><strong>receperunt</strong></span> <span class='ocrx_word' id='word_1_201' title='bbox 461 1482 599 1513; x_wconf 83' lang='lat' dir='ltr'><strong>Bentleii</strong></span> <span class='ocrx_word' id='word_1_202' title='bbox 617 1481 837 1513; x_wconf 83' lang='lat' dir='ltr'><strong>coniecturam</strong></span> <span class='ocrx_word' id='word_1_203' title='bbox 853 1491 914 1512; x_wconf 79' lang='lat' dir='ltr'><strong>non</strong></span> <span class='ocrx_word' id='word_1_204' title='bbox 935 1481 1013 1520; x_wconf 73' lang='lat' dir='ltr'><strong>fuis-</strong></span> 
     </span>
     <span class='ocr_line' id='line_1_31' title="bbox 253 1526 1013 1579; baseline -0.008 -18"><span class='ocrx_word' id='word_1_205' title='bbox 253 1533 316 1569; x_wconf 81' lang='lat' dir='ltr'><strong>set,</strong></span> <span class='ocrx_word' id='word_1_206' title='bbox 348 1540 444 1579; x_wconf 81' lang='lat' dir='ltr'><strong>quam</strong></span> <span class='ocrx_word' id='word_1_207' title='bbox 468 1534 557 1558; x_wconf 89' lang='lat' dir='ltr'><strong>recte</strong></span> <span class='ocrx_word' id='word_1_208' title='bbox 582 1526 726 1558; x_wconf 85' lang='lat' dir='ltr'><strong>deseruit</strong></span> <span class='ocrx_word' id='word_1_209' title='bbox 751 1528 905 1565; x_wconf 86' lang='lat' dir='ltr'><strong>Orellius,</strong></span> <span class='ocrx_word' id='word_1_210' title='bbox 933 1536 1013 1555; x_wconf 90' lang='lat' dir='ltr'><strong>sen-</strong></span> 
     </span>
     <span class='ocr_line' id='line_1_32' title="bbox 252 1571 1012 1615; baseline -0.008 -9"><span class='ocrx_word' id='word_1_211' title='bbox 252 1574 391 1606; x_wconf 85' lang='lat' dir='ltr'><strong>tentiam</strong></span> <span class='ocrx_word' id='word_1_212' title='bbox 412 1574 460 1604; x_wconf 89' lang='lat' dir='ltr'><strong>sic</strong></span> <span class='ocrx_word' id='word_1_213' title='bbox 481 1572 698 1615; x_wconf 27' lang='lat' dir='ltr'><strong>explicans&amp;</strong></span> <span class='ocrx_word' id='word_1_214' title='bbox 703 1571 768 1609; x_wconf 78' lang='lat' dir='ltr'><strong>,inv</strong></span> <span class='ocrx_word' id='word_1_215' title='bbox 774 1576 883 1601; x_wconf 80' lang='lat' dir='ltr'><strong>entam</strong></span> <span class='ocrx_word' id='word_1_216' title='bbox 903 1581 973 1601; x_wconf 86' lang='lat' dir='ltr'><strong>esse</strong></span> <span class='ocrx_word' id='word_1_217' title='bbox 994 1581 1012 1601; x_wconf 86' lang='lat' dir='ltr'><strong>a</strong></span> 
     </span>
     <span class='ocr_line' id='line_1_33' title="bbox 253 1616 1011 1661; baseline -0.008 -10"><span class='ocrx_word' id='word_1_218' title='bbox 253 1619 364 1651; x_wconf 88' lang='lat' dir='ltr'><strong>nescio</strong></span> <span class='ocrx_word' id='word_1_219' title='bbox 388 1630 452 1661; x_wconf 88' lang='lat' dir='ltr'><strong>quo</strong></span> <span class='ocrx_word' id='word_1_220' title='bbox 478 1616 637 1648; x_wconf 84' lang='lat' dir='ltr'><strong>eiusmodi</strong></span> <span class='ocrx_word' id='word_1_221' title='bbox 656 1617 861 1658; x_wconf 82' lang='lat' dir='ltr'><strong>voluptatem</strong></span> <span class='ocrx_word' id='word_1_222' title='bbox 882 1626 1011 1653; x_wconf 80' lang='lat' dir='ltr'><strong>novam,</strong></span> 
     </span>
     <span class='ocr_line' id='line_1_34' title="bbox 253 1660 1012 1704; baseline -0.008 -8"><span class='ocrx_word' id='word_1_223' title='bbox 253 1664 392 1696; x_wconf 87' lang='lat' dir='ltr'><strong>eandem</strong></span> <span class='ocrx_word' id='word_1_224' title='bbox 415 1670 524 1694; x_wconf 86' lang='lat' dir='ltr'><strong>tamen</strong></span> <span class='ocrx_word' id='word_1_225' title='bbox 550 1673 626 1693; x_wconf 79' lang='lat' dir='ltr'><strong>mox</strong></span> <span class='ocrx_word' id='word_1_226' title='bbox 654 1660 860 1704; x_wconf 82' lang='lat' dir='ltr'><strong>repudiatam</strong></span> <span class='ocrx_word' id='word_1_227' title='bbox 882 1671 900 1691; x_wconf 91' lang='lat' dir='ltr'><strong>a</strong></span> <span class='ocrx_word' id='word_1_228' title='bbox 921 1661 1012 1691; x_wconf 84' lang='lat' dir='ltr'><strong>Xer-</strong></span> 
     </span>
     <span class='ocr_line' id='line_1_35' title="bbox 252 1704 1014 1744; baseline -0.007 -4"><span class='ocrx_word' id='word_1_229' title='bbox 252 1714 316 1740; x_wconf 60' lang='lat' dir='ltr'><strong>xe!</strong></span> <span class='ocrx_word' id='word_1_230' title='bbox 307 1713 328 1727; x_wconf 87' lang='lat'><strong>“</strong></span> <span class='ocrx_word' id='word_1_231' title='bbox 364 1709 628 1739; x_wconf 83' lang='lat' dir='ltr'><strong>Consentaneum</strong></span> <span class='ocrx_word' id='word_1_232' title='bbox 652 1713 701 1737; x_wconf 85' lang='lat' dir='ltr'><strong>est</strong></span> <span class='ocrx_word' id='word_1_233' title='bbox 722 1706 817 1744; x_wconf 89' lang='lat' dir='ltr'><strong>enim,</strong></span> <span class='ocrx_word' id='word_1_234' title='bbox 842 1705 930 1736; x_wconf 84' lang='lat' dir='ltr'><strong>idem</strong></span> <span class='ocrx_word' id='word_1_235' title='bbox 951 1704 1014 1736; x_wconf 88' lang='lat' dir='ltr'><strong>ad—</strong></span> 
     </span>
     <span class='ocr_line' id='line_1_36' title="bbox 253 1749 1014 1800; baseline -0.007 -15"><span class='ocrx_word' id='word_1_236' title='bbox 253 1754 320 1790; x_wconf 82' lang='lat' dir='ltr'><strong>dit,</strong></span> <span class='ocrx_word' id='word_1_237' title='bbox 355 1752 565 1790; x_wconf 85' lang='lat' dir='ltr'><strong>historicum,</strong></span> <span class='ocrx_word' id='word_1_238' title='bbox 603 1763 620 1782; x_wconf 91' lang='lat' dir='ltr'><strong>e</strong></span> <span class='ocrx_word' id='word_1_239' title='bbox 640 1762 705 1794; x_wconf 92' lang='lat' dir='ltr'><strong>quo</strong></span> <span class='ocrx_word' id='word_1_240' title='bbox 726 1762 783 1781; x_wconf 83' lang='lat' dir='ltr'><strong>sua</strong></span> <span class='ocrx_word' id='word_1_241' title='bbox 807 1749 1014 1800; x_wconf 84' lang='lat' dir='ltr'><strong>deprompsit</strong></span> 
     </span>
     <span class='ocr_line' id='line_1_37' title="bbox 253 1795 1013 1840; baseline -0.008 -9"><span class='ocrx_word' id='word_1_242' title='bbox 253 1799 398 1836; x_wconf 85' lang='lat' dir='ltr'><strong>Tullius,</strong></span> <span class='ocrx_word' id='word_1_243' title='bbox 423 1797 458 1828; x_wconf 92' lang='lat' dir='ltr'><strong>id</strong></span> <span class='ocrx_word' id='word_1_244' title='bbox 478 1807 606 1840; x_wconf 89' lang='lat' dir='ltr'><strong>quoque</strong></span> <span class='ocrx_word' id='word_1_245' title='bbox 628 1795 797 1834; x_wconf 88' lang='lat' dir='ltr'><strong>retulisse,</strong></span> <span class='ocrx_word' id='word_1_246' title='bbox 823 1807 919 1838; x_wconf 88' lang='lat' dir='ltr'><strong>quem</strong></span> <span class='ocrx_word' id='word_1_247' title='bbox 942 1795 1013 1826; x_wconf 81' lang='lat' dir='ltr'><strong>exi—</strong></span> 
     </span>
     <span class='ocr_line' id='line_1_38' title="bbox 253 1840 1012 1883; baseline -0.007 -8"><span class='ocrx_word' id='word_1_248' title='bbox 253 1851 322 1875; x_wconf 83' lang='lat' dir='ltr'><strong>tum</strong></span> <span class='ocrx_word' id='word_1_249' title='bbox 357 1842 507 1874; x_wconf 83' lang='lat' dir='ltr'><strong>habuerit</strong></span> <span class='ocrx_word' id='word_1_250' title='bbox 541 1841 646 1872; x_wconf 86' lang='lat' dir='ltr'><strong>insani</strong></span> <span class='ocrx_word' id='word_1_251' title='bbox 680 1840 765 1883; x_wconf 86' lang='lat' dir='ltr'><strong>regis</strong></span> <span class='ocrx_word' id='word_1_252' title='bbox 804 1840 1012 1872; x_wconf 90' lang='lat' dir='ltr'><strong>desiderium.</strong></span> 
     </span>
     <span class='ocr_line' id='line_1_39' title="bbox 253 1885 880 1925; baseline -0.005 -5"><span class='ocrx_word' id='word_1_253' title='bbox 253 1891 391 1920; x_wconf 77' lang='lat' dir='ltr'><strong>Klotzius</strong></span> <span class='ocrx_word' id='word_1_254' title='bbox 415 1899 432 1919; x_wconf 92' lang='lat' dir='ltr'><strong>e</strong></span> <span class='ocrx_word' id='word_1_255' title='bbox 457 1887 542 1919; x_wconf 91' lang='lat' dir='ltr'><strong>coni.</strong></span> <span class='ocrx_word' id='word_1_256' title='bbox 567 1885 671 1919; x_wconf 86' lang='lat' dir='ltr'><strong>edidit</strong></span> <span class='ocrx_word' id='word_1_257' title='bbox 693 1896 755 1918; x_wconf 79' lang='lat' dir='ltr'><strong>non</strong></span> <span class='ocrx_word' id='word_1_258' title='bbox 777 1888 880 1925; x_wconf 80' lang='lat' dir='ltr'><strong>fuerit.</strong></span> 
     </span>
    </p>
   </div>
   <div class='ocr_carea' id='block_1_18' title="bbox 254 1941 1015 2256">
    <p class='ocr_par' dir='ltr' id='par_1_19' title="bbox 254 1941 1015 2074">
     <span class='ocr_line' id='line_1_40' title="bbox 317 1941 1014 1985; baseline -0.007 -9"><span class='ocrx_word' id='word_1_259' title='bbox 317 1954 412 1985; x_wconf 80' lang='lat' dir='ltr'><strong>neque</strong></span> <span class='ocrx_word' id='word_1_260' title='bbox 434 1963 477 1968; x_wconf 89' lang='lat'><strong>——</strong></span> <span class='ocrx_word' id='word_1_261' title='bbox 497 1945 588 1984; x_wconf 80' lang='lat' dir='ltr'><strong>finem</strong></span> <span class='ocrx_word' id='word_1_262' title='bbox 610 1944 742 1974; x_wconf 80' lang='lat' dir='ltr'><strong>inveniet</strong></span> <span class='ocrx_word' id='word_1_263' title='bbox 765 1942 874 1983; x_wconf 84' lang='lat' dir='ltr'><strong>libido]</strong></span> <span class='ocrx_word' id='word_1_264' title='bbox 913 1941 1014 1972; x_wconf 86' lang='lat' dir='ltr'><strong>Cicer.</strong></span> 
     </span>
     <span class='ocr_line' id='line_1_41' title="bbox 254 1986 1015 2030; baseline -0.008 -8"><span class='ocrx_word' id='word_1_265' title='bbox 254 1989 368 2022; x_wconf 86' lang='lat' dir='ltr'><strong>Parad.</strong></span> <span class='ocrx_word' id='word_1_266' title='bbox 391 1990 423 2026; x_wconf 82' lang='lat' dir='ltr'><strong>I,</strong></span> <span class='ocrx_word' id='word_1_267' title='bbox 449 1989 484 2020; x_wconf 88' lang='lat' dir='ltr'><strong>l:</strong></span> <span class='ocrx_word' id='word_1_268' title='bbox 511 1999 616 2030; x_wconf 90' lang='lat' dir='ltr'><strong>neque</strong></span> <span class='ocrx_word' id='word_1_269' title='bbox 637 2006 681 2011; x_wconf 91' lang='lat'>—</span> <span class='ocrx_word' id='word_1_270' title='bbox 705 1986 855 2028; x_wconf 84' lang='lat' dir='ltr'><strong>expletur</strong></span> <span class='ocrx_word' id='word_1_271' title='bbox 874 1998 1015 2029; x_wconf 84' lang='lat' dir='ltr'><strong>unquam</strong></span> 
     </span>
     <span class='ocr_line' id='line_1_42' title="bbox 255 2031 794 2074; baseline -0.009 -8"><span class='ocrx_word' id='word_1_272' title='bbox 255 2047 315 2066; x_wconf 89' lang='lat' dir='ltr'><strong>nec</strong></span> <span class='ocrx_word' id='word_1_273' title='bbox 340 2034 476 2064; x_wconf 83' lang='lat' dir='ltr'><strong>satiatur</strong></span> <span class='ocrx_word' id='word_1_274' title='bbox 501 2031 690 2074; x_wconf 81' lang='lat' dir='ltr'><strong>cupiditatis</strong></span> <span class='ocrx_word' id='word_1_275' title='bbox 714 2031 794 2062; x_wconf 87' lang='lat' dir='ltr'><strong>sitis.</strong></span> 
     </span>
    </p>

    <p class='ocr_par' dir='ltr' id='par_1_20' title="bbox 255 2075 1015 2256">
     <span class='ocr_line' id='line_1_43' title="bbox 319 2075 1015 2119; baseline -0.003 -10"><span class='ocrx_word' id='word_1_276' title='bbox 319 2081 372 2119; x_wconf 84' lang='lat' dir='ltr'><strong>qui</strong></span> <span class='ocrx_word' id='word_1_277' title='bbox 395 2080 480 2109; x_wconf 74' lang='lat' dir='ltr'><strong>nobis</strong></span> <span class='ocrx_word' id='word_1_278' title='bbox 502 2079 622 2116; x_wconf 82' lang='lat' dir='ltr'><strong>aliquid</strong></span> <span class='ocrx_word' id='word_1_279' title='bbox 646 2075 809 2118; x_wconf 75' lang='lat' dir='ltr'><strong>attulisset]</strong></span> <span class='ocrx_word' id='word_1_280' title='bbox 832 2077 880 2106; x_wconf 83' lang='lat' dir='ltr'><strong>Ex</strong></span> <span class='ocrx_word' id='word_1_281' title='bbox 902 2081 1015 2107; x_wconf 84' lang='lat' dir='ltr'><strong>nostra</strong></span> 
     </span>
     <span class='ocr_line' id='line_1_44' title="bbox 255 2120 1015 2162; baseline -0.003 -9"><span class='ocrx_word' id='word_1_282' title='bbox 255 2123 385 2155; x_wconf 86' lang='lat' dir='ltr'><strong>dicendi</strong></span> <span class='ocrx_word' id='word_1_283' title='bbox 404 2122 531 2153; x_wconf 87' lang='lat' dir='ltr'><strong>ratione</strong></span> <span class='ocrx_word' id='word_1_284' title='bbox 546 2127 771 2162; x_wconf 78' lang='lat' dir='ltr'><strong>exspectamus</strong></span> <span class='ocrx_word' id='word_1_285' title='bbox 790 2123 933 2160; x_wconf 77' lang='lat' dir='ltr'><strong>afferrel;</strong></span> <span class='ocrx_word' id='word_1_286' title='bbox 957 2120 1015 2151; x_wconf 88' lang='lat' dir='ltr'><strong>sed</strong></span> 
     </span>
     <span class='ocr_line' id='line_1_45' title="bbox 256 2164 1013 2206; baseline -0.007 -6"><span class='ocrx_word' id='word_1_287' title='bbox 256 2175 344 2200; x_wconf 80' lang='lat' dir='ltr'><strong>recte</strong></span> <span class='ocrx_word' id='word_1_288' title='bbox 369 2173 481 2199; x_wconf 88' lang='lat' dir='ltr'><strong>monet</strong></span> <span class='ocrx_word' id='word_1_289' title='bbox 500 2168 656 2197; x_wconf 79' lang='lat' dir='ltr'><strong>Erneslius</strong></span> <span class='ocrx_word' id='word_1_290' title='bbox 679 2164 797 2206; x_wconf 80' lang='lat' dir='ltr'><strong>respici</strong></span> <span class='ocrx_word' id='word_1_291' title='bbox 822 2165 1013 2206; x_wconf 78' lang='lat' dir='ltr'><strong>praemium,</strong></span> 
     </span>
     <span class='ocr_line' id='line_1_46' title="bbox 255 2209 1014 2256; baseline -0.007 -12"><span class='ocrx_word' id='word_1_292' title='bbox 255 2212 343 2256; x_wconf 85' lang='lat' dir='ltr'><strong>quod</strong></span> <span class='ocrx_word' id='word_1_293' title='bbox 362 2219 432 2243; x_wconf 88' lang='lat' dir='ltr'><strong>tum</strong></span> <span class='ocrx_word' id='word_1_294' title='bbox 453 2210 583 2242; x_wconf 86' lang='lat' dir='ltr'><strong>demum</strong></span> <span class='ocrx_word' id='word_1_295' title='bbox 605 2209 701 2240; x_wconf 86' lang='lat' dir='ltr'><strong>detur</strong></span> <span class='ocrx_word' id='word_1_296' title='bbox 720 2209 758 2244; x_wconf 77' lang='lat' dir='ltr'><strong>ei,</strong></span> <span class='ocrx_word' id='word_1_297' title='bbox 784 2209 837 2251; x_wconf 87' lang='lat' dir='ltr'><strong>qui</strong></span> <span class='ocrx_word' id='word_1_298' title='bbox 856 2209 1014 2241; x_wconf 78' lang='lat' dir='ltr'><strong>attulerit.</strong></span> 
     </span>
    </p>
   </div>
   <div class='ocr_carea' id='block_1_19' title="bbox 254 2264 1014 2390">
    <p class='ocr_par' dir='ltr' id='par_1_21' title="bbox 254 2264 1014 2390">
     <span class='ocr_line' id='line_1_47' title="bbox 321 2264 1014 2309; baseline -0.007 -9"><span class='ocrx_word' id='word_1_299' title='bbox 321 2266 524 2309; x_wconf 80' lang='lat' dir='ltr'><strong>crederemus]</strong></span> <span class='ocrx_word' id='word_1_300' title='bbox 563 2265 636 2297; x_wconf 89' lang='lat' dir='ltr'><strong>Scil.</strong></span> <span class='ocrx_word' id='word_1_301' title='bbox 667 2265 824 2296; x_wconf 83' lang='lat' dir='ltr'><strong>virtutem</strong></span> <span class='ocrx_word' id='word_1_302' title='bbox 857 2264 898 2296; x_wconf 79' lang='lat' dir='ltr'><strong>ad</strong></span> <span class='ocrx_word' id='word_1_303' title='bbox 930 2265 1014 2296; x_wconf 83' lang='lat' dir='ltr'><strong>bene</strong></span> 
     </span>
     <span class='ocr_line' id='line_1_48' title="bbox 256 2310 1013 2356; baseline -0.005 -11"><span class='ocrx_word' id='word_1_304' title='bbox 256 2315 414 2356; x_wconf 82' lang='lat' dir='ltr'><strong>beateque</strong></span> <span class='ocrx_word' id='word_1_305' title='bbox 445 2310 621 2343; x_wconf 75' lang='lat' dir='ltr'><strong>vivendum</strong></span> <span class='ocrx_word' id='word_1_306' title='bbox 654 2322 689 2342; x_wconf 87' lang='lat' dir='ltr'><strong>se</strong></span> <span class='ocrx_word' id='word_1_307' title='bbox 723 2310 793 2353; x_wconf 79' lang='lat' dir='ltr'><strong>ipsa</strong></span> <span class='ocrx_word' id='word_1_308' title='bbox 827 2322 896 2341; x_wconf 80' lang='lat' dir='ltr'><strong>esse</strong></span> <span class='ocrx_word' id='word_1_309' title='bbox 931 2322 1013 2341; x_wconf 84' lang='lat' dir='ltr'><strong>con—</strong></span> 
     </span>
     <span class='ocr_line' id='line_1_49' title="bbox 254 2366 390 2390; baseline -0.007 0"><span class='ocrx_word' id='word_1_310' title='bbox 254 2366 390 2390; x_wconf 85' lang='lat' dir='ltr'><strong>tentam.</strong></span> 
     </span>
    </p>
   </div>
   <div class='ocr_carea' id='block_1_20' title="bbox 257 2412 1016 2996">
    <p class='ocr_par' dir='ltr' id='par_1_22' title="bbox 257 2412 1012 2502">
     <span class='ocr_line' id='line_1_50' title="bbox 325 2412 1012 2457; baseline -0.001 -11"><span class='ocrx_word' id='word_1_311' title='bbox 325 2414 403 2446; x_wconf 74' lang='lat' dir='ltr'><strong>CAP.</strong></span> <span class='ocrx_word' id='word_1_312' title='bbox 420 2415 509 2445; x_wconf 85' lang='lat' dir='ltr'><strong>Vlll.</strong></span> <span class='ocrx_word' id='word_1_313' title='bbox 531 2415 558 2457; x_wconf 63' lang='lat'><strong>§-</strong></span> <span class='ocrx_word' id='word_1_314' title='bbox 573 2413 626 2445; x_wconf 68' lang='lat'><strong>21.</strong></span> <span class='ocrx_word' id='word_1_315' title='bbox 652 2413 780 2453; x_wconf 72' lang='lat' dir='ltr'><strong>Brutus]</strong></span> <span class='ocrx_word' id='word_1_316' title='bbox 805 2413 842 2442; x_wconf 87' lang='lat' dir='ltr'><strong>V.</strong></span> <span class='ocrx_word' id='word_1_317' title='bbox 865 2412 906 2442; x_wconf 83' lang='lat' dir='ltr'><strong>ad</strong></span> <span class='ocrx_word' id='word_1_318' title='bbox 928 2413 965 2444; x_wconf 88' lang='lat' dir='ltr'><strong>V.</strong></span> <span class='ocrx_word' id='word_1_319' title='bbox 987 2413 1012 2445; x_wconf 86' lang='lat' dir='ltr'><strong>l.</strong></span> 
     </span>
     <span class='ocr_line' id='line_1_51' title="bbox 257 2471 359 2502; baseline 0.01 -12"><span class='ocrx_word' id='word_1_320' title='bbox 257 2471 359 2502; x_wconf 57' lang='lat' dir='ltr'><strong>pun&amp;</strong></span> 
     </span>
    </p>

    <p class='ocr_par' dir='ltr' id='par_1_23' title="bbox 258 2502 1016 2897">
     <span class='ocr_line' id='line_1_52' title="bbox 324 2502 1015 2545; baseline -0.003 -10"><span class='ocrx_word' id='word_1_321' title='bbox 324 2503 438 2544; x_wconf 85' lang='lat' dir='ltr'><strong>Aristo]</strong></span> <span class='ocrx_word' id='word_1_322' title='bbox 469 2503 522 2534; x_wconf 89' lang='lat' dir='ltr'><strong>Sic</strong></span> <span class='ocrx_word' id='word_1_323' title='bbox 545 2509 648 2544; x_wconf 84' lang='lat' dir='ltr'><strong>quatt.</strong></span> <span class='ocrx_word' id='word_1_324' title='bbox 671 2504 771 2539; x_wconf 75' lang='lat' dir='ltr'><strong>Oxx.,</strong></span> <span class='ocrx_word' id='word_1_325' title='bbox 807 2502 921 2545; x_wconf 75' lang='lat' dir='ltr'><strong>reliqui</strong></span> <span class='ocrx_word' id='word_1_326' title='bbox 946 2505 1015 2533; x_wconf 84' lang='lat' dir='ltr'><strong>Ari-</strong></span> 
     </span>
     <span class='ocr_line' id='line_1_53' title="bbox 258 2547 1015 2589; baseline -0.001 -10"><span class='ocrx_word' id='word_1_327' title='bbox 258 2553 362 2587; x_wconf 73' lang='lat' dir='ltr'><strong>stone,</strong></span> <span class='ocrx_word' id='word_1_328' title='bbox 396 2554 430 2578; x_wconf 88' lang='lat' dir='ltr'><strong>at</strong></span> <span class='ocrx_word' id='word_1_329' title='bbox 452 2548 485 2578; x_wconf 86' lang='lat' dir='ltr'><strong>h.</strong></span> <span class='ocrx_word' id='word_1_330' title='bbox 510 2548 530 2579; x_wconf 96' lang='lat' dir='ltr'><strong>l.</strong></span> <span class='ocrx_word' id='word_1_331' title='bbox 554 2547 787 2589; x_wconf 83' lang='lat' dir='ltr'><strong>intelligendus</strong></span> <span class='ocrx_word' id='word_1_332' title='bbox 813 2555 861 2578; x_wconf 85' lang='lat' dir='ltr'><strong>est</strong></span> <span class='ocrx_word' id='word_1_333' title='bbox 886 2550 1015 2586; x_wconf 78' lang='lat' dir='ltr'><strong>Aristus,</strong></span> 
     </span>
     <span class='ocr_line' id='line_1_54' title="bbox 259 2592 1016 2634; baseline -0.001 -10"><span class='ocrx_word' id='word_1_334' title='bbox 259 2592 466 2630; x_wconf 81' lang='lat' dir='ltr'><strong>Ascalonita,</strong></span> <span class='ocrx_word' id='word_1_335' title='bbox 504 2593 604 2623; x_wconf 82' lang='lat' dir='ltr'><strong>frater</strong></span> <span class='ocrx_word' id='word_1_336' title='bbox 628 2592 800 2630; x_wconf 84' lang='lat' dir='ltr'><strong>Antiochi,</strong></span> <span class='ocrx_word' id='word_1_337' title='bbox 835 2592 953 2634; x_wconf 85' lang='lat' dir='ltr'><strong>hospes</strong></span> <span class='ocrx_word' id='word_1_338' title='bbox 983 2599 1016 2623; x_wconf 85' lang='lat' dir='ltr'><strong>et</strong></span> 
     </span>
     <span class='ocr_line' id='line_1_55' title="bbox 260 2636 1013 2675; baseline 0 -6"><span class='ocrx_word' id='word_1_339' title='bbox 260 2637 428 2669; x_wconf 76' lang='lat' dir='ltr'><strong>familiaris</strong></span> <span class='ocrx_word' id='word_1_340' title='bbox 461 2636 635 2668; x_wconf 86' lang='lat' dir='ltr'><strong>Ciceronis.</strong></span> <span class='ocrx_word' id='word_1_341' title='bbox 684 2639 722 2668; x_wconf 79' lang='lat' dir='ltr'><strong>V.</strong></span> <span class='ocrx_word' id='word_1_342' title='bbox 750 2638 836 2668; x_wconf 85' lang='lat' dir='ltr'><strong>Brut.</strong></span> <span class='ocrx_word' id='word_1_343' title='bbox 860 2637 913 2675; x_wconf 73' lang='lat'><strong>97,</strong></span> <span class='ocrx_word' id='word_1_344' title='bbox 937 2636 1013 2669; x_wconf 59' lang='lat'><strong>33¹).</strong></span> 
     </span>
     <span class='ocr_line' id='line_1_56' title="bbox 261 2679 1011 2718; baseline 0 -4"><span class='ocrx_word' id='word_1_345' title='bbox 261 2681 361 2714; x_wconf 79' lang='lat' dir='ltr'><strong>Acad.</strong></span> <span class='ocrx_word' id='word_1_346' title='bbox 383 2683 406 2713; x_wconf 88' lang='grc' dir='ltr'><strong>Ι.</strong></span> <span class='ocrx_word' id='word_1_347' title='bbox 429 2682 460 2718; x_wconf 68' lang='grc'><strong>3,</strong></span> <span class='ocrx_word' id='word_1_348' title='bbox 483 2682 532 2712; x_wconf 75' lang='grc'><strong>12.</strong></span> <span class='ocrx_word' id='word_1_349' title='bbox 561 2682 599 2711; x_wconf 92' lang='grc' dir='ltr'><strong>ΙΙ.</strong></span> <span class='ocrx_word' id='word_1_350' title='bbox 624 2679 655 2718; x_wconf 73' lang='lat'><strong>4,</strong></span> <span class='ocrx_word' id='word_1_351' title='bbox 683 2683 732 2712; x_wconf 67' lang='lat'><strong>12.</strong></span> <span class='ocrx_word' id='word_1_352' title='bbox 766 2682 836 2714; x_wconf 90' lang='lat' dir='ltr'><strong>Fin.</strong></span> <span class='ocrx_word' id='word_1_353' title='bbox 861 2684 898 2713; x_wconf 78' lang='lat' dir='ltr'><strong>V.</strong></span> <span class='ocrx_word' id='word_1_354' title='bbox 919 2682 950 2716; x_wconf 74' lang='grc' dir='ltr'><strong>ὃ,</strong></span> <span class='ocrx_word' id='word_1_355' title='bbox 972 2686 1011 2713; x_wconf 49' lang='lat' dir='ltr'><strong>¹Ji:</strong></span> 
     </span>
     <span class='ocr_line' id='line_1_57' title="bbox 261 2725 1013 2768; baseline -0.003 -9"><span class='ocrx_word' id='word_1_356' title='bbox 261 2728 315 2759; x_wconf 90' lang='lat' dir='ltr'><strong>ubi</strong></span> <span class='ocrx_word' id='word_1_357' title='bbox 345 2739 376 2758; x_wconf 92' lang='lat' dir='ltr'><strong>v.</strong></span> <span class='ocrx_word' id='word_1_358' title='bbox 411 2729 552 2757; x_wconf 77' lang='lat' dir='ltr'><strong>Goerenz</strong></span> <span class='ocrx_word' id='word_1_359' title='bbox 585 2725 626 2756; x_wconf 83' lang='lat' dir='ltr'><strong>ad</strong></span> <span class='ocrx_word' id='word_1_360' title='bbox 652 2729 719 2756; x_wconf 81' lang='lat' dir='ltr'><strong>Att.</strong></span> <span class='ocrx_word' id='word_1_361' title='bbox 744 2727 784 2763; x_wconf 69' lang='lat' dir='ltr'><strong>s)</strong></span> <span class='ocrx_word' id='word_1_362' title='bbox 814 2727 859 2758; x_wconf 63' lang='lat'><strong>12.</strong></span> <span class='ocrx_word' id='word_1_363' title='bbox 909 2729 1013 2768; x_wconf 82' lang='lat' dir='ltr'><strong>Saepe</strong></span> 
     </span>
     <span class='ocr_line' id='line_1_58' title="bbox 259 2752 1011 2811; baseline -0.004 -7"><span class='ocrx_word' id='word_1_364' title='bbox 259 2772 385 2804; x_wconf 85' lang='lat' dir='ltr'><strong>Aristus</strong></span> <span class='ocrx_word' id='word_1_365' title='bbox 408 2769 619 2802; x_wconf 86' lang='lat' dir='ltr'><strong>confunditur</strong></span> <span class='ocrx_word' id='word_1_366' title='bbox 639 2781 709 2800; x_wconf 87' lang='lat' dir='ltr'><strong>cum</strong></span> <span class='ocrx_word' id='word_1_367' title='bbox 728 2752 888 2803; x_wconf 76' lang='lat' dir='ltr'><strong>Aiistone.</strong></span> <span class='ocrx_word' id='word_1_368' title='bbox 927 2771 1011 2811; x_wconf 87' lang='lat' dir='ltr'><strong>Quin</strong></span> 
     </span>
     <span class='ocr_line' id='line_1_59' title="bbox 261 2814 1012 2858; baseline 0.001 -12"><span class='ocrx_word' id='word_1_369' title='bbox 261 2817 359 2849; x_wconf 81' lang='lat' dir='ltr'><strong>etiam</strong></span> <span class='ocrx_word' id='word_1_370' title='bbox 378 2828 430 2858; x_wconf 85' lang='lat' dir='ltr'><strong>ap.</strong></span> <span class='ocrx_word' id='word_1_371' title='bbox 454 2814 616 2846; x_wconf 84' lang='lat' dir='ltr'><strong>Plutarch.</strong></span> <span class='ocrx_word' id='word_1_372' title='bbox 638 2814 670 2844; x_wconf 90' lang='lat' dir='ltr'><strong>iu</strong></span> <span class='ocrx_word' id='word_1_373' title='bbox 694 2815 792 2845; x_wconf 84' lang='lat' dir='ltr'><strong>Bruto</strong></span> <span class='ocrx_word' id='word_1_374' title='bbox 814 2827 846 2857; x_wconf 84' lang='lat' dir='ltr'><strong>p.</strong></span> <span class='ocrx_word' id='word_1_375' title='bbox 861 2819 901 2847; x_wconf 65' lang='grc' dir='ltr'><strong>ἓ)</strong></span> <span class='ocrx_word' id='word_1_376' title='bbox 906 2815 935 2848; x_wconf 92' lang='lat'><strong>4.</strong></span> <span class='ocrx_word' id='word_1_377' title='bbox 961 2817 1012 2847; x_wconf 87' lang='lat' dir='ltr'><strong>le-</strong></span> 
     </span>
     <span class='ocr_line' id='line_1_60' title="bbox 261 2857 1014 2905; baseline 0.001 -12.004"><span class='ocrx_word' id='word_1_378' title='bbox 261 2862 363 2905; x_wconf 84' lang='lat' dir='ltr'><strong>gitur:</strong></span> <span class='ocrx_word' id='word_1_379' title='bbox 399 2872 457 2894; x_wconf 81' lang='grc' dir='ltr'><strong>και</strong></span> <span class='ocrx_word' id='word_1_380' title='bbox 488 2862 537 2893; x_wconf 83' lang='grc' dir='ltr'><strong>διε</strong></span> <span class='ocrx_word' id='word_1_381' title='bbox 539 2859 625 2892; x_wconf 80' lang='grc' dir='ltr'>τέλει</span> <span class='ocrx_word' id='word_1_382' title='bbox 649 2857 828 2900; x_wconf 72' lang='grc' dir='ltr'>Ξῑαυμάζων</span> <span class='ocrx_word' id='word_1_383' title='bbox 862 2859 902 2901; x_wconf 69' lang='grc' dir='ltr'><strong>υὲ</strong></span> <span class='ocrx_word' id='word_1_384' title='bbox 904 2873 918 2892; x_wconf 66' lang='lat' dir='ltr'>a</span> <span class='ocrx_word' id='word_1_385' title='bbox 941 2858 1014 2894; x_wconf 73' lang='grc' dir='ltr'><strong>Ἂν-</strong></span> 
     </span>
    </p>

    <p class='ocr_par' dir='ltr' id='par_1_24' title="bbox 261 2901 1012 2993">
     <span class='ocr_line' id='line_1_61' title="bbox 261 2901 1012 2957; baseline -0.004 -16.912"><span class='ocrx_word' id='word_1_386' title='bbox 261 2907 387 2950; x_wconf 67' lang='grc' dir='ltr'><strong>τίοχοο,</strong></span> <span class='ocrx_word' id='word_1_387' title='bbox 410 2903 466 2939; x_wconf 75' lang='grc' dir='ltr'><strong>τὸν</strong></span> <span class='ocrx_word' id='word_1_388' title='bbox 487 2901 751 2957; x_wconf 60' lang='grc' dir='ltr'>Ἀσκαλωνίτην,</span> <span class='ocrx_word' id='word_1_389' title='bbox 775 2904 873 2957; x_wconf 73' lang='grc' dir='ltr'>φίλον</span> <span class='ocrx_word' id='word_1_390' title='bbox 896 2903 934 2938; x_wconf 77' lang='grc' dir='ltr'><strong>δὲ</strong></span> <span class='ocrx_word' id='word_1_391' title='bbox 955 2905 1012 2938; x_wconf 74' lang='grc' dir='ltr'><strong>καὶ</strong></span> 
     </span>
     <span class='ocr_line' id='line_1_62' title="bbox 262 2945 1010 2996; baseline -0.004 -10.996"><span class='ocrx_word' id='word_1_392' title='bbox 262 2949 454 2996; x_wconf 74' lang='grc' dir='ltr'><strong>συι1βιωτην</strong></span> <span class='ocrx_word' id='word_1_393' title='bbox 482 2948 538 2983; x_wconf 74' lang='grc' dir='ltr'><strong>τὸν</strong></span> <span class='ocrx_word' id='word_1_394' title='bbox 565 2945 710 2991; x_wconf 75' lang='grc' dir='ltr'>αδελφόν</span> <span class='ocrx_word' id='word_1_395' title='bbox 741 2945 843 2981; x_wconf 60' lang='grc' dir='ltr'>αἰτοῦ</span> <span class='ocrx_word' id='word_1_396' title='bbox 876 2960 1010 2991; x_wconf 60' lang='lat' dir='ltr'><strong>:stetiq—</strong></span> 
     </span>
    </p>
   </div>
   <div class='ocr_carea' id='block_1_21' title="bbox 1045 1239 1808 1905">
    <p class='ocr_par' dir='ltr' id='par_1_25' title="bbox 1045 1239 1808 1904">
     <span class='ocr_line' id='line_1_63' title="bbox 1047 1239 1806 1287; baseline -0.005 -10"><span class='ocrx_word' id='word_1_397' title='bbox 1047 1243 1142 1286; x_wconf 76' lang='grc' dir='ltr'>μένος</span> <span class='ocrx_word' id='word_1_398' title='bbox 1164 1239 1203 1276; x_wconf 88' lang='lat' dir='ltr'><strong>&#39;A</strong></span> <span class='ocrx_word' id='word_1_399' title='bbox 1217 1242 1376 1286; x_wconf 68' lang='grc' dir='ltr'>ρίστων</span> <span class='ocrx_word' id='word_1_400' title='bbox 1389 1254 1419 1276; x_wconf 92' lang='grc' dir='ltr'><strong>α.</strong></span> <span class='ocrx_word' id='word_1_401' title='bbox 1467 1242 1533 1274; x_wconf 86' lang='lat' dir='ltr'><strong>Sed</strong></span> <span class='ocrx_word' id='word_1_402' title='bbox 1556 1244 1583 1287; x_wconf 58' lang='grc' dir='ltr'><strong>ᾗ.</strong></span> <span class='ocrx_word' id='word_1_403' title='bbox 1605 1242 1658 1275; x_wconf 81' lang='grc'><strong>22.</strong></span> <span class='ocrx_word' id='word_1_404' title='bbox 1685 1241 1806 1274; x_wconf 82' lang='lat' dir='ltr'><strong>retinui</strong></span> 
     </span>
     <span class='ocr_line' id='line_1_64' title="bbox 1047 1287 1806 1331; baseline -0.001 -11"><span class='ocrx_word' id='word_1_405' title='bbox 1047 1288 1191 1320; x_wconf 86' lang='lat' dir='ltr'><strong>omnium</strong></span> <span class='ocrx_word' id='word_1_406' title='bbox 1214 1288 1310 1320; x_wconf 89' lang='lat' dir='ltr'><strong>codd.</strong></span> <span class='ocrx_word' id='word_1_407' title='bbox 1331 1288 1526 1331; x_wconf 81' lang='lat' dir='ltr'><strong>scripturam</strong></span> <span class='ocrx_word' id='word_1_408' title='bbox 1550 1290 1699 1327; x_wconf 80' lang='lat' dir='ltr'><strong>Aristone,</strong></span> <span class='ocrx_word' id='word_1_409' title='bbox 1731 1287 1806 1330; x_wconf 86' lang='lat' dir='ltr'><strong>quia</strong></span> 
     </span>
     <span class='ocr_line' id='line_1_65' title="bbox 1046 1332 1806 1375; baseline -0.003 -10"><span class='ocrx_word' id='word_1_410' title='bbox 1046 1334 1078 1365; x_wconf 90' lang='lat' dir='ltr'><strong>h.</strong></span> <span class='ocrx_word' id='word_1_411' title='bbox 1102 1333 1123 1366; x_wconf 95' lang='lat' dir='ltr'><strong>l.</strong></span> <span class='ocrx_word' id='word_1_412' title='bbox 1145 1334 1321 1365; x_wconf 84' lang='lat' dir='ltr'><strong>necessitas</strong></span> <span class='ocrx_word' id='word_1_413' title='bbox 1346 1344 1413 1364; x_wconf 88' lang='lat' dir='ltr'><strong>non</strong></span> <span class='ocrx_word' id='word_1_414' title='bbox 1438 1333 1546 1375; x_wconf 79' lang='lat' dir='ltr'><strong>cogit,</strong></span> <span class='ocrx_word' id='word_1_415' title='bbox 1580 1339 1616 1363; x_wconf 91' lang='lat' dir='ltr'><strong>ut</strong></span> <span class='ocrx_word' id='word_1_416' title='bbox 1637 1332 1806 1375; x_wconf 81' lang='lat' dir='ltr'><strong>intelliga-</strong></span> 
     </span>
     <span class='ocr_line' id='line_1_66' title="bbox 1045 1377 1805 1411; baseline -0.001 -2"><span class='ocrx_word' id='word_1_417' title='bbox 1045 1390 1115 1409; x_wconf 86' lang='lat' dir='ltr'><strong>mus</strong></span> <span class='ocrx_word' id='word_1_418' title='bbox 1140 1378 1294 1410; x_wconf 83' lang='lat' dir='ltr'><strong>Antiochi</strong></span> <span class='ocrx_word' id='word_1_419' title='bbox 1325 1378 1472 1411; x_wconf 84' lang='lat' dir='ltr'><strong>sratrem.</strong></span> <span class='ocrx_word' id='word_1_420' title='bbox 1521 1379 1563 1409; x_wconf 83' lang='lat' dir='ltr'><strong>Et</strong></span> <span class='ocrx_word' id='word_1_421' title='bbox 1596 1377 1643 1409; x_wconf 87' lang='lat' dir='ltr'><strong>sic</strong></span> <span class='ocrx_word' id='word_1_422' title='bbox 1677 1377 1805 1408; x_wconf 82' lang='lat' dir='ltr'><strong>facilius</strong></span> 
     </span>
     <span class='ocr_line' id='line_1_67' title="bbox 1046 1422 1805 1465; baseline -0.001 -11"><span class='ocrx_word' id='word_1_423' title='bbox 1046 1423 1185 1465; x_wconf 84' lang='lat' dir='ltr'><strong>intelligi</strong></span> <span class='ocrx_word' id='word_1_424' title='bbox 1218 1430 1347 1465; x_wconf 89' lang='lat' dir='ltr'><strong>potest,</strong></span> <span class='ocrx_word' id='word_1_425' title='bbox 1385 1422 1549 1465; x_wconf 89' lang='lat' dir='ltr'><strong>quomodo</strong></span> <span class='ocrx_word' id='word_1_426' title='bbox 1584 1434 1680 1464; x_wconf 89' lang='lat' dir='ltr'><strong>supra</strong></span> <span class='ocrx_word' id='word_1_427' title='bbox 1705 1425 1805 1454; x_wconf 79' lang='lat' dir='ltr'><strong>Aristo</strong></span> 
     </span>
     <span class='ocr_line' id='line_1_68' title="bbox 1046 1467 1806 1500; baseline -0.004 0"><span class='ocrx_word' id='word_1_428' title='bbox 1046 1468 1079 1499; x_wconf 86' lang='lat' dir='ltr'><strong>in</strong></span> <span class='ocrx_word' id='word_1_429' title='bbox 1103 1471 1241 1500; x_wconf 78' lang='lat' dir='ltr'><strong>Aristone</strong></span> <span class='ocrx_word' id='word_1_430' title='bbox 1263 1479 1281 1499; x_wconf 86' lang='lat' dir='ltr'><strong>a</strong></span> <span class='ocrx_word' id='word_1_431' title='bbox 1303 1467 1441 1499; x_wconf 88' lang='lat' dir='ltr'><strong>librariis</strong></span> <span class='ocrx_word' id='word_1_432' title='bbox 1461 1474 1620 1498; x_wconf 87' lang='lat' dir='ltr'><strong>mutatum</strong></span> <span class='ocrx_word' id='word_1_433' title='bbox 1640 1467 1693 1498; x_wconf 87' lang='lat' dir='ltr'><strong>sit.</strong></span> <span class='ocrx_word' id='word_1_434' title='bbox 1733 1467 1806 1498; x_wconf 93' lang='lat' dir='ltr'><strong>Huc</strong></span> 
     </span>
     <span class='ocr_line' id='line_1_69' title="bbox 1047 1510 1802 1556; baseline -0.001 -12"><span class='ocrx_word' id='word_1_435' title='bbox 1047 1513 1196 1552; x_wconf 87' lang='lat' dir='ltr'><strong>accedit,</strong></span> <span class='ocrx_word' id='word_1_436' title='bbox 1233 1513 1321 1556; x_wconf 92' lang='lat' dir='ltr'><strong>quod</strong></span> <span class='ocrx_word' id='word_1_437' title='bbox 1356 1513 1453 1544; x_wconf 88' lang='lat' dir='ltr'><strong>etiam</strong></span> <span class='ocrx_word' id='word_1_438' title='bbox 1484 1512 1584 1544; x_wconf 84' lang='lat' dir='ltr'><strong>Acad.</strong></span> <span class='ocrx_word' id='word_1_439' title='bbox 1613 1513 1654 1543; x_wconf 90' lang='grc' dir='ltr'><strong>ΙΙ.</strong></span> <span class='ocrx_word' id='word_1_440' title='bbox 1680 1510 1720 1547; x_wconf 69' lang='lat' dir='ltr'><strong>-l,</strong></span> <span class='ocrx_word' id='word_1_441' title='bbox 1752 1512 1802 1543; x_wconf 83' lang='grc'><strong>12.</strong></span> 
     </span>
     <span class='ocr_line' id='line_1_70' title="bbox 1047 1558 1804 1599; baseline -0.004 -9.976"><span class='ocrx_word' id='word_1_442' title='bbox 1047 1558 1172 1590; x_wconf 80' lang='lat' dir='ltr'><strong>Aristus</strong></span> <span class='ocrx_word' id='word_1_443' title='bbox 1206 1565 1239 1589; x_wconf 90' lang='lat' dir='ltr'><strong>et</strong></span> <span class='ocrx_word' id='word_1_444' title='bbox 1264 1558 1374 1589; x_wconf 85' lang='lat' dir='ltr'><strong>Aristo</strong></span> <span class='ocrx_word' id='word_1_445' title='bbox 1407 1558 1651 1589; x_wconf 83' lang='lat' dir='ltr'><strong>consociantur:</strong></span> <span class='ocrx_word' id='word_1_446' title='bbox 1690 1558 1804 1599; x_wconf 87' lang='lat' dir='ltr'><strong>Itaque</strong></span> 
     </span>
     <span class='ocr_line' id='line_1_71' title="bbox 1049 1601 1806 1645; baseline -0.003 -11"><span class='ocrx_word' id='word_1_447' title='bbox 1049 1603 1232 1645; x_wconf 88' lang='lat' dir='ltr'><strong>complures</strong></span> <span class='ocrx_word' id='word_1_448' title='bbox 1255 1602 1340 1641; x_wconf 89' lang='lat' dir='ltr'><strong>dies,</strong></span> <span class='ocrx_word' id='word_1_449' title='bbox 1374 1602 1523 1633; x_wconf 89' lang='lat' dir='ltr'><strong>adhibito</strong></span> <span class='ocrx_word' id='word_1_450' title='bbox 1548 1601 1716 1633; x_wconf 87' lang='lat' dir='ltr'><strong>Heraclito</strong></span> <span class='ocrx_word' id='word_1_451' title='bbox 1740 1602 1806 1633; x_wconf 86' lang='lat' dir='ltr'><strong>do·-</strong></span> 
     </span>
     <span class='ocr_line' id='line_1_72' title="bbox 1048 1646 1807 1690; baseline -0.003 -11"><span class='ocrx_word' id='word_1_452' title='bbox 1048 1648 1172 1690; x_wconf 88' lang='lat' dir='ltr'><strong>ctisque</strong></span> <span class='ocrx_word' id='word_1_453' title='bbox 1205 1647 1426 1690; x_wconf 89' lang='lat' dir='ltr'><strong>compluribus</strong></span> <span class='ocrx_word' id='word_1_454' title='bbox 1460 1654 1493 1678; x_wconf 89' lang='lat' dir='ltr'><strong>et</strong></span> <span class='ocrx_word' id='word_1_455' title='bbox 1524 1647 1556 1678; x_wconf 89' lang='lat' dir='ltr'><strong>in</strong></span> <span class='ocrx_word' id='word_1_456' title='bbox 1589 1646 1628 1677; x_wconf 88' lang='lat' dir='ltr'><strong>iis</strong></span> <span class='ocrx_word' id='word_1_457' title='bbox 1653 1646 1807 1678; x_wconf 76' lang='lat' dir='ltr'><strong>Antiochi</strong></span> 
     </span>
     <span class='ocr_line' id='line_1_73' title="bbox 1047 1693 1808 1734; baseline -0.003 -10"><span class='ocrx_word' id='word_1_458' title='bbox 1047 1693 1174 1731; x_wconf 83' lang='lat' dir='ltr'><strong>fratre,</strong></span> <span class='ocrx_word' id='word_1_459' title='bbox 1211 1695 1310 1724; x_wconf 74' lang='lat' dir='ltr'><strong>Aristo</strong></span> <span class='ocrx_word' id='word_1_460' title='bbox 1343 1699 1377 1723; x_wconf 87' lang='lat' dir='ltr'><strong>et</strong></span> <span class='ocrx_word' id='word_1_461' title='bbox 1410 1699 1580 1734; x_wconf 82' lang='lat' dir='ltr'><strong>praeterea</strong></span> <span class='ocrx_word' id='word_1_462' title='bbox 1603 1695 1740 1724; x_wconf 78' lang='lat' dir='ltr'><strong>Aristone</strong></span> <span class='ocrx_word' id='word_1_463' title='bbox 1773 1697 1808 1723; x_wconf 89' lang='lat' dir='ltr'><strong>et</strong></span> 
     </span>
     <span class='ocr_line' id='line_1_74' title="bbox 1050 1737 1807 1780; baseline -0.001 -12"><span class='ocrx_word' id='word_1_464' title='bbox 1050 1737 1175 1776; x_wconf 89' lang='lat' dir='ltr'><strong>Dione,</strong></span> <span class='ocrx_word' id='word_1_465' title='bbox 1221 1737 1335 1780; x_wconf 88' lang='lat' dir='ltr'><strong>quibus</strong></span> <span class='ocrx_word' id='word_1_466' title='bbox 1369 1737 1425 1768; x_wconf 91' lang='lat' dir='ltr'><strong>ille</strong></span> <span class='ocrx_word' id='word_1_467' title='bbox 1458 1737 1637 1769; x_wconf 88' lang='lat' dir='ltr'><strong>secundum</strong></span> <span class='ocrx_word' id='word_1_468' title='bbox 1670 1738 1807 1768; x_wconf 84' lang='lat' dir='ltr'><strong>fratrem</strong></span> 
     </span>
     <span class='ocr_line' id='line_1_75' title="bbox 1047 1782 1807 1826; baseline 0 -13"><span class='ocrx_word' id='word_1_469' title='bbox 1047 1782 1222 1826; x_wconf 88' lang='lat' dir='ltr'><strong>plurimum</strong></span> <span class='ocrx_word' id='word_1_470' title='bbox 1244 1782 1428 1820; x_wconf 82' lang='lat' dir='ltr'><strong>tribuebat,</strong></span> <span class='ocrx_word' id='word_1_471' title='bbox 1455 1785 1586 1814; x_wconf 76' lang='lat' dir='ltr'><strong>mullum</strong></span> <span class='ocrx_word' id='word_1_472' title='bbox 1609 1785 1753 1822; x_wconf 83' lang='lat' dir='ltr'><strong>temporis</strong></span> <span class='ocrx_word' id='word_1_473' title='bbox 1775 1784 1807 1814; x_wconf 82' lang='lat' dir='ltr'><strong>in</strong></span> 
     </span>
     <span class='ocr_line' id='line_1_76' title="bbox 1047 1829 1806 1868; baseline -0.001 -9"><span class='ocrx_word' id='word_1_474' title='bbox 1047 1832 1106 1859; x_wconf 84' lang='lat' dir='ltr'><strong>ista</strong></span> <span class='ocrx_word' id='word_1_475' title='bbox 1129 1838 1193 1860; x_wconf 79' lang='lat' dir='ltr'><strong>una</strong></span> <span class='ocrx_word' id='word_1_476' title='bbox 1217 1829 1423 1868; x_wconf 79' lang='lat' dir='ltr'><strong>disputatione</strong></span> <span class='ocrx_word' id='word_1_477' title='bbox 1450 1830 1703 1867; x_wconf 85' lang='lat' dir='ltr'><strong>consumpsimus.</strong></span> <span class='ocrx_word' id='word_1_478' title='bbox 1751 1829 1806 1858; x_wconf 88' lang='lat' dir='ltr'><strong>Or.</strong></span> 
     </span>
     <span class='ocr_line' id='line_1_77' title="bbox 1048 1872 1549 1905; baseline 0 -1"><span class='ocrx_word' id='word_1_479' title='bbox 1048 1872 1148 1904; x_wconf 90' lang='lat' dir='ltr'><strong>etiam</strong></span> <span class='ocrx_word' id='word_1_480' title='bbox 1171 1873 1204 1904; x_wconf 92' lang='lat' dir='ltr'><strong>h</strong></span> <span class='ocrx_word' id='word_1_481' title='bbox 1226 1872 1246 1905; x_wconf 94' lang='lat' dir='ltr'><strong>l.</strong></span> <span class='ocrx_word' id='word_1_482' title='bbox 1273 1873 1415 1904; x_wconf 68' lang='lat' dir='ltr'><strong>correxit</strong></span> <span class='ocrx_word' id='word_1_483' title='bbox 1438 1875 1549 1904; x_wconf 81' lang='lat' dir='ltr'><strong>Aristo.</strong></span> 
     </span>
    </p>
   </div>
   <div class='ocr_carea' id='block_1_22' title="bbox 1052 1927 1806 2016">
    <p class='ocr_par' dir='ltr' id='par_1_26' title="bbox 1052 1927 1806 2016">
     <span class='ocr_line' id='line_1_78' title="bbox 1118 1927 1806 1972; baseline 0 -12"><span class='ocrx_word' id='word_1_484' title='bbox 1118 1930 1145 1972; x_wconf 65' lang='grc' dir='ltr'><strong>ξ.</strong></span> <span class='ocrx_word' id='word_1_485' title='bbox 1169 1929 1222 1960; x_wconf 74' lang='lat'><strong>2’.</strong></span> <span class='ocrx_word' id='word_1_486' title='bbox 1252 1931 1375 1960; x_wconf 76' lang='lat' dir='ltr'><strong>Athenis</strong></span> <span class='ocrx_word' id='word_1_487' title='bbox 1396 1927 1577 1971; x_wconf 76' lang='lat' dir='ltr'><strong>imperator]</strong></span> <span class='ocrx_word' id='word_1_488' title='bbox 1602 1931 1640 1960; x_wconf 92' lang='lat' dir='ltr'><strong>A.</strong></span> <span class='ocrx_word' id='word_1_489' title='bbox 1664 1929 1705 1960; x_wconf 91' lang='lat' dir='ltr'><strong>U.</strong></span> <span class='ocrx_word' id='word_1_490' title='bbox 1730 1927 1806 1961; x_wconf 79' lang='grc'>’703-</span> 
     </span>
     <span class='ocr_line' id='line_1_79' title="bbox 1052 1973 1635 2016; baseline -0.003 -10"><span class='ocrx_word' id='word_1_491' title='bbox 1052 1974 1103 2016; x_wconf 79' lang='lat'><strong>(51</strong></span> <span class='ocrx_word' id='word_1_492' title='bbox 1131 1986 1160 2005; x_wconf 90' lang='lat' dir='ltr'><strong>a.</strong></span> <span class='ocrx_word' id='word_1_493' title='bbox 1183 1974 1272 2013; x_wconf 60' lang='lat' dir='ltr'><strong>Chr.)</strong></span> <span class='ocrx_word' id='word_1_494' title='bbox 1299 1986 1315 2005; x_wconf 89' lang='lat' dir='ltr'><strong>e</strong></span> <span class='ocrx_word' id='word_1_495' title='bbox 1343 1973 1454 2005; x_wconf 90' lang='lat' dir='ltr'><strong>Cilicia</strong></span> <span class='ocrx_word' id='word_1_496' title='bbox 1477 1985 1635 2004; x_wconf 79' lang='lat' dir='ltr'><strong>reversus.</strong></span> 
     </span>
    </p>
   </div>
   <div class='ocr_carea' id='block_1_23' title="bbox 1048 2029 1808 2385">
    <p class='ocr_par' dir='ltr' id='par_1_27' title="bbox 1048 2029 1808 2385">
     <span class='ocr_line' id='line_1_80' title="bbox 1116 2029 1806 2072; baseline -0.001 -11"><span class='ocrx_word' id='word_1_497' title='bbox 1116 2032 1149 2061; x_wconf 83' lang='lat' dir='ltr'><strong>in</strong></span> <span class='ocrx_word' id='word_1_498' title='bbox 1166 2032 1273 2072; x_wconf 79' lang='lat' dir='ltr'><strong>mulis]</strong></span> <span class='ocrx_word' id='word_1_499' title='bbox 1296 2030 1397 2062; x_wconf 90' lang='lat' dir='ltr'><strong>Stoici</strong></span> <span class='ocrx_word' id='word_1_500' title='bbox 1419 2029 1582 2068; x_wconf 85' lang='lat' dir='ltr'><strong>dicebant,</strong></span> <span class='ocrx_word' id='word_1_501' title='bbox 1605 2029 1706 2060; x_wconf 85' lang='lat' dir='ltr'><strong>vitam</strong></span> <span class='ocrx_word' id='word_1_502' title='bbox 1725 2029 1806 2060; x_wconf 87' lang='lat' dir='ltr'><strong>bea—</strong></span> 
     </span>
     <span class='ocr_line' id='line_1_81' title="bbox 1048 2074 1808 2112; baseline 0.001 -8"><span class='ocrx_word' id='word_1_503' title='bbox 1048 2081 1116 2105; x_wconf 84' lang='lat' dir='ltr'><strong>tam</strong></span> <span class='ocrx_word' id='word_1_504' title='bbox 1139 2086 1200 2105; x_wconf 86' lang='lat' dir='ltr'><strong>una</strong></span> <span class='ocrx_word' id='word_1_505' title='bbox 1226 2075 1340 2106; x_wconf 80' lang='lat' dir='ltr'><strong>confici</strong></span> <span class='ocrx_word' id='word_1_506' title='bbox 1365 2075 1506 2112; x_wconf 76' lang='lat' dir='ltr'><strong>virtute3</strong></span> <span class='ocrx_word' id='word_1_507' title='bbox 1532 2074 1612 2106; x_wconf 92' lang='lat' dir='ltr'><strong>nihil</strong></span> <span class='ocrx_word' id='word_1_508' title='bbox 1636 2075 1721 2105; x_wconf 89' lang='lat' dir='ltr'><strong>enim</strong></span> <span class='ocrx_word' id='word_1_509' title='bbox 1742 2074 1808 2105; x_wconf 91' lang='lat' dir='ltr'><strong>bo-</strong></span> 
     </span>
     <span class='ocr_line' id='line_1_82' title="bbox 1049 2119 1807 2162; baseline 0.001 -13"><span class='ocrx_word' id='word_1_510' title='bbox 1049 2131 1125 2149; x_wconf 90' lang='lat' dir='ltr'><strong>num</strong></span> <span class='ocrx_word' id='word_1_511' title='bbox 1151 2130 1240 2157; x_wconf 87' lang='lat' dir='ltr'><strong>esse,</strong></span> <span class='ocrx_word' id='word_1_512' title='bbox 1266 2120 1327 2150; x_wconf 87' lang='lat' dir='ltr'><strong>nisi</strong></span> <span class='ocrx_word' id='word_1_513' title='bbox 1352 2119 1526 2157; x_wconf 71' lang='lat' dir='ltr'><strong>xirtutem,</strong></span> <span class='ocrx_word' id='word_1_514' title='bbox 1552 2131 1614 2151; x_wconf 87' lang='lat' dir='ltr'><strong>nec</strong></span> <span class='ocrx_word' id='word_1_515' title='bbox 1635 2119 1807 2162; x_wconf 74' lang='lat' dir='ltr'><strong>quicquam</strong></span> 
     </span>
     <span class='ocr_line' id='line_1_83' title="bbox 1048 2145 1807 2206; baseline 0.003 -13"><span class='ocrx_word' id='word_1_516' title='bbox 1048 2163 1168 2194; x_wconf 82' lang='lat' dir='ltr'><strong>malum</strong></span> <span class='ocrx_word' id='word_1_517' title='bbox 1190 2145 1270 2200; x_wconf 61' lang='lat' dir='ltr'><strong>esse,</strong></span> <span class='ocrx_word' id='word_1_518' title='bbox 1294 2164 1356 2194; x_wconf 82' lang='lat' dir='ltr'><strong>nisi</strong></span> <span class='ocrx_word' id='word_1_519' title='bbox 1375 2164 1621 2206; x_wconf 85' lang='lat' dir='ltr'><strong>turpitudinem.</strong></span> <span class='ocrx_word' id='word_1_520' title='bbox 1671 2164 1807 2206; x_wconf 86' lang='lat' dir='ltr'><strong>Peripa—</strong></span> 
     </span>
     <span class='ocr_line' id='line_1_84' title="bbox 1048 2208 1807 2258; baseline 0.001 -20"><span class='ocrx_word' id='word_1_521' title='bbox 1048 2208 1139 2238; x_wconf 86' lang='lat' dir='ltr'><strong>tetici</strong></span> <span class='ocrx_word' id='word_1_522' title='bbox 1159 2215 1265 2238; x_wconf 80' lang='lat' dir='ltr'><strong>autem</strong></span> <span class='ocrx_word' id='word_1_523' title='bbox 1286 2216 1415 2250; x_wconf 81' lang='lat' dir='ltr'><strong>praeter</strong></span> <span class='ocrx_word' id='word_1_524' title='bbox 1436 2208 1586 2239; x_wconf 73' lang='lat' dir='ltr'><strong>xirtutem</strong></span> <span class='ocrx_word' id='word_1_525' title='bbox 1609 2216 1642 2240; x_wconf 89' lang='lat' dir='ltr'><strong>et</strong></span> <span class='ocrx_word' id='word_1_526' title='bbox 1660 2209 1807 2258; x_wconf 84' lang='lat' dir='ltr'><strong>turpitu-</strong></span> 
     </span>
     <span class='ocr_line' id='line_1_85' title="bbox 1049 2252 1806 2295; baseline 0.003 -13"><span class='ocrx_word' id='word_1_527' title='bbox 1049 2252 1158 2283; x_wconf 84' lang='lat' dir='ltr'><strong>dinem</strong></span> <span class='ocrx_word' id='word_1_528' title='bbox 1192 2253 1290 2283; x_wconf 81' lang='lat' dir='ltr'><strong>etiam</strong></span> <span class='ocrx_word' id='word_1_529' title='bbox 1320 2253 1406 2283; x_wconf 79' lang='lat' dir='ltr'><strong>bonu</strong></span> <span class='ocrx_word' id='word_1_530' title='bbox 1435 2260 1467 2283; x_wconf 77' lang='lat' dir='ltr'><strong>et</strong></span> <span class='ocrx_word' id='word_1_531' title='bbox 1491 2253 1574 2284; x_wconf 77' lang='lat' dir='ltr'><strong>mula</strong></span> <span class='ocrx_word' id='word_1_532' title='bbox 1601 2253 1746 2295; x_wconf 88' lang='lat' dir='ltr'><strong>corp01is</strong></span> <span class='ocrx_word' id='word_1_533' title='bbox 1773 2260 1806 2284; x_wconf 88' lang='lat' dir='ltr'><strong>et</strong></span> 
     </span>
     <span class='ocr_line' id='line_1_86' title="bbox 1049 2297 1807 2330; baseline 0.001 -2"><span class='ocrx_word' id='word_1_534' title='bbox 1049 2297 1202 2328; x_wconf 83' lang='lat' dir='ltr'><strong>fortunae</strong></span> <span class='ocrx_word' id='word_1_535' title='bbox 1226 2310 1295 2328; x_wconf 86' lang='lat' dir='ltr'><strong>esse</strong></span> <span class='ocrx_word' id='word_1_536' title='bbox 1320 2298 1516 2330; x_wconf 73' lang='lat' dir='ltr'><strong>sentiebant.</strong></span> <span class='ocrx_word' id='word_1_537' title='bbox 1566 2298 1615 2330; x_wconf 84' lang='lat' dir='ltr'><strong>Cf.</strong></span> <span class='ocrx_word' id='word_1_538' title='bbox 1640 2299 1742 2329; x_wconf 86' lang='lat' dir='ltr'><strong>Cicer.</strong></span> <span class='ocrx_word' id='word_1_539' title='bbox 1765 2298 1807 2329; x_wconf 87' lang='lat' dir='ltr'><strong>de</strong></span> 
     </span>
     <span class='ocr_line' id='line_1_87' title="bbox 1048 2342 1478 2385; baseline 0.002 -12"><span class='ocrx_word' id='word_1_540' title='bbox 1048 2342 1153 2373; x_wconf 83' lang='lat' dir='ltr'><strong>Finib.</strong></span> <span class='ocrx_word' id='word_1_541' title='bbox 1178 2342 1293 2373; x_wconf 87' lang='lat' dir='ltr'><strong>librum</strong></span> <span class='ocrx_word' id='word_1_542' title='bbox 1319 2342 1478 2385; x_wconf 85' lang='lat' dir='ltr'><strong>quintum.</strong></span> 
     </span>
    </p>
   </div>
   <div class='ocr_carea' id='block_1_24' title="bbox 1046 2399 1805 2991">
    <p class='ocr_par' dir='ltr' id='par_1_28' title="bbox 1048 2399 1805 2889">
     <span class='ocr_line' id='line_1_88' title="bbox 1115 2399 1805 2441; baseline 0 -12"><span class='ocrx_word' id='word_1_543' title='bbox 1115 2401 1283 2438; x_wconf 78' lang='lat' dir='ltr'><strong>sapientem</strong></span> <span class='ocrx_word' id='word_1_544' title='bbox 1306 2409 1368 2430; x_wconf 86' lang='lat' dir='ltr'><strong>esse</strong></span> <span class='ocrx_word' id='word_1_545' title='bbox 1389 2400 1491 2441; x_wconf 80' lang='lat' dir='ltr'><strong>posse]</strong></span> <span class='ocrx_word' id='word_1_546' title='bbox 1529 2399 1805 2441; x_wconf 77' lang='lat' dir='ltr'><strong>Exspectabatur:</strong></span> 
     </span>
     <span class='ocr_line' id='line_1_89' title="bbox 1049 2444 1804 2484; baseline 0 -10"><span class='ocrx_word' id='word_1_547' title='bbox 1049 2446 1172 2484; x_wconf 80' lang='lat' dir='ltr'><strong>sapiens</strong></span> <span class='ocrx_word' id='word_1_548' title='bbox 1195 2454 1257 2475; x_wconf 87' lang='lat' dir='ltr'><strong>esse</strong></span> <span class='ocrx_word' id='word_1_549' title='bbox 1283 2454 1394 2484; x_wconf 78' lang='lat' dir='ltr'><strong>posse,-</strong></span> <span class='ocrx_word' id='word_1_550' title='bbox 1430 2451 1463 2475; x_wconf 82' lang='lat' dir='ltr'><strong>at</strong></span> <span class='ocrx_word' id='word_1_551' title='bbox 1493 2444 1535 2475; x_wconf 87' lang='lat' dir='ltr'><strong>cf.</strong></span> <span class='ocrx_word' id='word_1_552' title='bbox 1567 2444 1608 2475; x_wconf 82' lang='lat' dir='ltr'><strong>ad</strong></span> <span class='ocrx_word' id='word_1_553' title='bbox 1634 2456 1660 2475; x_wconf 89' lang='lat' dir='ltr'><strong>c.</strong></span> <span class='ocrx_word' id='word_1_554' title='bbox 1686 2445 1726 2481; x_wconf 77' lang='grc' dir='ltr'><strong>Ξ),</strong></span> <span class='ocrx_word' id='word_1_555' title='bbox 1755 2444 1804 2476; x_wconf 83' lang='grc'><strong>12.</strong></span> 
     </span>
     <span class='ocr_line' id='line_1_90' title="bbox 1051 2488 1804 2520; baseline -0.001 -1"><span class='ocrx_word' id='word_1_556' title='bbox 1051 2488 1252 2519; x_wconf 78' lang='lat' dir='ltr'><strong>Nominutivi</strong></span> <span class='ocrx_word' id='word_1_557' title='bbox 1284 2501 1309 2520; x_wconf 88' lang='lat' dir='ltr'><strong>c.</strong></span> <span class='ocrx_word' id='word_1_558' title='bbox 1345 2489 1402 2519; x_wconf 82' lang='lat' dir='ltr'><strong>inf.</strong></span> <span class='ocrx_word' id='word_1_559' title='bbox 1434 2496 1616 2520; x_wconf 76' lang='lat' dir='ltr'><strong>structurae</strong></span> <span class='ocrx_word' id='word_1_560' title='bbox 1651 2488 1804 2520; x_wconf 86' lang='lat' dir='ltr'><strong>transitus</strong></span> 
     </span>
     <span class='ocr_line' id='line_1_91' title="bbox 1049 2533 1805 2575; baseline -0.001 -11"><span class='ocrx_word' id='word_1_561' title='bbox 1049 2533 1082 2564; x_wconf 86' lang='lat' dir='ltr'><strong>in</strong></span> <span class='ocrx_word' id='word_1_562' title='bbox 1103 2533 1279 2565; x_wconf 75' lang='lat' dir='ltr'><strong>accusativi</strong></span> <span class='ocrx_word' id='word_1_563' title='bbox 1302 2546 1329 2565; x_wconf 92' lang='lat' dir='ltr'><strong>c.</strong></span> <span class='ocrx_word' id='word_1_564' title='bbox 1344 2533 1405 2565; x_wconf 83' lang='lat' dir='ltr'><strong>inf.</strong></span> <span class='ocrx_word' id='word_1_565' title='bbox 1427 2541 1621 2565; x_wconf 87' lang='lat' dir='ltr'><strong>structuram</strong></span> <span class='ocrx_word' id='word_1_566' title='bbox 1641 2533 1805 2575; x_wconf 75' lang='lat' dir='ltr'><strong>legitimus</strong></span> 
     </span>
     <span class='ocr_line' id='line_1_92' title="bbox 1050 2578 1805 2620; baseline -0.001 -11"><span class='ocrx_word' id='word_1_567' title='bbox 1050 2585 1109 2615; x_wconf 77' lang='lat' dir='ltr'><strong>est,</strong></span> <span class='ocrx_word' id='word_1_568' title='bbox 1135 2578 1188 2610; x_wconf 92' lang='lat' dir='ltr'><strong>ubi</strong></span> <span class='ocrx_word' id='word_1_569' title='bbox 1210 2585 1287 2620; x_wconf 93' lang='lat' dir='ltr'><strong>post</strong></span> <span class='ocrx_word' id='word_1_570' title='bbox 1306 2581 1391 2610; x_wconf 85' lang='lat' dir='ltr'><strong>dicor</strong></span> <span class='ocrx_word' id='word_1_571' title='bbox 1411 2578 1513 2610; x_wconf 83' lang='lat' dir='ltr'><strong>altera</strong></span> <span class='ocrx_word' id='word_1_572' title='bbox 1532 2578 1677 2620; x_wconf 87' lang='lat' dir='ltr'><strong>sequitur</strong></span> <span class='ocrx_word' id='word_1_573' title='bbox 1699 2589 1805 2609; x_wconf 84' lang='lat' dir='ltr'><strong>enun-</strong></span> 
     </span>
     <span class='ocr_line' id='line_1_93' title="bbox 1050 2623 1802 2662; baseline 0 -8"><span class='ocrx_word' id='word_1_574' title='bbox 1050 2624 1156 2655; x_wconf 84' lang='lat' dir='ltr'><strong>tiatio.</strong></span> <span class='ocrx_word' id='word_1_575' title='bbox 1193 2624 1232 2654; x_wconf 89' lang='lat' dir='ltr'><strong>V.</strong></span> <span class='ocrx_word' id='word_1_576' title='bbox 1256 2635 1314 2654; x_wconf 89' lang='lat' dir='ltr'><strong>nos</strong></span> <span class='ocrx_word' id='word_1_577' title='bbox 1335 2623 1367 2653; x_wconf 92' lang='lat' dir='ltr'><strong>in</strong></span> <span class='ocrx_word' id='word_1_578' title='bbox 1393 2623 1448 2654; x_wconf 90' lang='lat' dir='ltr'><strong>Gr.</strong></span> <span class='ocrx_word' id='word_1_579' title='bbox 1473 2624 1510 2654; x_wconf 90' lang='lat' dir='ltr'><strong>L.</strong></span> <span class='ocrx_word' id='word_1_580' title='bbox 1533 2625 1560 2662; x_wconf 58' lang='grc' dir='ltr'><strong>ᾷ.</strong></span> <span class='ocrx_word' id='word_1_581' title='bbox 1581 2624 1652 2654; x_wconf 59' lang='grc' dir='ltr'><strong>ΝΕ).</strong></span> <span class='ocrx_word' id='word_1_582' title='bbox 1677 2623 1802 2654; x_wconf 60' lang='lat' dir='ltr'><strong>Nom.</strong></span> 
     </span>
     <span class='ocr_line' id='line_1_94' title="bbox 1049 2667 1804 2711; baseline -0.001 -11.991"><span class='ocrx_word' id='word_1_583' title='bbox 1049 2668 1145 2711; x_wconf 83' lang='lat' dir='ltr'><strong>Apud</strong></span> <span class='ocrx_word' id='word_1_584' title='bbox 1171 2669 1314 2699; x_wconf 78' lang='lat' dir='ltr'><strong>Graecos</strong></span> <span class='ocrx_word' id='word_1_585' title='bbox 1337 2667 1511 2709; x_wconf 78' lang='lat' dir='ltr'><strong>seiiptores</strong></span> <span class='ocrx_word' id='word_1_586' title='bbox 1536 2668 1597 2698; x_wconf 90' lang='lat' dir='ltr'><strong>hac</strong></span> <span class='ocrx_word' id='word_1_587' title='bbox 1621 2674 1804 2698; x_wconf 79' lang='lat' dir='ltr'><strong>stiuctuiae</strong></span> 
     </span>
     <span class='ocr_line' id='line_1_95' title="bbox 1048 2712 1802 2766; baseline -0.001 -22"><span class='ocrx_word' id='word_1_588' title='bbox 1048 2713 1290 2755; x_wconf 81' lang='lat' dir='ltr'><strong>pe1mutatione</strong></span> <span class='ocrx_word' id='word_1_589' title='bbox 1313 2712 1391 2743; x_wconf 87' lang='lat' dir='ltr'><strong>nihil</strong></span> <span class='ocrx_word' id='word_1_590' title='bbox 1415 2712 1626 2766; x_wconf 79' lang='lat' dir='ltr'><strong>siequentius.</strong></span> <span class='ocrx_word' id='word_1_591' title='bbox 1675 2712 1802 2744; x_wconf 81' lang='lat' dir='ltr'><strong>Platon.</strong></span> 
     </span>
     <span class='ocr_line' id='line_1_96' title="bbox 1049 2753 1801 2800; baseline 0.001 -11"><span class='ocrx_word' id='word_1_592' title='bbox 1049 2758 1177 2789; x_wconf 84' lang='lat' dir='ltr'><strong>Charm.</strong></span> <span class='ocrx_word' id='word_1_593' title='bbox 1213 2758 1332 2800; x_wconf 85' lang='lat' dir='ltr'><strong>princ.:</strong></span> <span class='ocrx_word' id='word_1_594' title='bbox 1378 2757 1434 2789; x_wconf 74' lang='grc' dir='ltr'><strong>καὶ</strong></span> <span class='ocrx_word' id='word_1_595' title='bbox 1467 2755 1533 2798; x_wconf 55' lang='grc' dir='ltr'><strong>μήθ</strong></span> <span class='ocrx_word' id='word_1_596' title='bbox 1568 2753 1655 2798; x_wconf 65' lang='grc' dir='ltr'><em>η’[κε</em></span> <span class='ocrx_word' id='word_1_597' title='bbox 1658 2758 1693 2789; x_wconf 78' lang='grc' dir='ltr'><strong>λτ</strong></span> <span class='ocrx_word' id='word_1_598' title='bbox 1696 2757 1731 2790; x_wconf 68' lang='grc' dir='ltr'><strong>αἱ</strong></span> <span class='ocrx_word' id='word_1_599' title='bbox 1762 2768 1801 2799; x_wconf 86' lang='grc' dir='ltr'><strong>γε</strong></span> 
     </span>
     <span class='ocr_line' id='line_1_97' title="bbox 1048 2800 1801 2852; baseline 0.003 -20.003"><span class='ocrx_word' id='word_1_600' title='bbox 1048 2801 1140 2846; x_wconf 67' lang='grc' dir='ltr'><strong>μάχη</strong></span> <span class='ocrx_word' id='word_1_601' title='bbox 1167 2801 1284 2846; x_wconf 75' lang='grc' dir='ltr'>ἰσχυρὰ</span> <span class='ocrx_word' id='word_1_602' title='bbox 1318 2801 1483 2852; x_wconf 45' lang='grc' dir='ltr'><strong>,.ε,ὀαέια.</strong></span> <span class='ocrx_word' id='word_1_603' title='bbox 1507 2801 1564 2834; x_wconf 75' lang='grc' dir='ltr'><strong>καὶ</strong></span> <span class='ocrx_word' id='word_1_604' title='bbox 1588 2800 1725 2839; x_wconf 72' lang='grc' dir='ltr'>ποὶλούς</span> <span class='ocrx_word' id='word_1_605' title='bbox 1748 2813 1801 2834; x_wconf 83' lang='grc' dir='ltr'><strong>τε-</strong></span> 
     </span>
     <span class='ocr_line' id='line_1_98' title="bbox 1047 2845 1799 2889; baseline -0.008 -8.992"><span class='ocrx_word' id='word_1_606' title='bbox 1047 2847 1171 2882; x_wconf 67' lang='grc' dir='ltr'><strong>ῒῑνάναι.</strong></span> <span class='ocrx_word' id='word_1_607' title='bbox 1207 2849 1244 2879; x_wconf 88' lang='lat' dir='ltr'><strong>V.</strong></span> <span class='ocrx_word' id='word_1_608' title='bbox 1261 2847 1364 2879; x_wconf 89' lang='lat' dir='ltr'><strong>nosin</strong></span> <span class='ocrx_word' id='word_1_609' title='bbox 1381 2846 1436 2877; x_wconf 90' lang='lat' dir='ltr'><strong>Gr.</strong></span> <span class='ocrx_word' id='word_1_610' title='bbox 1453 2846 1508 2877; x_wconf 90' lang='lat' dir='ltr'><strong>Gr.</strong></span> <span class='ocrx_word' id='word_1_611' title='bbox 1523 2848 1562 2880; x_wconf 88' lang='lat' dir='ltr'><strong>T.</strong></span> <span class='ocrx_word' id='word_1_612' title='bbox 1579 2848 1616 2877; x_wconf 82' lang='grc' dir='ltr'><strong>ΙΙ.</strong></span> <span class='ocrx_word' id='word_1_613' title='bbox 1643 2848 1670 2889; x_wconf 58' lang='grc' dir='ltr'><strong>ξ.</strong></span> <span class='ocrx_word' id='word_1_614' title='bbox 1681 2845 1757 2879; x_wconf 83' lang='lat'><strong>649.</strong></span> <span class='ocrx_word' id='word_1_615' title='bbox 1769 2857 1799 2878; x_wconf 79' lang='lat' dir='ltr'><strong>a.</strong></span> 
     </span>
    </p>

    <p class='ocr_par' dir='ltr' id='par_1_29' title="bbox 1046 2901 1802 2991">
     <span class='ocr_line' id='line_1_99' title="bbox 1111 2901 1802 2944; baseline -0.004 -8"><span class='ocrx_word' id='word_1_616' title='bbox 1111 2905 1308 2944; x_wconf 69' lang='lat' dir='ltr'><strong>scriptitavit]</strong></span> <span class='ocrx_word' id='word_1_617' title='bbox 1332 2902 1384 2934; x_wconf 89' lang='lat' dir='ltr'><strong>Sic</strong></span> <span class='ocrx_word' id='word_1_618' title='bbox 1397 2913 1458 2943; x_wconf 94' lang='lat' dir='ltr'><strong>pro</strong></span> <span class='ocrx_word' id='word_1_619' title='bbox 1471 2902 1556 2944; x_wconf 83' lang='lat' dir='ltr'><strong>vulg.</strong></span> <span class='ocrx_word' id='word_1_620' title='bbox 1571 2905 1694 2942; x_wconf 75' lang='lat' dir='ltr'><strong>scripsit</strong></span> <span class='ocrx_word' id='word_1_621' title='bbox 1713 2901 1802 2933; x_wconf 87' lang='lat' dir='ltr'><strong>edidi</strong></span> 
     </span>
     <span class='ocr_line' id='line_1_100' title="bbox 1046 2947 1798 2991; baseline 0 -13"><span class='ocrx_word' id='word_1_622' title='bbox 1046 2961 1083 2979; x_wconf 76' lang='lat' dir='ltr'><strong>ex</strong></span> <span class='ocrx_word' id='word_1_623' title='bbox 1108 2949 1230 2991; x_wconf 86' lang='lat' dir='ltr'><strong>optima</strong></span> <span class='ocrx_word' id='word_1_624' title='bbox 1244 2950 1357 2980; x_wconf 74' lang='lat' dir='ltr'><strong>Klotzii</strong></span> <span class='ocrx_word' id='word_1_625' title='bbox 1377 2947 1615 2985; x_wconf 76' lang='lat' dir='ltr'><strong>emendatione,</strong></span> <span class='ocrx_word' id='word_1_626' title='bbox 1640 2947 1680 2978; x_wconf 76' lang='lat' dir='ltr'><strong>ad</strong></span> <span class='ocrx_word' id='word_1_627' title='bbox 1703 2958 1798 2989; x_wconf 88' lang='lat' dir='ltr'><strong>quam</strong></span> 
     </span>
    </p>
   </div>
  </div>
 </body>
</html>
