1832 3137
650 61 992 94 PRoLEGOMENA.
1549 54 1600 94 15

37 158 125 183 rum
147 149 238 195 post
256 148 421 179 mortem
440 147 587 190 status,
616 142 654 179 id
676 149 805 179 autem
825 144 982 180 ratione
1001 142 1229 181 discendum
1247 150 1320 182 est:
1348 145 1460 181 cuius
1480 144 1596 195 igno-

36 213 141 250 ratio
174 224 293 249 vanas
321 216 360 246 et
392 210 581 248 ridiculas
611 210 793 246 de‘statu
824 210 1043 248 inferorum
1075 212 1282 262 opiniones
1314 211 1446 249 finxit.
1477 215 1599 250 e.16.

37 280 307 328 Antiquorum
330 277 662 328 philosophorum
686 277 902 314 sententiae
924 286 1191 316 recensentur.
1220 293 1251 317 c.
1274 284 1341 318 17.
1364 283 1429 318 18.
1487 279 1597 317 Cice-

35 348 146 384 ronis
170 346 365 383 sententia
392 345 487 382 haec
513 351 586 382 est:
630 344 813 391 Animus,
852 357 971 393 quum
1000 359 1019 382 e
1045 360 1216 398 corpore
1244 348 1476 395 excesserit,
1506 348 1599 398 quia

39 422 182 452 natura
212 414 296 450 eius
327 413 528 464 spirabilis
553 411 613 450 vel
636 411 747 461 ignea
769 417 845 459 est,
883 412 931 448 ad
958 414 1204 463 superiorem
1230 416 1425 465 regionem
1452 416 1600 465 evadit,

38 495 137 532 quae
163 488 344 518 naturam
371 480 489 517 habet
517 479 635 516 animi
664 485 831 515 naturae
858 478 1038 516 similem:
1078 495 1194 530 quam
1223 495 1343 532 quum
1371 483 1536 533 contigit
1562 490 1600 519 et

0 558 3 562 ’
38 550 221 600 agnovit,
254 548 398 586 iunctis
425 562 472 584 ex
494 547 619 584 anima
650 546 758 583 tenui
783 552 821 582 et
844 559 892 583 ex
921 547 1065 584 ardore
1088 548 1179 584 solis
1207 555 1424 600 temperato
1443 550 1599 601 ignibus

37 618 187 655 insistit
213 624 249 654 et
269 616 383 653 finem
409 615 525 651 altius
548 627 586 651 se
611 613 801 651 efferendi
830 613 922 650 facit
948 614 988 650 in
1013 627 1135 664 eaque
1165 616 1254 652 sede
1283 617 1390 653 nulla
1420 632 1461 654 re
1488 632 1601 668 egens

38 685 165 721 aletur
182 690 219 720 et
234 682 522 720 sustentabitur
541 681 681 718 eisdem
698 682 826 730 rebus,
849 682 993 731 quibus
1011 689 1115 719 astra
1135 690 1410 720 sustentantur
1430 691 1467 721 et
1482 685 1599 722 alun-

0 735 4 804 l
40 758 120 788 tur.
179 752 307 800 Atque
332 756 414 786 tum
439 749 580 785 erimus
604 749 720 796 beati,
752 762 892 799 quum,
925 750 1163 800 corporibus
1185 751 1354 798 relictis,
1383 758 1420 788 et
1438 752 1599 802 cupidi-—

0 811 3 824 ¹
40 824 162 855 tatum
188 823 225 854 et
249 817 552 855 aemulationum
580 817 723 853 erimus
749 823 930 867 expertes
953 823 1137 868 totosque
1164 832 1233 855 nos
1258 818 1300 856 in
1325 819 1601 870 contemplan-

8 888 12 891 ’
36 885 96 923 dis
121 886 239 922 rebus
265 884 628 935 perspiciendisque
655 898 854 935 ponemus.
886 899 917 922 c.
939 888 1138 923 19—21.
1160 907 1217 913 —-
1275 887 1372 923 Tum
1392 888 1603 936 exquirere

36 950 188 1000 studet,
221 952 316 1002 quid
341 952 411 1000 sit,
443 952 553 1001 quod
575 952 687 989 multi
708 950 939 1003 philosophi
959 952 1234 999 inveniantur,
1269 954 1338 1003 qui
1357 954 1505 991 animos
1524 955 1601 991 im-

37 1020 220 1057 mortales
241 1033 321 1057 esse
348 1025 499 1069 negent.
522 1041 577 1046 —
634 1019 751 1056 Nulla
775 1020 851 1056 alia
883 1033 1016 1056 caussa
1043 1027 1118 1067 est,
1157 1021 1233 1057 nisi
1252 1022 1358 1071 quod
1390 1029 1604 1072 nequeunt,

0 1083 3 1143 l
40 1088 164 1137 qualis
193 1087 343 1123 animus
370 1089 456 1123 sine
481 1100 648 1136 corpore
668 1087 738 1134 sit,
776 1086 990 1137 intelligere
1014 1093 1051 1123 et
1081 1088 1319 1137 cogitatione
1341 1088 1601 1138 comprehen-

39 1157 144 1192 dere.
203 1153 243 1191 [d
276 1160 403 1190 autem
434 1152 531 1190 nihil
562 1160 636 1201 est,
674 1153 749 1190 nisi
776 1154 880 1190 forte
910 1153 1097 1200 dicimus,
1138 1156 1244 1203 quod
1270 1169 1472 1204 nunquam
1494 1156 1603 1193 vidi-

39 1236 141 1268 mus,
182 1222 222 1258 id
250 1221 363 1270 quale
391 1221 460 1266 sit,
501 1220 716 1270 intelligere
743 1234 813 1256 nos
843 1234 924 1256 non
954 1234 1080 1270 posse.
1139 1223 1192 1258 At
1221 1229 1266 1259 ut
1293 1222 1409 1259 deum
1433 1237 1605 1274 corpore

40 1290 268 1334 liberatum,
299 1287 354 1323 ita
377 1289 547 1323 animum
570 1287 807 1336 cogitatione
831 1287 1037 1337 complecti
1059 1302 1285 1338 possumus,
1317 1291 1434 1326 immo
1456 1291 1488 1327 si
1510 1291 1601 1328 ani-

37 1356 89 1392 mi
114 1361 295 1392 naturam
323 1354 536 1401 intuemur,
566 1353 690 1391 multo
712 1353 917 1392 difficilior
937 1355 1050 1392 nobis
1071 1356 1274 1406 multoque
1298 1357 1508 1395 obscurior
1529 1358 1601 1395 de-

39 1424 104 1461 bet
133 1436 213 1460 esse
252 1421 461 1472 cogitatio,
502 1421 628 1471 qualis
660 1422 812 1459 animus
846 1422 888 1459 in
926 1436 1094 1473 corpore
1126 1424 1194 1471 sit,
1235 1431 1421 1474 tanquam
1454 1426 1603 1463 alienae

38 1491 165 1538 domi,
197 1502 313 1540 quam
339 1489 486 1539 qualis,
519 1503 640 1539 quum
662 1489 802 1527 exierit
824 1496 862 1526 et
884 1489 926 1526 in
948 1489 1117 1543 liberum
1140 1491 1287 1528 caelum
1310 1493 1421 1542 quasi
1444 1493 1604 1531 domum

39 1572 146 1595 suam
174 1558 339 1595 venerit.
371 1571 402 1594 c.
433 1561 499 1594 22.
559 1556 628 1594 His
659 1557 706 1594 de
734 1556 954 1594 animorum
976 1565 1066 1608 post
1097 1565 1262 1597 mortem
1286 1567 1391 1598 statu
1412 1561 1601 1611 praemis—

40 1625 112 1670 sis,
145 1625 216 1661 iarn
250 1630 473 1675 sequuntur

153 1749 412 1799 Argumenta
428 1776 440 1792 ,
473 1749 622 1799 quibu-9
650 1749 924 1786 demonstrari
946 1755 1081 1800 possit
1096 1778 1108 1794 ,
1141 1753 1303 1788 animos
1330 1767 1412 1789 esse
1433 1755 1602 1790 immor*-

39 1820 152 1854 tale-v.

150 1894 188 1946 a)
222 1894 393 1932 Primum
423 1901 697 1944 argumentum
723 1895 990 1941 Platonicum,
1032 1910 1057 1931 α
1085 1903 1238 1932 natura
1265 1900 1400 1933 animi
1425 1899 1602 1936 ductum.

41 1963 202 2000 Animus
222 1975 312 2009 sua,
346 1976 423 1998 non
449 1963 575 1998 aliena
599 1961 636 1998 vi
658 1968 854 1999 movetur.
917 1963 1051 2009 Quum
1073 1976 1168 2000 vero
1187 1963 1226 2000 id
1251 1964 1399 2011 solum,
1432 1966 1540 2014 quod
1564 1978 1604 2004 se

40 2030 167 2079 ipsum
185 2036 334 2077 movet,
365 2029 454 2078 quia
478 2043 679 2078 nunquam
700 2029 896 2066 deseritur
918 2043 937 2066 a
959 2043 1017 2078 se,
1050 2044 1253 2080 nunquam
1273 2045 1319 2068 ne
1337 2033 1487 2069 moveri
1509 2035 1602 2082 qui-n

40 2096 124 2134 dem
149 2096 311 2145 desinit3
341 2097 493 2134 animus
516 2103 697 2134 aeternus
721 2098 773 2134 sit
794 2104 833 2134 et
856 2098 1087 2135 immortalis
1111 2111 1264 2136 necesse
1284 2106 1351 2137 est.
1410 2099 1602 2151 Principii

43 2169 87 2201 ut
116 2164 225 2201 nulla
255 2163 368 2214 origo
400 2170 475 2211 est,
508 2164 562 2201 ita
594 2178 641 2201 ne
672 2164 819 2202 occidit
849 2165 1018 2215 quidem.
1051 2169 1170 2204 c.23.

153 2229 193 2282 b)
223 2232 400 2269 Alterum
430 2239 720 2283 argumentum,
753 2234 1082 2282 asacultatt'bas·
1106 2236 1239 2271 animi
1266 2235 1443 2272 ductum.
1503 2236 1602 2273 Ani-

40 2311 125 2336 mus
145 2298 199 2336 eis
223 2299 478 2337 facultatibus
502 2300 721 2338 instructus
747 2307 822 2348 est,
854 2314 979 2360 quae,
1002 2302 1078 2338 nisi
1099 2316 1120 2337 a
1145 2302 1236 2349 deo,
1269 2302 1427 2339 aliunde
1450 2303 1499 2340 ad
1524 2302 1601 2340 ho-

41 2365 179 2402 minem
212 2367 344 2403 venire
370 2380 449 2403 non
474 2375 661 2417 possunt,
701 2369 857 2406 divinae
888 2369 1012 2419 igitur
1044 2370 1094 2406 ob
1122 2381 1282 2418 eamque
1310 2383 1391 2406 rem
1421 2377 1602 2408 aeternae

41 2432 120 2469 sint
145 2446 293 2469 necesse
323 2439 390 2470 est.
453 2432 492 2484 α)
524 2435 693 2471 Primum
719 2435 837 2473 habet
863 2438 1122 2480 memorium,
1164 2449 1262 2485 quae
1289 2436 1486 2488 duplicem
1522 2440 1602 2477 vim

41 2499 180 2548 habet,
212 2501 382 2551 primum
407 2501 506 2537 enim
537 2501 583 2537 de
607 2501 779 2539 Platonis
799 2502 991 2539 sententia
1022 2508 1077 2539 est
1103 2503 1328 2541 recordatio
1350 2506 1456 2544 vitae
1480 2520 1600 2558 supe-

41 2568 178 2605 rioris:
211 2581 230 2605 e
251 2582 323 2617 qua
345 2575 389 2605 ut
416 2569 662 2618 intelligitur,
694 2570 886 2616 animum,
918 2576 1122 2620 antequam
1142 2571 1181 2608 in
1205 2586 1351 2623 corpus
1374 2569 1601 2621 intraverit,

39 2635 80 2672 in
106 2649 238 2672 reruni
261 2636 485 2686 cognitione
509 2636 698 2685 viguisse,
729 2637 785 2673 ita
807 2637 988 2674 concludi
1013 2638 1146 2686 debet,
1178 2653 1287 2687 eum,
1319 2642 1435 2678 etiarn
1460 2643 1600 2680 relicto

41 2715 227 2753 corpore,
260 2716 559 2754 permansurum
586 2717 677 2740 esse.
737 2705 836 2741 Tum
861 2706 1044 2743 memoria
1078 2705 1178 2744 hanc
1199 2708 1280 2745 vim
1307 2708 1445 2757 habet,
1476 2716 1523 2746 ut
1549 2710 1600 2747 sit

40 2781 80 2805 ea
104 2771 220 2807 animi
250 2771 438 2819 facultas,
481 2785 556 2820 qua
583 2778 714 2809 tenere
736 2772 826 2809 olim
851 2773 893 2809 in
914 2772 988 2810 hac
1017 2774 1099 2811 vita
1125 2783 1311 2827 percepta
1336 2790 1379 2814 ac
1400 2790 1600 2825 revocare,

41 2837 358 2888 quandocunque
382 2840 512 2887 lubet,
548 2840 756 2890 possimus.
785 2853 818 2877 c.
844 2843 911 2879 24.
970 2842 1074 2879 Haec
1098 2850 1227 2880 autem
1251 2845 1454 2894 praeclara
1480 2844 1598 2881 animi

40 2903 100 2940 vis
123 2917 242 2953 quum
262 2905 362 2945 nihil
383 2907 611 2945 inveniatur
634 2907 740 2945 unde
761 2907 861 2946 oriri
879 2909 1017 2959 possit,
1048 2910 1222 2948 divinam
1245 2912 1436 2961 originem
1459 2911 1598 2949 habeat
