1863 3221
255 93 309 136 48

254 189 314 222 tus
327 180 346 207 ⁶
374 180 582 222 indoctior.

866 101 1030 134 LIBER
1054 102 1077 133 1.
1104 100 1146 141 2,
1171 102 1203 134 5.

647 179 754 235 Ergo
779 180 818 221 in
846 178 1013 221 Graecia
1035 179 1170 221 musici
1198 179 1435 232 floruerunt,
1479 180 1754 235 discebantque
1776 180 1814 222 id

253 268 406 306 omnes,
441 268 534 306 nec,
569 253 631 308 qui
651 253 875 305 nesciebat,
909 253 1004 307 satis
1025 253 1204 294 excultus
1229 253 1405 295 doctrina
1425 255 1643 310 putabatur.
1697 260 1737 294 5.
1767 252 1813 294 In

252 342 403 369 summo
428 328 527 383 apud
552 327 639 368 illos
660 327 809 367 honore
832 327 1046 381 geometria
1070 327 1166 378 fuit,
1199 326 1329 380 itaque
1352 327 1446 368 nihil
1465 327 1748 369 mathematicis
1767 326 1813 368 il-

250 401 362 441 lustri
370 415 428 442 us.

250 474 428 515 navimus
459 475 630 514 modum.

490 400 546 441 At
571 414 643 441 nos
671 400 854 441 metiendi
881 400 1216 455 ratiocinandique
1240 399 1404 441 utilitate
1427 401 1538 442 huius
1561 401 1656 442 artis
1680 400 1810 441 termi-

338 596 360 629 6
383 598 437 629 Sic
457 599 510 629 Or.
531 610 558 629 c.
583 598 620 631 R.
649 596 734 629 Gud.
762 596 789 629 1.
812 599 851 629 ΙΙ.
887 598 1022 641 aliisque
1045 599 1209 643 plerisque
1243 598 1334 630 libris
1362 605 1395 630 et
1418 598 1549 640 scriptis
1575 605 1606 630 et
1631 597 1726 630 editis
1748 609 1809 641 pro

248 645 371 675 habitus
392 647 445 683 est,
470 642 559 685 quod
583 643 682 675 etiam
703 642 858 683 Quinctil.
883 645 907 675 Ι.
925 644 976 684 10,
1000 642 1051 676 19.
1074 644 1183 685 habet,
1210 655 1395 688 quanquam
1414 644 1459 676 ibi
1480 645 1514 675 in
1537 643 1610 676 cod.
1624 644 1697 687 Tig.
1711 644 1810 675 etiam

248 693 291 721 est
314 690 387 721 hab.
415 688 546 730 legitur.

247 761 375 795 motus,
412 762 445 787 et
470 755 545 799 quia
569 755 638 787 veri
662 755 766 787 multo
792 761 840 786 est
863 755 1009 796 similius,

245 800 485 832 inusitatiorem
499 807 697 832 structuram
716 803 833 840 aliquot
848 805 917 832 ante
935 811 954 832 α
966 813 986 833 η
998 820 1010 825 -

245 856 317 878 nos
337 857 355 877 a
377 845 516 877 librariis
536 852 695 877 mutatam
715 857 785 877 esse
803 845 835 876 in
855 846 1010 878 usitatio-

245 902 314 922 rem
338 893 455 931 aliquot
477 894 547 922 ante
581 893 726 931 avinis,
763 902 857 933 quam
883 898 1009 923 contra.

245 935 312 967 Ubi
335 947 386 967 res
410 947 477 967 non
500 935 542 967 ad
563 947 738 978 praesens,
762 935 821 966 sed
845 935 886 967 ad
909 948 1008 978 prae—

244 981 379 1012 teritum
402 987 532 1023 tempus
557 981 720 1019 refertum
756 980 913 1012 adverbia
939 986 1008 1014 ante

245 1031 278 1056 et
299 1029 368 1065 post
390 1025 492 1056 rarius
512 1025 691 1068 iunguntur
714 1037 787 1057 cum
807 1026 1006 1065 accusativo,

245 1069 299 1112 qui
320 1069 482 1111 significat
503 1081 689 1102 mensuram
711 1070 891 1112 temporis,
919 1077 954 1101 ut
974 1070 1008 1102 in

243 1114 364 1146 abhinc
385 1116 446 1146 duo
465 1125 583 1147 menses
604 1121 769 1153 mortuus,
801 1117 928 1155 triginta
951 1126 1008 1147 αη-

242 1170 299 1191 uos
334 1166 428 1190 natus
479 1160 529 1202 (v.
564 1162 669 1192 Hand.
703 1160 844 1192 Tursell.
882 1160 956 1192 Vol.
982 1162 1007 1192 Ι.

244 1216 276 1247 p.
303 1202 407 1246 372).
465 1204 560 1236 Plura
593 1205 817 1248 reperirentur
848 1204 1008 1247 exempla,

243 1249 305 1280 nisi
325 1260 392 1281 non
414 1249 525 1292 paucis
546 1249 628 1281 locis
650 1249 852 1282 accusativus
873 1250 912 1281 ab
935 1250 1007 1281 edi-

242 1294 366 1325 toribus
397 1301 512 1326 contra
538 1294 635 1326 codd.
666 1302 791 1326 temere
822 1294 855 1325 in
885 1294 1007 1326 ablati-

243 1351 319 1370 vum
342 1346 487 1371 mutatus
511 1346 614 1378 esset,
652 1346 688 1371 ut
713 1339 754 1370 de
777 1341 852 1370 Sen.
877 1336 918 1377 6,
946 1336 1005 1370 16τ

241 1384 323 1415 haec
353 1384 408 1415 ille
444 1383 511 1426 egit
543 1390 671 1427 septem
703 1391 734 1415 et
768 1383 882 1415 decem
910 1395 1008 1416 annos

243 1435 320 1471 post
342 1429 481 1460 alterum
505 1429 726 1461 consulatum:
754 1429 807 1460 ubi
833 1440 1006 1471 perperam

241 1474 362 1516 legitur
383 1476 484 1505 annis.
532 1475 637 1512 Quem
659 1480 769 1505 autem
789 1473 898 1504 locum
921 1476 1006 1506 Orel-

240 1521 300 1550 Iius
321 1518 362 1550 ad
384 1518 414 1550 h.
430 1518 451 1550 l.
478 1517 607 1550 addidit
621 1519 724 1550 Cicer.
742 1518 784 1550 ad
801 1518 898 1550 Attic.
916 1520 1004 1552 VJH.

242 1563 301 1603 11,
327 1562 367 1596 3:
407 1563 487 1595 fecit
507 1563 594 1595 idem
618 1563 877 1601 Themistocle53
903 1583 947 1587 —
971 1570 1006 1595 at

241 1608 329 1639 idem
344 1608 485 1640 Pericles
512 1620 578 1640 non
604 1609 686 1640 fecit
708 1619 826 1641 amium
849 1609 918 1640 fere
938 1613 1007 1649 post

238 1656 540 1693 quinquagesimum,
563 1654 596 1684 in
618 1665 657 1685 eo
680 1654 883 1685 accusativus
903 1653 1007 1695 signi—

240 1698 316 1729 ficat
338 1698 586 1729 diuturnitatem
607 1699 777 1741 temporis.
826 1700 863 1729 V.
890 1710 949 1729 nos
973 1698 1006 1729 iu

242 1743 387 1776 Gramm.
413 1744 451 1774 L.
478 1745 505 1786 ᾗ.
530 1742 603 1774 115.
627 1750 697 1774 not.
716 1741 769 1776 26.
822 1745 869 1774 De
901 1743 1006 1785 signi-

239 1788 392 1819 ficatione
426 1787 578 1819 vocabuli
610 1791 728 1828 aliquot
760 1800 791 1821 v.
816 1787 939 1820 Adnot.
964 1787 1006 1819 ad

239 1834 281 1864 ΙΙ.
304 1831 358 1872 27,
383 1829 437 1865 66.

305 1888 400 1918 quum
424 1897 468 1901 —
491 1882 643 1910 recusaret
672 1880 788 1920 lyram,¹
827 1877 880 1910 Sic
915 1884 1004 1910 recte

240 1925 293 1956 Or.
316 1935 342 1954 e.
363 1923 401 1954 R.
419 1922 506 1955 Gud.
523 1922 549 1954 l.
564 1923 594 1954 b.
618 1923 754 1966 aliisque
775 1922 884 1954 multis
907 1923 1003 1954 codd.

239 1974 273 1999 et
308 1968 471 1999 nonnullis
508 1967 583 1998 edd.
621 1975 702 2001 vett.
738 1980 799 2011 pro
835 1972 1004 2000 recusasset

238 2012 352 2044 edidit.
401 2012 571 2043 Falluntur
605 2015 762 2045 Ernestius
798 2019 830 2044 et
867 2015 1003 2053 Wolfius,

238 2068 337 2099 quum
352 2056 711 2100 plusquamperfectum
726 2057 922 2089 latinitatem
937 2069 1001 2100 po—

237 2101 360 2133 stulare
393 2101 515 2134 dicunt.
564 2103 749 2145 Utrumque
779 2109 909 2145 tempus
938 2102 1000 2133 ad—

235 2147 339 2179 mittit
373 2146 466 2177 huius
500 2146 565 2178 loci
600 2147 696 2180 ratio.
755 2147 1000 2190 Imperfectum,

237 2191 325 2235 quod
344 2198 456 2223 tuetur
479 2191 628 2223 codicum
649 2192 826 2224 auctoritas
841 2217 849 2233 ‚
874 2191 1001 2234 signifi-

238 2243 300 2277 cat,
321 2236 580 2269 Themistoclem
600 2236 715 2268 eodem
733 2237 889 2279 temporis
913 2248 1000 2279 pun-

237 2288 311 2320 cto,
347 2292 411 2324 quo
441 2281 546 2324 lyram
567 2285 748 2321 recusabat,
781 2282 1000 2314 indoctiorem

235 2326 386 2358 habitum
409 2338 500 2365 esse,
526 2326 572 2356 uti
597 2326 680 2358 vidit
705 2329 756 2359 Or.
806 2327 856 2358 Cf.
881 2327 999 2358 Adno-

235 2378 305 2403 tata
328 2372 361 2402 iu
384 2384 411 2403 c.
432 2370 487 2409 35,
512 2368 572 2402 86:
603 2371 784 2414 Pompeio,
811 2378 922 2403 nostro
945 2371 1000 2402 fa—

235 2416 372 2454 miliari,
410 2427 506 2456 quum
532 2415 677 2457 graviter
705 2421 877 2457 aegrotaret
906 2417 998 2447 Nea-

235 2460 326 2502 poli,
361 2461 473 2491 melius
496 2464 538 2493 est
561 2462 689 2501 facium.
738 2461 876 2493 Fallitur
899 2461 998 2492 etiam

238 2507 274 2537 Ο.
290 2506 342 2536 Th.
357 2506 485 2544 Keilius,
510 2517 607 2547 quum
629 2506 663 2537 in
685 2507 832 2546 Quaestt.
856 2506 997 2539 Tullian.

236 2548 393 2591 Liegnitii
419 2547 515 2580 1839.
541 2551 659 2591 p.V11.
685 2551 921 2594 imperfectum
945 2551 998 2582 ni·-

235 2593 281 2624 liil
316 2593 405 2625 aliud
435 2592 580 2625 indicare
615 2603 743 2632 censet,
781 2596 842 2627 nisi
865 2596 999 2628 solitum

237 2649 306 2670 esse
320 2638 577 2670 Themistoclem
597 2638 629 2669 in
649 2640 751 2682 epulis
772 2653 921 2672 recusare
943 2641 998 2683 ly—

235 2694 325 2720 ram3
351 2694 425 2714 nam
448 2682 474 2713 si
497 2683 598 2714 semel
619 2683 653 2713 id
677 2684 810 2716 fecisset
833 2687 907 2724 Th„
933 2696 997 2717 non

232 2732 407 2767 recusaret,
431 2726 489 2758 sed
512 2732 680 2759 recusasset
703 2729 894 2761 Ciceronem
915 2731 996 2762 scri-

234 2779 367 2815 pturum
384 2772 495 2803 fuisse.
531 2772 765 2814 imperfectum
782 2785 839 2815 per
858 2786 892 2805 se
911 2787 998 2806 nun—

233 2829 331 2860 quam
371 2816 532 2859 significat
569 2817 800 2859 repetitionem
844 2819 994 2851 actionis.

233 2863 351 2905 Neque
387 2861 642 2901 Quinctilianum
682 2862 769 2893 hunc
807 2862 917 2894 locum
951 2864 997 2895 ita

233 2906 419 2949 accepisse,
456 2906 554 2938 docet
578 2908 716 2938 Klotzius
741 2906 775 2937 in
799 2906 886 2938 Add.
910 2919 942 2950 p.
962 2908 994 2940 5.

233 2950 334 2983 allato
359 2963 397 2982 cx
418 2950 476 2983 illo
496 2950 572 2984 loco
597 2952 635 2993 (Ι.
660 2950 711 2989 10,
736 2949 814 2993 19.)‚
840 2951 893 2983 ubi
915 2952 996 2984 haec

1045 756 1216 799 leguntur:
1254 756 1352 789 Unde
1377 756 1476 788 etiam
1509 756 1564 788 ille
1588 767 1680 795 mos,
1716 761 1751 787 ut
1775 755 1807 787 in

1047 802 1204 834 conviviis
1248 809 1327 844 post
1366 813 1501 833 coenam
1544 801 1809 833 circumferretur

1044 847 1134 890 lyra:
1170 846 1258 879 cuius
1282 858 1380 890 quum
1401 858 1436 878 se
1457 846 1646 889 imperitum
1668 845 1807 878 Themi-

1044 892 1163 924 stocles
1188 894 1342 932 confessus
1363 895 1457 932 esset,
1482 898 1518 922 ut
1538 891 1646 923 verbis
1670 890 1809 922 Cicero—-

1043 937 1092 969 nis
1118 944 1209 976 utar,
1236 936 1367 969 habitus
1393 943 1443 968 est
1465 935 1643 968 indoctior.

1109 985 1244 1023 Er90—
1264 984 1442 1023 floruerunt,
1466 983 1735 1022 discebantque—
1747 991 1809 1021 pu-

1042 1029 1183 1068 tabatur]
1211 1028 1308 1069 Ergo,
1334 1027 1354 1060 i.
1369 1038 1397 1058 e.
1425 1026 1502 1057 inde
1527 1026 1652 1057 sactum
1674 1031 1733 1064 est,
1761 1031 1807 1056 ut.

1044 1072 1097 1103 Sic
1128 1071 1169 1102 de
1196 1071 1266 1102 Fin.
1293 1073 1333 1103 11.
1360 1070 1396 1102 11
1413 1096 1420 1110 ,
1444 1070 1507 1103 34:
1546 1072 1632 1113 Ergo
1657 1076 1734 1101 nata
1758 1076 1808 1101 est

1044 1116 1207 1147 sententia
1240 1123 1388 1147 veterum
1423 1115 1714 1147 Academicorum:
1752 1114 1807 1146 ubi

1043 1163 1126 1202 Ergo
1148 1162 1270 1192 frustra
1291 1172 1310 1192 a
1329 1162 1401 1193 VV.
1421 1162 1492 1192 DD.
1517 1160 1727 1192 sollicitatum
1747 1165 1807 1191 est.

1044 1207 1083 1238 V.
1109 1208 1255 1238 Goerenz.
1304 1207 1406 1238 Porro
1432 1205 1583 1237 attendas
1606 1205 1648 1237 ad
1671 1211 1807 1248 tempo-

1043 1262 1114 1282 rum
1129 1251 1332 1282 varietatem.
1370 1253 1552 1283 Floruerunt
1564 1247 1729 1292 ἆορίστως
1741 1261 1807 1292 po—

1043 1295 1161 1335 situm,
1188 1302 1222 1326 ut
1246 1307 1322 1326 mox
1343 1298 1421 1335 suit,
1445 1299 1689 1328 terminavimus.
1738 1297 1806 1327 Im-

1041 1340 1228 1382 perfectum
1261 1347 1370 1372 autem
1395 1346 1445 1371 est
1466 1347 1595 1382 tempus
1619 1340 1805 1379 relativum,

1041 1386 1073 1416 h.
1088 1397 1116 1416 e.
1141 1385 1229 1428 quod
1248 1385 1460 1417 referendum
1479 1392 1527 1415 est
1544 1384 1585 1415 ad
1603 1384 1691 1416 aliud
1707 1384 1806 1426 quid-

1041 1430 1128 1461 dam.
1178 1430 1240 1460 Res
1264 1435 1384 1471 sponte
1417 1429 1608 1472 apparebit,
1645 1429 1672 1460 si
1696 1428 1804 1460 locum

1040 1474 1086 1505 ita
1108 1473 1316 1507 dissolveris:
1342 1476 1379 1506 In
1395 1474 1531 1506 Graecia
1551 1473 1663 1505 musici
1682 1473 1805 1506 florue-

1039 1526 1126 1558 runt,
1149 1530 1244 1559 quum
1261 1531 1373 1551 omnes
1389 1519 1544 1550 musicam
1561 1521 1720 1558 discerent,
1745 1530 1806 1550 nec

1042 1568 1272 1604 -12utaretur.
1307 1565 1358 1596 Cf.
1382 1564 1548 1595 Adnotata
1568 1564 1601 1594 in
1623 1575 1649 1595 c.
1663 1562 1718 1601 30,
1741 1561 1801 1595 72:

1041 1609 1087 1641 ita
1112 1609 1197 1640 enim
1216 1612 1355 1641 censebat
1375 1609 1485 1652 itaque
1506 1610 1660 1640 disseruit.
1704 1619 1731 1639 c.
1747 1606 1802 1647 35,

1041 1652 1093 1686 86,
1121 1661 1153 1685 et
1180 1666 1239 1686 nos
1262 1655 1294 1686 in
1320 1655 1377 1686 Gr.
1400 1655 1438 1685 L.
1465 1654 1493 1696 ξς.
1513 1651 1587 1694 107,
1612 1651 1644 1684 ’7.
1693 1652 1804 1684 Parti-

1043 1699 1114 1730 cula
1136 1699 1234 1730 affixa
1260 1710 1316 1739 que
1337 1700 1402 1731 vim
1431 1699 1532 1730 habet
1563 1697 1802 1740 explicativam,

1042 1744 1088 1774 uti
1111 1744 1316 1786 saepissime:
1343 1745 1384 1775 de
1408 1755 1470 1786 qua
1495 1755 1531 1775 re
1553 1741 1640 1774 infra
1661 1742 1703 1774 ad
1728 1754 1755 1774 c.
1769 1741 1801 1781 2,

1040 1786 1072 1820 4.
1096 1800 1306 1830 exponemus.
1356 1788 1504 1830 Denique
1524 1787 1557 1819 in
1578 1787 1686 1819 verbis
1706 1789 1803 1819 disce-

1040 1836 1171 1873 bantque
1192 1836 1225 1865 id
1246 1844 1349 1866 omnes
1368 1845 1429 1876 pro
1453 1835 1486 1864 id
1505 1835 1665 1865 Ernestius
1686 1832 1804 1875 legen—

1040 1877 1116 1909 dum
1139 1879 1364 1921 suspicabatur
1384 1881 1463 1910 ideo.
1513 1878 1665 1915 Frustra;
1691 1889 1750 1919 per
1767 1878 1802 1908 id

1039 1923 1124 1954 enim
1143 1923 1358 1966 intelligenda
1371 1930 1445 1955 sunt
1458 1925 1589 1962 musica,
1614 1922 1703 1965 quod
1724 1933 1800 1953 ver-

1037 1968 1115 2000 bum
1139 1969 1335 2000 eliciendum
1359 1975 1408 2000 est
1429 1980 1446 2000 e
1466 1968 1573 1999 verbis
1594 1966 1800 2010 praeceden-

1037 2014 1123 2045 tibus
1143 2017 1254 2046 musicz'
1272 2017 1450 2055 floruerunt.
1482 2012 1616 2044 Scilicet
1625 2012 1714 2044 hautl
1726 2023 1801 2043 raro

1037 2059 1233 2100 pronomina
1264 2059 1408 2090 neutrius
1442 2058 1569 2100 generis
1598 2057 1643 2089 ita
1667 2068 1800 2100 ponun-

1036 2110 1109 2141 tur,
1143 2110 1177 2134 ut
1200 2103 1285 2134 vices
1317 2104 1499 2134 sustineant
1521 2102 1716 2134 substantivi
1736 2101 1800 2133 ali-

1037 2147 1146 2186 cuius,
1196 2147 1284 2190 quod
1319 2148 1351 2178 in
1388 2147 1497 2190 aliquo
1532 2147 1799 2190 praecedentium

1036 2193 1211 2224 verborum
1244 2192 1336 2223 latet.
1386 2192 1541 2223 Similiter
1570 2191 1656 2223 infra
1679 2194 1717 2223 11.
1743 2189 1797 2230 27,

1035 2234 1095 2268 ὅδε
1121 2237 1154 2268 in
1175 2248 1208 2269 eo
1228 2237 1472 2280 persequendo:
1500 2236 1553 2268 ubi
1577 2248 1605 2269 v.
1628 2236 1710 2267 adn.
1746 2236 1796 2266 Cf.

1038 2282 1102 2313 Cic.
1130 2284 1220 2314 Orat.
1246 2282 1309 2319 20,
1335 2280 1394 2314 6ss:
1434 2280 1558 2313 etiamsi
1592 2279 1797 2323 quorundam

1034 2326 1166 2369 grandis
1191 2333 1224 2358 et
1249 2333 1365 2358 ornata
1387 2338 1453 2358 vox
1476 2333 1526 2358 est
1545 2330 1718 2365 poetarum,
1743 2332 1796 2356 ta-

1034 2383 1108 2402 men
1129 2371 1161 2403 in
1184 2382 1221 2403 ea
1253 2376 1310 2414 (sc.
1336 2371 1440 2414 poesi)
1467 2391 1509 2396 —
1535 2370 1700 2402 licentiam
1725 2376 1796 2401 sta-

1032 2424 1089 2448 tuo
1112 2416 1267 2448 maiorem
1292 2428 1380 2448 esse:
1415 2416 1469 2448 ubi
1492 2417 1614 2448 frustra
1634 2417 1797 2447 Schiitzius

1034 2461 1118 2493 coni.
1151 2464 1200 2494 iis.
1249 2462 1299 2493 Cf.
1326 2464 1483 2494 Bremium
1511 2460 1554 2492 ad
1588 2461 1684 2492 Corn.
1710 2460 1795 2501 Nep.

1032 2506 1178 2539 Timoth.
1206 2508 1238 2545 Ι,
1264 2505 1296 2538 2.
1331 2513 1364 2538 et
1388 2518 1448 2537 nos
1472 2506 1506 2537 in
1529 2505 1585 2536 Gr.
1609 2505 1646 2536 L.
1672 2502 1794 2546 §.1025

1033 2552 1113 2583 Not.
1130 2564 1158 2584 a.
1207 2551 1261 2582 Sic
1284 2562 1380 2593 saepe
1405 2550 1492 2593 apud
1519 2550 1674 2581 Graecos·
1724 2548 1796 2580 He-

1032 2596 1105 2628 rod.
1127 2598 1184 2636 VI,
1210 2595 1292 2628 105:
1319 2594 1541 2635 Φειδιππίδην
1561 2613 1604 2617 -
1624 2589 1648 2634 η’
1662 2603 1795 2635 μερο-

1033 2639 1199 2684 δρόμον
1222 2651 1258 2674 τε
1278 2639 1335 2674 καὶ
1358 2639 1489 2672 τοῦτο
1516 2638 1594 2681 (hoc
1608 2637 1792 2679 negotium)

1035 2687 1234 2728 μελετῶντα.
1293 2684 1387 2716 Plura
1425 2683 1614 2726 collegimus
1650 2683 1683 2714 in
1721 2694 1794 2714 am—

1033 2731 1139 2773 pliore
1173 2731 1231 2762 Gr.
1257 2730 1313 2762 Gr.
1336 2727 1411 2760 Vol.
1433 2730 1474 2760 11.
1509 2730 1537 2772 ξ.
1553 2727 1630 2760 422.
1663 2728 1741 2759 Not.
1759 2726 1791 2758 2.

1032 2787 1065 2817 p.
1090 2773 1143 2808 46.

1101 2822 1117 2863 ξ
1143 2819 1173 2850 5.
1198 2820 1273 2850 nihil
1291 2819 1516 2850 mathematicis
1530 2817 1695 2858 illustrius]
1712 2818 1794 2848 Nihil

1032 2870 1066 2895 et
1086 2862 1358 2905 interrogativum
1382 2864 1458 2902 quid
1488 2873 1586 2903 saepe
1611 2860 1652 2892 de
1674 2871 1793 2903 perso-

1032 2908 1081 2940 nis
1103 2914 1287 2951 ponuntur,
1312 2907 1504 2949 plerumque
1525 2917 1597 2937 cum
1618 2916 1792 2951 compara-

1031 2952 1100 2985 tivo
1126 2952 1308 2985 coniuncta.
1346 2951 1396 2983 Cf.
1422 2953 1475 2983 ΙΙΙ.
1503 2950 1555 2988 10,
1573 2949 1627 2982 22.
1657 2950 1708 2988 12,
1728 2946 1788 2981 27τ
