1863 3221
212 99 294 142 356

218 189 288 229 tris
309 189 503 244 repulsam
540 184 786 235 consulatus,
830 183 1015 238 scriptum
1048 184 1148 239 apud
1177 182 1370 225 Fannium
1401 193 1474 227 est.

751 104 914 138 Lmen
940 105 996 138 iv.
1025 103 1084 147 18,
1109 103 1162 140 41.
1187 106 1241 140 42.

1538 184 1615 228 Sed
1649 194 1777 228 tamen

219 263 407 303 transisse
429 260 583 300 videtur
604 257 756 297 modum
772 289 782 308 ,
817 258 955 312 quippe
981 257 1045 311 qni
1067 257 1115 297 ob
1136 270 1221 297 eam
1254 272 1431 299 caussam
1451 273 1470 299 a
1498 260 1578 301 vita
1599 274 1777 301 recesse-

218 335 284 376 rit.
346 331 589 373 Moderatius
609 330 728 384 igitur
752 331 855 371 ferre
879 331 1024 371 debuit.

220 408 325 458 dice,
361 420 464 446 mors
484 405 693 444 liberorum
721 404 981 444 accessisset?
1013 410 1102 443 nata
1130 410 1238 443 esset
1260 405 1458 457 aegritudo
1484 420 1599 446 nova.

1088 329 1219 384 Quid?
1262 331 1318 382 si,
1353 347 1467 385 quum
1492 333 1529 372 id
1553 334 1672 373 ferret
1695 347 1777 374 mo-

1665 403 1744 446 Sed
1760 409 1775 432 1

1405 476 1535 530 Quid?
1575 478 1607 518 si
1642 478 1779 519 deinde

220 553 374 593 dolores
397 564 539 605 graves
562 550 752 603 corporiS‚
782 549 812 590 si
831 550 1020 590 bonorum
1042 550 1216 601 amissio,
1247 549 1279 590 si
1301 550 1486 602 caecitas,
1513 552 1545 590 si
1568 551 1780 592 exsilium?

219 494 264 520 ea
302 479 464 519 modica.
527 475 673 530 Magna
711 484 837 517 tamen
872 477 968 516 facta
1002 484 1107 517 esset
1140 476 1331 516 accessio.

220 624 262 666 Si
287 639 355 680 pro
377 624 540 678 singulis
567 623 677 664 malis
696 623 956 677 aegritudines
978 623 1236 674 accederent,
1271 637 1420 664 summa
1449 638 1494 664 ea
1516 625 1648 676 fieret,
1683 638 1780 679 quae

222 713 299 739 non
330 698 608 738 sustineretur.

333 769 495 811 XVIII.

222 846 253 885 si
275 858 390 899 posse
421 850 528 898 putet
547 857 656 893 eum,
691 843 753 897 qui
783 857 825 882 se
847 857 867 883 e
889 841 1063 883 Leucata
1085 847 1095 870 ¹
1134 843 1468 898 praecipitaverit,
1503 844 1698 885 sustinere
1723 858 1781 896 se,

559 776 627 811 41.
663 769 737 823 Qui
761 770 911 810 modum
936 769 1052 823 igitur
1071 769 1165 810 vitio
1187 770 1359 824 quaerit,
1394 770 1573 811 similiter
1595 770 1708 823 facit,
1743 778 1784 812 ut

222 932 337 972 quum
360 917 469 956 velit.
533 914 586 956 Ut
611 916 711 955 enim
738 916 772 955 id
801 930 876 955 non
906 922 1056 969 potest,
1097 916 1153 955 sic
1177 916 1327 956 animus
1354 917 1600 970 perturbatus
1625 925 1663 958 et
1686 917 1782 957 inci-

223 998 323 1030 tatus
348 1003 419 1029 nec
446 988 628 1028 cohibere
653 1001 696 1028 se
720 995 872 1042 potest,
909 1001 1004 1037 nec,
1048 1002 1121 1041 quo
1154 988 1239 1028 loco
1262 989 1368 1039 vult,
1408 990 1618 1040 insistere,
1661 991 1783 1030 omni-

224 1076 350 1116 noque
365 1094 375 1113 ,
410 1064 540 1115 quae2
563 1061 778 1100 crescentia
801 1060 1021 1115 perniciosa
1043 1067 1155 1111 sunt,
1192 1062 1325 1100 eadem
1347 1069 1438 1102 sunt
1456 1062 1598 1103 vitiosa
1619 1077 1784 1103 nascen-

224 1137 291 1176 tia.
356 1141 423 1175 42.
471 1134 688 1187 Aegritudo
720 1140 847 1173 autem
885 1140 1120 1187 ceteraeque
1156 1134 1491 1188 perturbationes,
1532 1136 1784 1190 amplificatae

225 1217 354 1259 certe,
387 1208 596 1262 pestiferae
619 1214 731 1257 sunt3
763 1207 882 1261 igitur
908 1206 1023 1246 etiam
1050 1215 1255 1262 susceptae
1279 1208 1463 1248 continuo
1493 1209 1532 1249 in
1554 1224 1690 1263 magna
1720 1224 1784 1265 pe-

224 1284 294 1323 stis
320 1289 427 1336 parte
448 1287 673 1322 versantur.
736 1278 893 1319 Etenim
915 1279 1022 1334 ipsae
1042 1293 1084 1320 se
1109 1280 1329 1335 impellunt,
1363 1281 1426 1321 ubi
1444 1283 1565 1322 semel
1589 1297 1608 1322 a
1632 1283 1784 1323 ratione

174 1343 176 1345 Υ
226 1357 439 1397 discessum
465 1361 545 1404 est,
587 1355 747 1408 ipsaque
778 1353 850 1392 sibi
882 1352 1124 1393 imbecillitas
1147 1353 1321 1407 indulget
1353 1354 1391 1394 in
1425 1355 1617 1409 altumque
1646 1370 1785 1410 prove-

227 1430 330 1469 hitur
351 1427 598 1482 imprudens,
632 1439 705 1465 nec
733 1425 910 1479 reperit3
938 1425 1063 1464 locum
1088 1426 1342 1466 consistendi.
1408 1426 1670 1480 Quamobrem
1691 1429 1783 1469 nihil

226 1504 413 1551 interest,
448 1507 574 1540 utrum
600 1499 820 1539 moderatas
849 1497 1164 1552 perturbationes
1189 1500 1424 1554 approbent,
1468 1515 1515 1540 an
1546 1502 1782 1542 moderatam

321 1619 336 1651 1
363 1632 393 1651 v.
414 1618 499 1650 Adn.
548 1619 674 1650 XVIII.
726 1616 741 1648 1
769 1617 898 1649 v.Adu.
944 1615 966 1648 2
990 1616 1044 1648 Sic
1056 1619 1110 1648 Or.
1126 1628 1152 1648 c.
1168 1617 1206 1649 R.
1221 1618 1256 1649 P.
1279 1629 1335 1649 sex
1358 1619 1439 1650 Oxx.
1459 1618 1595 1662 aliisque
1616 1630 1676 1661 pro
1698 1619 1784 1662 vulg.

227 1667 370 1697 omnino:
394 1673 552 1704 quaeque‚·
576 1673 654 1703 quae
677 1669 778 1702 etque
799 1673 896 1705 saepe
917 1661 949 1693 in
973 1661 1069 1694 codd.
1083 1669 1321 1705 permutantur.
1368 1662 1390 1695 3
1412 1663 1449 1695 R.
1464 1670 1496 1695 et
1510 1664 1620 1696 Duisb.
1641 1667 1785 1705 repperit.

227 1755 261 1775 se
276 1742 438 1785 gessisse,
467 1741 583 1772 eodem
604 1746 713 1772 autem
736 1747 886 1783 tempore
907 1739 986 1771 alias

227 1787 449 1825 calamitates,
485 1792 520 1817 ut
543 1792 683 1816 mortem
707 1785 904 1823 liberorum,
940 1784 987 1815 illi

226 1832 419 1869 accessisse5
468 1842 577 1862 nonne
616 1829 829 1872 aegritudinis
869 1841 988 1872 magna

227 1879 315 1909 facta
335 1883 420 1908 esset
439 1875 583 1907 accessio
596 1875 611 1906 ἶ)
642 1875 784 1906 Ubinam
805 1887 883 1917 ergo
904 1876 988 1906 fuis-

226 1930 277 1955 set
295 1921 412 1953 modus
433 1928 486 1952 aut
505 1919 687 1952 terminus?
726 1921 846 1951 Nonne
864 1920 897 1950 iu
915 1931 989 1951 ma-

226 1969 296 1999 iore
319 1966 505 1998 calamitate
526 1965 624 1996 etiam
644 1964 795 2007 graviore
816 1976 888 1995 eum
911 1976 987 2007 pre—

225 2013 270 2044 mi
295 2022 428 2043 necesse
449 2017 518 2041 erat
540 2008 770 2052 aegritudine?
814 2011 901 2051 Ergo
926 2010 987 2041 ab-

227 2056 360 2088 surdum
383 2061 451 2093 est,
474 2054 610 2085 modum
632 2054 664 2084 in
687 2054 988 2095 perturbationibus

228 2100 427 2133 constituere
454 2099 547 2130 velle.
594 2100 731 2130 Neidius.
784 2099 832 2128 De
866 2098 989 2140 duplici

227 2145 372 2188 genitivo
387 2170 393 2182 ,
420 2143 473 2174 uni
498 2142 622 2174 nomini
646 2142 779 2179 iuncto,
811 2144 918 2182 fratris
942 2153 989 2174 re-

225 2193 351 2230 pulsam
373 2191 570 2227 consulatus,
596 2187 660 2218 iam
684 2198 781 2228 supra
805 2187 847 2217 ad
872 2189 909 2219 ll.
939 2188 988 2226 15,

226 2236 279 2267 ὅς’).
300 2234 449 2265 diximus.
488 2232 614 2263 Deinde
633 2231 871 2263 attendendum
892 2231 989 2262 etiam

227 2279 268 2310 ad
294 2279 467 2310 verborum
493 2277 764 2314 collocationem,
800 2276 841 2307 de
870 2288 932 2319 qua
958 2288 987 2308 v.

227 2324 267 2355 ad
292 2336 318 2355 c.
336 2324 394 2361 13,
420 2324 481 2355 31:
513 2324 611 2354 animi
633 2324 805 2353 multarum
822 2331 925 2353 rerum
946 2340 990 2345 —-

223 2371 461 2408 percursionem.

292 2415 370 2453 serre
403 2412 527 2454 debuit]
568 2412 617 2443 De
648 2411 781 2445 indicat.
818 2423 848 2442 v.
886 2411 928 2442 ad
964 2413 988 2442 I.

227 2456 289 2497 -19,
318 2456 388 2489 116.

297 2503 358 2532 Sed
380 2511 415 2532 ea
435 2502 583 2544 modica]
609 2503 646 2534 L.
667 2501 776 2532 locum
800 2508 988 2544 corruptum

228 2552 345 2588 putans
367 2546 449 2576 coni.
474 2557 584 2577 necea
607 2548 751 2587 modica5
778 2547 882 2578 Bentl.
905 2547 989 2577 coni.

228 2594 267 2623 sit
287 2600 322 2622 ea
343 2592 476 2621 modica.
515 2594 555 2621 At
575 2591 655 2622 nihil
679 2591 885 2623 correctione
907 2603 989 2633 opus

230 2641 288 2666 est.
333 2635 420 2664 Haec
438 2635 535 2664 verba
562 2635 676 2666 Cicero
696 2636 766 2678 ipse
783 2636 842 2667 sibi
866 2636 990 2667 obiicit.

230 2683 284 2711 Or.
309 2679 416 2710 locum
440 2678 485 2709 ita
509 2678 675 2709 distinxit:
702 2691 794 2711 nova.
819 2700 862 2704 ——
901 2683 988 2720 „Sed

229 2735 265 2757 ea
297 2726 457 2755 modica.“
478 2741 521 2746 —
569 2726 685 2763 lllssyssa
718 2732 798 2759 etc..
838 2733 870 2756 ut
906 2726 987 2756 haec

230 2769 328 2800 verba
352 2780 391 2799 ex
415 2768 496 2799 alius
522 2779 577 2798 ore
604 2768 733 2799 obiecta
758 2770 940 2801 videantur.

297 2814 374 2845 CAP.
399 2813 522 2843 XVIII.
549 2814 577 2855 ᾗ.
597 2810 648 2844 41.
685 2815 823 2845 similiter
846 2816 931 2854 facit,
955 2819 987 2846 ut

225 2859 265 2902 si]
292 2860 340 2890 De
363 2860 502 2890 simililer
523 2861 554 2888 ut
575 2859 602 2888 si
632 2869 661 2887 v.
688 2859 824 2896 Modum.
846 2865 877 2888 et
903 2861 988 2890 Ollo-

225 2914 291 2936 rtem
324 2903 365 2935 ad
389 2902 460 2933 Fin.
485 2903 523 2932 II.
549 2901 579 2939 7,
601 2901 655 2933 21.
704 2901 757 2932 Sic
794 2901 834 2932 de
856 2905 984 2934 Senect.

224 2948 256 2980 (i.
285 2949 339 2980 17·
363 2950 542 2990 similesque
566 2952 659 2983 sunt,
686 2949 717 2976 u!
739 2948 765 2976 si
789 2947 841 2987 qui
866 2947 986 2984 subm-m

1020 1746 1171 1771 natorem
1192 1760 1236 1765 —
1258 1740 1338 1772 nihil
1369 1753 1466 1783 agere
1498 1741 1620 1774 dicant.
1667 1742 1721 1774 Sic
1744 1745 1785 1774 si-

1021 1787 1108 1817 miles
1129 1789 1198 1817 sum
1218 1803 1261 1808 —
1286 1790 1435 1826 tanquam
1456 1789 1483 1818 si
1517 1787 1568 1818 vel
1601 1798 1637 1819 ac
1661 1790 1697 1819 si.
1743 1788 1783 1819 V.

1023 1832 1195 1862 Gernhurd.
1220 1830 1262 1861 ad
1286 1830 1326 1861 (le
1352 1833 1425 1862 Seu.
1451 1831 1472 1862 l.
1498 1831 1529 1862 d.
1556 1843 1588 1874 p.
1609 1832 1650 1864 35
1666 1844 1714 1874 sq.

1097 1876 1249 1916 Leucata]
1288 1875 1341 1906 Sic
1374 1883 1464 1907 recte
1498 1879 1551 1909 Or.
1587 1888 1614 1908 c.
1651 1876 1783 1919 optimis

1025 1919 1140 1958 codd.,
1177 1926 1210 1951 ut
1243 1921 1279 1951 R.
1305 1921 1340 1952 P.
1363 1921 1438 1952 Vat.
1464 1921 1548 1952 Gud.
1576 1921 1603 1953 1.
1627 1923 1688 1957 ΙΙ.;
1729 1921 1782 1953 alii

1023 1976 1196 2007 perperam
1217 1967 1380 2005 Leucade,·
1405 1977 1479 1997 nam
1501 1966 1532 1997 h.
1552 1965 1572 1997 l.
1592 1965 1784 2008 intelligen-

1025 2010 1101 2040 dum
1125 2017 1173 2041 est
1198 2010 1460 2052 promontorium
1486 2013 1530 2053 (v.
1556 2011 1656 2042 Indic.
1680 2011 1784 2052 hist.),

1023 2065 1089 2085 non
1120 2055 1216 2091 urbs;
1257 2057 1376 2087 Leucas
1407 2062 1516 2087 autem
1549 2067 1610 2098 pro
1643 2057 1787 2087 Leucata

1024 2100 1254 2141 promontorio
1269 2111 1335 2130 non
1353 2107 1536 2143 usurpatur,
1559 2100 1619 2131 nisi
1633 2113 1650 2132 a
1666 2100 1784 2143 poetis.

1095 2145 1223 2174 Utem'm
1245 2146 1277 2174 id
1291 2155 1351 2175 non
1373 2146 1482 2187 potest]
1510 2146 1547 2176 V.
1571 2145 1611 2176 ad
1626 2147 1649 2178 I.
1670 2146 1717 2184 11,
1731 2145 1785 2178 23.

1092 2188 1120 2229 (i.
1137 2186 1189 2219 4¹2.
1215 2190 1309 2227 igyz'tur
1328 2189 1434 2231 etiam]
1461 2190 1499 2220 V.
1522 2189 1563 2219 ad
1586 2191 1608 2219 I.
1633 2189 1662 2225 6,
1689 2191 1740 2222 11.

1091 2234 1121 2263 in
1137 2242 1253 2272 magna
1271 2235 1364 2271 pestis
1379 2237 1467 2272 parte
1482 2235 1657 2274 versantur]
1683 2234 1784 2265 Com-

1024 2283 1118 2318 parat
1142 2278 1239 2308 Moser
1261 2279 1318 2308 III.
1343 2278 1374 2316 ’2,
1398 2277 1437 2310 3:
1474 2277 1507 2308 in
1529 2290 1653 2309 summa
1676 2278 1786 2309 inani—

1024 2328 1093 2352 tate
1107 2322 1241 2352 versari.
1291 2321 1385 2353 Catil.
1409 2323 1465 2355 IV.
1488 2321 1519 2363 4,
1540 2323 1578 2356 7:
1604 2323 1636 2354 in
1661 2335 1785 2355 summa

1024 2366 1198 2398 severitate
1223 2366 1355 2398 versari.

1091 2414 1174 2443 viliis
1196 2413 1321 2442 modum
1342 2414 1484 2453 apponit]
1511 2414 1638 2444 modum
1661 2415 1788 2453 apponit

1024 2463 1180 2498 tanquam
1201 2456 1379 2495 custodem,
1405 2456 1451 2487 uti
1475 2464 1563 2488 recte
1584 2457 1786 2500 interpreta-

1025 2508 1078 2532 tur
1093 2503 1242 2540 Klolzius‚
1267 2513 1373 2543 comp.
1399 2502 1465 2532 Cic.
1490 2501 1590 2533 divin.
1615 2502 1646 2533 in
1666 2501 1783 2533 Caecil.

1028 2545 1086 2584 16,
1112 2546 1171 2578 51:
1210 2546 1398 2583 custodem,
1435 2546 1560 2588 inquit,
1598 2546 1708 2578 Tullio
1731 2558 1783 2577 me

1024 2591 1193 2633 apponite.
1240 2590 1311 2621 Liv.
1343 2592 1393 2628 II,
1422 2593 1481 2622 16:
1526 2591 1717 2622 moderator
1751 2597 1782 2622 et

1023 2635 1178 2678 magister
1202 2635 1387 2666 consulibus
1412 2635 1590 2677 appositus.

1091 2682 1234 2721 proclivi]
1274 2680 1327 2710 Sic
1362 2686 1450 2710 recte
1475 2682 1527 2710 Or.
1556 2691 1584 2710 c.
1618 2679 1782 2723 plerisque

1023 2725 1134 2763 codd„
1161 2725 1257 2755 etiam
1283 2725 1318 2754 R.
1342 2725 1375 2755 P.
1397 2725 1471 2755 Vat.
1495 2724 1580 2756 Gud.
1603 2727 1628 2756 l.
1647 2726 1703 2760 ll.;
1730 2725 1782 2756 alii

1022 2770 1201 2801 deteriores
1233 2768 1329 2800 codd.
1361 2768 1483 2799 habent
1507 2771 1665 2807 proclit⁴e;
1699 2770 1784 2801 scri—

1022 2821 1137 2857 pturae
1168 2817 1199 2846 in
1228 2816 1382 2853 proclive,
1416 2823 1430 2844 e
1461 2816 1591 2852 proclivi
1626 2814 1780 2857 (Gryph.)

1022 2866 1097 2890 sunt
1131 2859 1336 2901 glossemata.
1397 2857 1448 2888 Cf.
1487 2858 1570 2889 Gell.
1606 2859 1646 2890 N.
1674 2864 1712 2890 A.
1734 2859 1781 2897 X,

1021 2902 1082 2935 24:
1115 2905 1199 2934 Sane
1223 2914 1318 2945 quam
1342 2909 1534 2934 consuetum
1558 2903 1595 2933 iis
1617 2903 1781 2934 veteribus

1024 2948 1083 2978 fuit
1118 2947 1234 2979 littoris
1264 2947 1312 2978 his
1343 2946 1535 2990 plerumque
1566 2947 1612 2979 uti
1643 2947 1778 2979 indiffe-
