1863 3221
260 97 311 134 Vl
824 100 1037 131 EPISTULA
1061 99 1268 130 EDITORIS

265 201 421 260 reputo
456 197 666 256 quantum
701 189 972 253 perceperim
1005 183 1336 248 iucunditatis,‘
1363 195 1469 250 quot
1505 195 1652 238 autem
1691 207 1820 251 quam

263 287 413 335 varios
447 284 644 341 fructus,
690 285 785 327 tum
820 279 1083 327 suavissima
1121 280 1292 327 animus
1327 280 1607 342 perfunditur
1637 281 1819 327 laetitia.

267 375 622 437 Quotiescunque
649 371 765 417 enim
797 374 942 416 tecum
970 384 1113 429 eram,
1159 385 1386 417 sermones
1411 371 1594 417 miscere
1631 371 1821 429 solebas,
1857 405 1861 408 -

266 467 312 512 in
335 464 492 525 quibus
521 476 690 509 summa
715 459 909 522 gravitas
934 475 982 506 ac
1005 460 1220 507 severitas
1247 459 1360 506 miro
1388 460 1577 520 quodam
1596 461 1747 522 lepore
1779 464 1822 506 et

262 553 530 600 iucunditate
553 551 793 598 cumulatae
816 554 956 596 erant.
1030 549 1135 598 Sive
1160 565 1362 597 sermone
1383 554 1459 596 tuo
1483 551 1823 612 complectebare

262 643 496 691 universae
516 640 791 701 antiquitatis
817 640 1157 702 praestantiam,
1194 640 1287 688 sive
1319 641 1551 687 versabare
1577 640 1624 686 in
1647 640 1824 702 praedi-

264 732 414 780 candis
436 731 806 794 explanandisque
826 730 1008 776 summis
1031 746 1079 776 ac
1098 730 1174 778 vix
1192 730 1417 776 imitandis
1438 730 1678 777 virtutibus
1699 729 1826 791 prin-

266 823 407 884 cipum
432 820 639 868 Graeciae
664 824 919 882 po'etarum,
954 823 1005 866 ut
1025 819 1234 877 Homeri,
1270 824 1320 866 ut
1344 819 1556 878 Aeschyli
1579 824 1622 865 et
1649 818 1825 881 Sopho-

266 912 359 971 elis,
384 916 433 958 ut
454 911 662 969 Pindari,
699 910 792 958 sive
816 909 1003 970 denique
1025 909 1305 970 antiquarum
1323 909 1575 971 linguarum
1593 909 1825 967 rationem,

264 1002 551 1049 subtilitatem
572 1000 918 1062 elegantiamque
940 1000 1166 1046 enucleare
1191 1004 1234 1045 et
1255 1000 1425 1061 aperire
1447 1000 1681 1046 studebas:
1706 1002 1828 1044 tanta

265 1093 501 1151 loquebare
526 1090 766 1147 alacritate,
802 1094 852 1135 ut
874 1105 1099 1149 nunquam
1125 1090 1200 1136 abs
1223 1094 1266 1135 te
1294 1090 1590 1148 discederem,
1627 1088 1733 1149 quin
1756 1088 1827 1133 in-

266 1179 456 1227 satiabili
475 1179 660 1239 quadam
679 1176 959 1236 antiquarum
976 1176 1227 1222 litterarum
1243 1178 1538 1238 praestantiae
1560 1192 1828 1237 cognoscen-

268 1272 344 1317 dae
382 1284 430 1316 ac
464 1268 641 1330 penitus
676 1266 983 1328 percipiendae
1022 1266 1350 1312 exardescerem
1388 1266 1638 1327 cupiditate.

400 1358 456 1404 In
476 1358 632 1404 harum
656 1372 804 1403 rerum
828 1356 1133 1402 recordatione
1160 1372 1294 1416 quum
1323 1358 1414 1401 tam
1451 1355 1588 1401 multa
1623 1360 1747 1417 grata
1783 1370 1831 1402 ac

266 1449 468 1507 iucunda,
502 1447 659 1508 quibus
683 1447 730 1493 in
753 1446 1009 1492 memoriam
1034 1446 1295 1494 revocandis
1323 1461 1452 1507 saepe
1476 1446 1597 1492 soleo
1624 1445 1831 1504 animum,

268 1540 306 1585 si
335 1539 450 1585 forte
475 1538 522 1584 in
550 1553 705 1599 magna
738 1551 842 1583 sane
876 1536 1159 1599 negotiorum
1195 1536 1476 1583 multitudine
1516 1535 1708 1594 deficiat,
1757 1550 1831 1582 re-

271 1645 418 1676 creare
457 1633 586 1688 atque
621 1627 891 1686 exhilarare,
929 1629 1246 1685 obversentur,
1282 1631 1355 1684 ut,
1392 1626 1431 1672 si
1453 1625 1598 1672 omnia
1621 1640 1828 1671 enarrare

267 1719 424 1778 velim,
462 1719 703 1766 verendum
724 1717 833 1764 mihi
855 1718 938 1776 sit,
973 1733 1027 1763 ne
1048 1718 1095 1763 in
1118 1716 1382 1763 latissimum
1405 1731 1633 1762 excurram
1657 1715 1829 1761 dicendi

270 1825 482 1871 campum,
520 1808 594 1869 qui
613 1824 704 1854 non
726 1809 872 1870 possit
895 1807 1063 1869 exiguis
1090 1807 1300 1869 epistolae
1324 1806 1527 1852 terminis
1553 1805 1828 1852 circumscri-

270 1900 336 1946 bi:
372 1904 517 1945 tamen
541 1914 701 1956 unum,
736 1897 783 1943 in
809 1913 894 1957 quo
920 1897 1105 1943 maxime
1131 1902 1173 1943 te
1202 1902 1411 1957 tuumque
1437 1896 1662 1958 ingenium
1689 1895 1828 1941 admi-

268 1993 391 2036 ratus
419 2004 539 2046 sum,
575 1987 717 2033 facere
745 2002 836 2032 non
862 2002 1068 2047 possum,
1106 1987 1211 2047 quin
1235 1988 1371 2034 verbo
1398 1987 1623 2048 attingam.
1698 1984 1830 2032 Scili-

271 2084 337 2125 cet
374 2094 507 2139 quum
538 2093 684 2124 sermo
721 2075 1000 2122 deferebatur
1033 2077 1088 2121 ad
1120 2075 1376 2134 Platonem,
1412 2081 1530 2134 tum,
1565 2075 1714 2122 nescio
1743 2090 1827 2135 qua

270 2169 491 2216 hilaritate
529 2171 572 2213 et
609 2167 735 2228 quasi
765 2166 1030 2224 serenitate,
1081 2181 1189 2225 quae
1225 2181 1276 2211 ex
1323 2165 1460 2211 oculis
1500 2169 1680 2225 totoque
1728 2165 1829 2212 vul-

269 2264 319 2306 tu
346 2260 558 2316 eluceret,
603 2257 835 2319 perfusus,
881 2260 1002 2302 tanta
1037 2255 1281 2318 gravitate,
1325 2259 1450 2300 tanto
1486 2254 1619 2300 animi
1654 2254 1828 2312 ardore,

269 2353 393 2395 tanto
422 2347 608 2408 denique
640 2346 854 2394 orationis
878 2345 1056 2392 flumine
1092 2346 1226 2392 verba
1259 2344 1473 2402 faciebas,
1520 2348 1569 2389 ut
1602 2345 1652 2389 de
1681 2344 1829 2391 divina

270 2438 390 2484 illius
423 2436 701 2498 philosophia
735 2436 949 2483 divinitus
975 2435 1097 2494 loqui
1132 2434 1348 2482 viderere.
1423 2433 1517 2493 Quo
1553 2432 1714 2480 sactum
1748 2437 1829 2492 est,

270 2531 320 2573 ut
347 2542 478 2587 quum
503 2527 737 2573 universae
770 2525 1101 2588 philosophiae,
1145 2528 1238 2571 tum
1263 2523 1515 2570 Platonicae
1540 2522 1829 2569 addiscendae

272 2616 539 2663 desiderium
565 2616 757 2661 animum
782 2620 955 2677 caperet
976 2614 1380 2677 flagrantissimum.
1451 2612 1705 2659 Platonicae
1729 2611 1830 2673 phi-

272 2706 497 2768 losophiae
535 2705 728 2752 studium
762 2705 944 2767 posthac
978 2705 1175 2752 traduxit
1208 2719 1275 2750 me
1311 2704 1366 2749 ad
1401 2703 1652 2761 Ciceronis,
1698 2701 1829 2748 unius

274 2797 466 2843 omnium
492 2796 799 2842 Romanorum
822 2794 1191 2856 praestantissimi
1210 2792 1447 2855 sapientiae
1470 2792 1694 2855 magistri,
1731 2790 1831 2852 phi-

274 2885 546 2947 losophiam:
585 2901 693 2946 quae
721 2901 853 2945 quum
875 2885 1011 2931 multa
1035 2884 1237 2931 Platonis
1259 2884 1432 2929 decreta
1454 2881 1660 2930 asciverit
1682 2896 1728 2927 ac
1751 2897 1831 2927 sua
