1863 3221
240 104 295 145 62

241 193 305 246 qui
332 190 472 232 mortui
499 197 654 241 essent,
688 203 756 229 eos
781 189 947 230 miseros
973 203 1051 230 non
1077 203 1194 241 esse3
1239 191 1405 245 perfice,
1449 192 1481 232 si
1503 199 1636 247 poteS,
1684 199 1727 233 ut
1750 207 1799 234 ne

1198 269 1266 304 16.
1301 264 1364 304 M.
1386 263 1467 305 Iam
1488 265 1621 305 istut-st
1647 266 1799 320 quidem

840 111 1005 142 LIBER
1031 111 1057 142 Ι.
1082 110 1124 150 8,
1151 110 1200 145 16.

242 264 483 305 moriendum
505 262 658 316 quidem
677 275 765 303 esse
785 262 969 303 miserum
989 270 1134 318 putem.

242 337 336 377 nihil
361 336 506 390 negotii
534 342 615 386 est3
650 335 718 375 sed
742 335 856 376 etiam
881 336 1028 376 maiora
1057 336 1248 377 molior-⁵.
1310 337 1362 377 A.
1395 335 1484 390 Quo
1508 339 1623 378 modo
1648 338 1720 379 hoc
1741 338 1801 379 ni-

243 410 292 450 hil
321 408 466 463 negotii
489 415 573 459 est,
613 415 679 449 aut
700 422 799 462 quae
822 416 913 449 sunt
933 410 1087 450 tandem
1110 409 1182 450 ista
1207 409 1382 450 maiora?
1429 411 1491 451 M.
1526 409 1644 464 Quia,
1677 426 1800 466 quon-

241 483 315 523 iam
333 484 350 508 ⁶
380 488 467 537 post
495 489 659 522 mortem
686 481 780 522 nihil
811 489 872 523 est
895 482 1009 533 mali,
1055 497 1103 522 ne
1133 497 1237 523 mors
1262 483 1415 536 quidem
1441 490 1501 524 est
1524 484 1692 535 malum,
1737 485 1800 525 cui

241 555 458 609 proximum
481 561 632 609 tenipus
657 562 716 595 est
741 562 827 610 post
844 562 1007 596 mortem
1024 588 1034 606 ,
1068 556 1106 596 in
1137 570 1212 610 quo
1238 555 1329 596 mali
1356 557 1449 596 nihil
1476 570 1564 597 esse
1588 558 1796 610 concedis3

241 628 290 668 ita
315 641 363 668 ne
388 628 629 668 moriendum
655 629 808 682 quidem
829 642 918 669 esse
940 630 1079 669 malum
1105 636 1187 680 est3
1221 629 1257 669 id
1284 636 1343 670 est
1366 630 1468 670 enim
1495 631 1798 684 perveniendum

328 726 351 761 4
376 728 430 760 Sic
452 728 583 771 plurimi
607 735 640 761 et
665 729 780 773 optimi
805 729 915 770 codd„
942 731 1027 761 utR.
1044 729 1193 769 Gud.1.;
1220 732 1274 762 Or.
1286 742 1311 762 c.
1326 730 1412 772 vulg.
1434 733 1527 763 islud.
1573 731 1593 763 5
1618 731 1726 764 Verba
1747 734 1801 764 sed

238 776 332 806 etiam
353 776 478 805 maiora
497 776 605 806 molior
628 786 692 806 om.
714 775 751 806 R.
766 773 795 806 1.
818 773 849 806 2.
872 774 904 807 3.
932 773 963 807 4.
990 774 1077 806 Gud.
1098 775 1127 807 1.
1149 777 1189 806 II.
1212 782 1245 807 et
1268 775 1422 818 permulti
1443 776 1497 807 alii
1523 776 1641 814 codd,
1675 777 1801 808 habent

238 825 348 850 autem
378 829 490 850 omnes
523 818 599 850 edd.
620 825 726 859 vett.,
761 831 822 851 nec
846 819 1024 851 desiderari
1055 827 1193 862 possunt
1221 820 1263 852 ob
1285 832 1377 863 seqq.
1398 824 1452 852 auc
1475 831 1553 860 quae
1579 825 1650 853 sunt
1675 823 1799 853 tandem

240 866 299 895 isla
328 866 478 896 maiora?
513 870 546 895 et
574 866 628 896 sed
650 874 729 904 quae
752 869 823 896 sunt
850 875 908 904 ea,
942 875 1020 905 quae
1041 866 1073 896 d.
1094 869 1120 897 le
1142 867 1267 897 maiora
1288 867 1418 898 moliri?
1465 866 1619 897 Veterem
1649 866 1798 897 lacunam

241 908 341 940 fuisse
363 915 454 940 recte
475 908 592 940 statuit
616 911 692 942 Mos.
718 909 770 940 vel
788 909 911 941 librarii
931 909 1066 941 alicuius
1090 910 1344 953 negligentiam,
1371 922 1387 942 e
1411 910 1499 942 cuius
1527 910 1726 953 exemplari,
1752 910 1800 942 uti

240 953 430 996 saepissime
451 953 596 992 factum,
621 954 736 985 vitium
758 953 790 985 in
813 954 972 997 plurimos
992 955 1210 993 manavisset,
1236 955 1289 998 qui
1311 967 1350 986 ex
1373 967 1413 987 eo
1435 955 1596 997 originem
1620 955 1800 987 duxissent.

238 997 260 1030 6
284 998 339 1029 Sic
361 1000 414 1031 Or.
441 1011 468 1030 c.
492 999 528 1029 R.
553 998 584 1030 b.
606 998 742 1040 aliisque
762 999 880 1036 codd.;
906 1006 1016 1038 recte3

242 1042 316 1074 libri
341 1044 514 1082 Quoniam,
539 1045 565 1074 si
589 1054 650 1085 pro
675 1045 778 1084 Quia,
799 1047 958 1084 quoniam.

236 1119 268 1150 in
291 1119 483 1151 memoriam
504 1120 604 1151 verba
617 1121 744 1151 Graeca
767 1122 825 1162 (sc.
839 1120 1002 1163 Epichar-

236 1164 305 1206 mi).
354 1166 446 1203 Quae.
469 1163 600 1207 quidem
622 1164 787 1196 sententia
809 1165 904 1197 unice
924 1177 1002 1197 vera

236 1216 297 1240 est.
333 1210 382 1240 De
395 1209 496 1241 verbo
508 1211 695 1250 aynoscendz'
716 1222 746 1242 v.
768 1210 812 1241 ad
832 1223 859 1242 c.
874 1208 927 1249 24,
945 1211 999 1243 58.

304 1267 332 1309 ᾗ.
351 1263 401 1297 16.
439 1267 489 1297 cui
507 1267 703 1307 proximum]
731 1268 789 1297 Cui
808 1266 878 1297 scil.
901 1265 1002 1297 morti

240 1309 424 1352 proximum
444 1316 573 1352 tempus
594 1317 644 1341 est
662 1316 792 1352 tempus
813 1317 888 1353 post
909 1321 1000 1342 mor-

237 1361 315 1391 tem,
341 1353 374 1385 in
395 1365 460 1396 quo
485 1360 549 1385 etc.
597 1355 681 1386 Mire
705 1357 864 1394 Wopkens.
890 1356 997 1387 Lectt.

236 1399 324 1431 Tull.
350 1400 389 1438 ΙΙ,
413 1399 464 1431 10.
490 1410 522 1441 p.
537 1399 614 1431 250.
638 1400 682 1430 H.
706 1399 816 1431 locum
839 1400 885 1431 ita
909 1400 1000 1432 acci-

237 1443 304 1486 pit:
326 1449 375 1474 est
386 1442 507 1474 malum
521 1443 589 1486 (ei),
610 1443 660 1475 cui
674 1455 767 1487 prox.
783 1451 860 1476 cett.
885 1445 998 1477 Paullo

236 1494 314 1531 post
338 1487 397 1519 de:
423 1490 457 1519 id
479 1492 522 1520 est
545 1491 648 1520 enim
672 1501 702 1520 v.
728 1489 771 1520 ad
796 1501 822 1522 e.
840 1487 880 1528 4,
905 1492 937 1522 ὅ.

312 1543 500 1586 spinosiora]
538 1543 730 1586 Respondet
760 1551 874 1576 nostro
904 1548 998 1585 spitz-

236 1590 345 1629 findiy.
405 1587 584 1630 Comparat
616 1591 716 1620 Moser
741 1591 795 1620 Or.
821 1589 885 1630 32,
913 1588 995 1622 114:

236 1640 370 1676 postea,
408 1632 463 1675 qui
487 1632 650 1664 dialectici
674 1633 846 1672 dicuntur,
879 1634 997 1678 spino—

235 1678 322 1709 siora
345 1677 447 1709 multa
470 1684 679 1720 pepererunt.
721 1678 793 1710 Fin.
820 1680 876 1710 111.
904 1681 930 1717 1,
956 1680 996 1712 3.-

237 1723 424 1754 Stoicorum
453 1722 573 1754 subtile
602 1722 654 1754 vel
685 1723 853 1766 spinosum
887 1724 997 1766 potius

236 1766 427 1810 disputandi
450 1778 563 1809 genus.
611 1768 701 1799 Infra
727 1769 779 1800 lV.
803 1770 834 1806 ὁ,
859 1768 890 1802 9.
919 1770 996 1811 (Pe-

234 1811 414 1855 ripatetici)
440 1811 549 1854 spinas
574 1812 738 1855 partiendi
763 1819 796 1844 et
820 1813 998 1845 definiendi

236 1856 514 1901 praetermittunt.

301 1912 461 1956 confitear]
490 1915 634 1954 Confiteri
658 1912 903 1956 (eingestehen‚
939 1927 999 1947 zu—

235 1957 407 2000 gestehen)
443 1964 492 1989 est
514 1958 740 1997 necessitatis,
772 1962 911 2000 profiteri
936 1971 999 1992 vo-

234 2002 381 2035 luntatis.
430 2002 517 2033 Hinc
541 2004 581 2034 ΙΙ.
611 2002 670 2042 19,
695 2001 758 2035 45:
795 2015 1000 2045 cogamusque

233 2049 381 2087 confiteri.
427 2046 530 2077 Recte
552 2047 693 2089 explicat
717 2050 864 2080 Neidius:
898 2052 1000 2090 Confi-

234 2095 334 2123 tentur
359 2090 429 2134 (wir
451 2090 525 2122 sind
547 2091 750 2133 iiberredet),
776 2093 802 2122 si
825 2093 999 2124 veritatem

234 2135 365 2178 quidem
399 2146 465 2166 non
497 2136 739 2178 perspeximus,
775 2136 855 2168 nihil
890 2144 998 2169 tumen

236 2186 352 2213 contra
384 2179 517 2211 alterius
551 2180 800 2222 argumentandi
837 2181 998 2213 rationem

234 2225 354 2257 afferre
386 2236 579 2267 possumus3
615 2235 758 2257 assensus
791 2226 996 2268 (Ueberzeu—

234 2269 335 2313 gung)
372 2269 433 2300 nisi
467 2276 639 2312 perspecta
672 2270 810 2302 veritate
835 2282 904 2302 esse
930 2283 995 2303 non

236 2321 358 2358 potest.
418 2315 468 2345 Dc
508 2314 754 2356 significationis
798 2315 995 2354 discrimine,

233 2359 324 2403 quod
344 2359 431 2390 inter
453 2361 570 2399 sulendi
584 2384 593 2399 ,
618 2361 803 2400 confitendi,
832 2363 996 2401 profitendi

233 2404 334 2436 verba
357 2403 553 2442 intercedit,
579 2403 746 2446 eleganter
766 2412 801 2436 et
820 2405 919 2437 docte
941 2406 995 2437 di-

234 2448 379 2490 sputavit
406 2451 558 2481 Iordanus
589 2449 632 2480 ad
661 2461 710 2482 or.
740 2462 772 2493 p.
800 2450 939 2482 Caecina
962 2450 994 2491 9,

233 2491 288 2529 24.
314 2504 346 2535 p.
368 2493 437 2525 1131.

302 2557 381 2588 quae
415 2549 493 2579 dicis
517 2552 542 2580 te
564 2552 688 2581 maiora
711 2551 826 2594 moliri]
866 2554 997 2583 Goeren-

234 2594 302 2624 zius
324 2592 368 2623 ad
389 2592 490 2623 Acad.
515 2594 564 2630 ll,
588 2595 642 2626 23.
675 2606 707 2636 p.
727 2596 800 2628 135.
829 2607 846 2627 e
868 2596 995 2628 duobus

234 2636 299 2668 suis
335 2635 431 2668 codd.
467 2636 531 2678 legi
563 2637 652 2668 vult:
697 2644 723 2670 le
757 2642 836 2672 dicis
870 2644 916 2682 (et
948 2641 996 2673 sic

234 2681 385 2722 Duisb.)‚
419 2692 517 2723 quum
549 2683 746 2723 pronomina
777 2684 807 2715 in
834 2692 996 2718 structura

234 2738 302 2759 acc.
329 2738 354 2757 c.
374 2726 435 2756 inf.
460 2725 567 2756 verbis
590 2726 719 2758 dicendi
748 2730 793 2770 (et
818 2730 992 2771 sentiendi)

235 2770 404 2814 praemitti
423 2769 567 2808 soleant,
595 2777 629 2801 ut
649 2771 748 2803 Acad.
775 2774 814 2805 11.
842 2775 904 2812 25,
930 2776 992 2808 79:

233 2824 270 2848 tu
291 2822 402 2848 autem
426 2819 453 2846 te
481 2826 579 2857 negas
603 2834 647 2840 —-
670 2816 806 2847 moveri.
857 2818 928 2850 Fin.
952 2821 992 2851 V.

233 2862 274 2895 31
290 2886 299 2901 ,
323 2859 385 2894 93:
421 2859 475 2902 qui
503 2870 534 2891 se
564 2860 711 2892 fatentur
730 2860 859 2893 virtutis
883 2875 995 2895 caussa

235 2917 275 2937 ne
294 2916 425 2937 manum
444 2904 575 2947 quidem
597 2911 780 2937 versaturos
803 2906 903 2938 fuisse
927 2908 993 2948 (ubi

236 2957 346 2981 tamen
368 2951 508 2990 Madviy.
531 2949 593 2992 leg.
612 2952 670 2990 [at.
691 2950 749 2993 se).
793 2951 830 2982 V.
854 2951 994 2984 eundem

1051 1002 1125 1040 quia
1145 1007 1193 1032 est
1216 996 1286 1040 ὅτι,
1319 1003 1468 1041 quoniam
1492 999 1633 1042 ἐπειδῆς
1666 999 1799 1044 plurimi

1036 1121 1078 1152 ad
1100 1121 1200 1154 Acad.
1224 1124 1249 1153 Ι.
1272 1123 1304 1162 2,
1330 1123 1360 1156 ’7.
1391 1129 1425 1154 et
1445 1123 1487 1154 ad
1510 1123 1580 1155 Fin.
1604 1125 1645 1156 11.
1666 1123 1721 1163 22,
1743 1120 1798 1157 74.

1035 1177 1068 1208 p.
1085 1166 1163 1199 233.
1215 1166 1311 1198 Cuius
1342 1167 1389 1198 rei
1414 1179 1559 1199 caussam
1583 1167 1798 1211 repetendam

1037 1217 1149 1243 censet
1171 1222 1188 1242 a
1211 1212 1352 1244 mirabili
1380 1211 1441 1244 ista
1469 1224 1567 1255 qnam
1597 1213 1799 1255 excogitavit

1035 1258 1102 1288 soni
1123 1255 1283 1288 doctrina.
1331 1257 1471 1289 Omnino
1490 1264 1563 1289 tota
1584 1258 1667 1290 haec
1687 1257 1798 1300 regula

1034 1300 1130 1331 nullis
1157 1300 1255 1332 firmis
1278 1308 1500 1344 superstructa
1526 1309 1576 1334 est
1596 1303 1797 1334 fundamen-

1035 1345 1087 1383 tis,
1115 1345 1161 1376 nti
1184 1345 1444 1378 enucleatissime
1467 1347 1707 1378 demonstravit
1728 1350 1797 1380 Octo

1034 1389 1067 1421 in
1087 1390 1166 1421 Exc.
1184 1391 1264 1423 XII.
1286 1389 1329 1422 ad
1350 1391 1422 1422 Fin.
1459 1392 1510 1422 Cf.
1532 1393 1591 1424 Ed.
1608 1394 1796 1423 Wunderum

1034 1434 1077 1466 ad
1098 1434 1306 1466 Plancianam
1325 1447 1357 1478 p.
1373 1435 1427 1469 71.
1488 1437 1527 1466 Et
1549 1442 1797 1479 praeponuntur

1033 1485 1067 1510 et
1085 1486 1328 1522 postponuntur
1348 1480 1555 1522 pronomina,
1581 1481 1710 1512 diversa
1729 1481 1798 1512 sci-

1032 1523 1111 1555 licet
1131 1524 1317 1556 sententiae
1343 1524 1386 1555 vi.
1434 1524 1519 1555 Illud
1550 1525 1605 1564 fit,
1639 1526 1693 1557 ubi
1722 1537 1795 1558 ma-

1033 1580 1132 1611 gnum
1156 1568 1285 1611 pondus
1314 1569 1348 1600 in
1377 1570 1625 1612 pronominibus
1649 1570 1795 1613 positum

1033 1620 1101 1652 est,
1136 1620 1171 1645 ut
1195 1613 1228 1645 in
1256 1614 1486 1657 oppositione,
1523 1615 1568 1647 cf.
1591 1626 1689 1657 supra
1713 1626 1741 1646 c.
1761 1614 1794 1654 9,

1035 1658 1094 1691 17:
1133 1669 1164 1690 se
1197 1659 1361 1701 sapientes
1395 1670 1465 1690 esse
1496 1662 1688 1701 profitentur.
1736 1661 1795 1692 ΙΙΙ.

1032 1700 1097 1742 34,
1122 1701 1185 1736 &42
1225 1704 1313 1743 Quid
1346 1710 1456 1735 autem
1490 1704 1694 1748 praeclarum
1727 1715 1795 1736 non

1032 1746 1119 1778 idem
1142 1747 1304 1779 arduum?
1341 1759 1371 1780 se
1400 1755 1510 1781 tamen
1542 1749 1576 1780 id
1604 1749 1797 1781 effecturam

1032 1792 1243 1835 philosophia
1270 1795 1442 1833 profilelur.
1490 1794 1591 1826 Acad.
1617 1796 1640 1825 Ι.
1666 1792 1706 1832 4,
1734 1793 1794 1827 16:

1033 1837 1076 1868 ob
1100 1848 1237 1880 eamque
1263 1849 1332 1869 rem
1352 1848 1383 1870 se
1407 1842 1556 1871 arbitrari
1577 1839 1617 1870 ab
1644 1838 1795 1881 Apolline

1034 1883 1176 1913 omnium
1190 1882 1463 1926 sapientissimum
1475 1895 1544 1915 esse
1557 1883 1690 1921 dictum,
1705 1884 1795 1926 quod

1035 1933 1099 1958 etc.
1149 1928 1270 1959 Contra
1294 1934 1540 1970 postponuntur
1566 1928 1690 1971 regenti
1716 1940 1795 1960 ver-

1033 1971 1097 2010 bo,
1132 1972 1185 2003 ubi
1211 1973 1406 2015 pronomina
1427 1973 1549 2005 nullam
1573 1973 1639 2004 vim
1659 1973 1794 2011 habent,

1035 2016 1082 2047 uti
1105 2017 1138 2048 h.
1162 2017 1204 2054 l.;
1239 2017 1369 2060 itaque,
1406 2018 1461 2049 ubi
1486 2029 1582 2061 pron.
1604 2029 1690 2060 pers.
1713 2018 1794 2049 sub-

1032 2061 1154 2092 iectum
1186 2062 1394 2094 indefinitum
1426 2065 1525 2105 (man)
1558 2062 1724 2101 indicant,
1759 2069 1796 2094 nt

1033 2106 1066 2136 in
1088 2107 1259 2137 sententiis
1282 2107 1506 2148 generalibus,
1531 2107 1565 2138 in
1587 2107 1793 2139 definitioni-

1033 2150 1113 2189 bus,
1139 2157 1174 2181 ut
1198 2152 1222 2181 1.
1249 2152 1310 2188 36,
1335 2152 1398 2185 ὅῖτ
1430 2152 1525 2194 quia,
1551 2163 1648 2194 quum
1672 2152 1707 2183 id
1727 2164 1792 2184 non

1034 2194 1174 2233 habea,
1209 2195 1297 2238 quod
1320 2195 1380 2226 tibi
1401 2207 1462 2227 nec
1481 2208 1558 2233 usu,
1594 2208 1656 2227 nec
1678 2204 1793 2228 natura

1030 2238 1072 2270 sit
1095 2246 1208 2282 aptum
1223 2264 1230 2278 ‚
1260 2251 1325 2271 non
1349 2251 1478 2278 careas,
1515 2240 1612 2271 etium
1633 2240 1659 2271 si
1680 2244 1794 2273 sentias

1031 2287 1057 2315 le
1080 2295 1146 2315 non
1170 2284 1302 2316 habere.
1350 2285 1432 2317 lbid.
1449 2284 1511 2317 ὅθί
1538 2285 1569 2316 in
1593 2285 1666 2316 vivo
1689 2285 1792 2317 intel-

1031 2328 1086 2370 ligi
1099 2335 1208 2360 tamen
1226 2335 1346 2372 potest,
1367 2339 1468 2372 regno
1489 2335 1515 2362 te
1538 2341 1668 2366 carere;
1692 2340 1792 2372 porro

1031 2374 1085 2404 ubi
1109 2385 1208 2404 unum
1231 2374 1282 2405 vel
1305 2374 1399 2416 plura
1426 2375 1582 2406 vocabula
1613 2375 1736 2406 maiore
1759 2375 1793 2407 vi

1031 2418 1198 2450 efferenda
1231 2426 1326 2457 sunt,
1363 2427 1398 2450 ut
1419 2421 1459 2451 ΙΙ.
1486 2418 1543 2458 14,
1568 2420 1630 2452 33:
1665 2419 1792 2463 Ecquid

1029 2466 1089 2495 scis
1119 2463 1235 2505 igitur,
1272 2464 1299 2495 si
1332 2464 1410 2506 quid
1446 2464 1488 2495 de
1516 2464 1693 2496 Corinthiis
1727 2465 1792 2496 tuis

1031 2510 1183 2548 amiseris,
1205 2519 1294 2548 posse
1313 2511 1423 2541 habere
1443 2516 1478 2540 te
1500 2509 1659 2551 reliquam
1678 2510 1792 2552 supel-

1029 2552 1174 2584 lectilem
1198 2553 1332 2585 salvam.

1098 2608 1173 2630 aveo
1196 2618 1240 2622 —
1263 2598 1387 2640 audire]
1425 2601 1505 2629 Aveo
1540 2598 1629 2639 (hinc
1663 2598 1790 2640 avidus)

1032 2654 1104 2674 cum
1124 2642 1288 2674 infinitivo
1311 2642 1486 2674 verborum
1510 2644 1637 2682 sciendi,
1660 2645 1792 2675 audien-

1030 2689 1064 2719 di
1084 2688 1211 2719 Tullius
1235 2687 1344 2719 dicere
1368 2686 1453 2718 solet
1476 2698 1535 2729 pro
1557 2690 1659 2727 cupio.
1699 2688 1790 2719 Infra

1031 2744 1059 2764 c.
1077 2730 1130 2769 47,
1160 2733 1238 2765 112:
1274 2742 1354 2762 aveo
1387 2731 1473 2762 enim
1499 2732 1622 2763 audire.
1672 2732 1738 2763 Off.
1765 2734 1790 2764 1.

1029 2775 1070 2815 4,
1099 2778 1158 2809 135:
1195 2787 1293 2819 quum
1322 2787 1430 2806 sumus
1461 2776 1544 2807 curis
1572 2776 1684 2813 vacui,
1720 2783 1790 2808 tum

1029 2832 1160 2852 avernus
1180 2820 1302 2864 aliquid
1321 2820 1458 2859 videre,-
1477 2821 1610 2859 audire,
1634 2820 1789 2854 addisce-

1028 2877 1074 2897 re.
1123 2868 1223 2898 Moser
1245 2864 1338 2896 addit
1360 2864 1434 2896 Div.
1452 2867 1477 2896 Ι.
1503 2864 1535 2905 6,
1560 2866 1612 2898 11.
1659 2865 1725 2898 Sed
1747 2866 1790 2898 ad

1030 2910 1130 2941 Attic.
1154 2912 1193 2943 ΙΙ.
1221 2910 1281 2947 18,
1306 2909 1338 2941 3.
1363 2909 1502 2951 legitur:
1528 2921 1609 2941 aveo
1634 2922 1789 2953 pugnare.

1096 2956 1134 2987 Ut
1155 2973 1196 2979 —
1219 2964 1279 2987 non
1299 2953 1431 2997 efficias]
1468 2955 1515 2986 De
1541 2956 1732 2987 concessivo
1757 2960 1788 2986 ut
