1863 3221
186 90 271 134 308
770 97 937 129 [anun
964 98 1020 129 111.
1047 96 1100 138 29,
1126 96 1180 130 72.

193 180 267 220 illis
283 182 300 206 ὅ
331 179 587 232 requiramus.

195 252 367 293 Primum
393 251 456 291 illa
479 250 608 304 opinio
632 248 736 300 mali,
761 264 835 303 que
855 250 942 290 viso
966 257 1080 303 atque
1101 264 1287 304 persuaso
1313 253 1515 307 aegritudo
1537 254 1755 308 insequitur

652 183 721 218 72.
756 174 834 217 Sed
867 177 995 231 plures
1031 183 1121 217 sunt
1148 190 1311 218 caussae
1334 179 1568 234 suscipiendi
1589 180 1750 221 doloris.

198 324 446 374 necessari03
488 323 625 363 deinde
651 323 766 363 ctiam
793 329 944 377 gratum
974 323 1138 363 mortuis
1167 337 1209 364 se
1233 324 1387 376 faeere,
1428 327 1459 366 si
1488 327 1662 380 graviter
1685 341 1754 368 eos

198 401 368 452 lugeant,
403 397 656 437 arbitrantur.
718 394 885 436 Accedit
905 396 1130 451 superstitio
1155 397 1351 438 muliebris
1371 400 1583 452 quaedam,
1619 399 1755 440 exist-i-

198 479 303 512 mant
322 471 448 521 enim,
483 471 554 510 diis
577 469 856 510 immortalibus
878 483 920 510 58
945 470 1094 510 facilius
1116 470 1400 522 satisfacturos,
1435 473 1467 512 si
1488 486 1620 512 eorum
1645 473 1755 526 plaga

200 544 399 598 perculsi⁷
439 544 599 583 afflictos
630 557 673 583 se
709 550 748 583 et
778 550 923 585 stratos
957 557 1044 583 8558
1072 544 1281 584 fateantur.
1345 543 1425 585 Sed
1452 545 1547 585 haee
1580 545 1682 585 inter
1712 559 1754 585 58

198 632 309 671 quam
331 624 563 671 repugnent,
597 617 769 671 plerique
794 630 871 656 non
892 616 1039 657 vident.
1101 615 1283 657 Laudant
1300 618 1400 657 enim
1421 632 1513 669 eos,
1547 619 1609 671 qni
1632 632 1756 672 aequo

198 691 324 731 animo
345 690 584 739 moriantur3
619 690 680 743 qui
699 690 859 730 alterius
882 696 1043 729 mortem
1067 704 1191 744 aequo
1211 690 1338 731 animo
1362 692 1501 742 ferant,
1537 705 1603 731 eos
1624 698 1753 746 putant

556 762 678 815 Quasi
697 762 778 803 fieri
797 763 872 802 ullo
894 764 1006 802 modo
1025 765 1162 817 possit,
1197 765 1296 817 qnod
1315 764 1351 803 in
1370 765 1558 804 amatorio
1575 778 1756 804 sermone

1473 844 1540 878 75.
1576 836 1756 877 Praecla-

197 763 491 817 vituperandos.

199 837 271 877 (lici
293 836 415 886 solet,
449 843 489 875 ut
508 836 706 890 quisquam
727 836 810 890 plus
834 836 997 876 alterum
1023 836 1179 889 diligat,
1215 851 1326 890 quan]
1351 851 1408 877 se.

200 924 283 949 rum
308 910 396 949 illud
425 917 480 948 es!
507 916 565 958 et,
607 909 638 948 si
660 908 837 962 quaeris,
882 916 1028 949 rertuni
1052 924 1203 963 quoqne
1230 917 1267 949 et
1294 924 1427 950 verum
1444 942 1453 960 ,
1499 918 1537 950 ut
1561 925 1652 960 eos,
1694 911 1754 964 qni

290 1030 312 1063 6
335 1032 388 1064 Sic
413 1036 467 1064 Or.
496 1044 523 1063 e.
547 1032 633 1064 Gud.
650 1032 677 1064 l.
697 1031 729 1064 2.
752 1032 826 1065 cod.
850 1032 983 1070 Ursiui3

1009 1032 1126 1075 reliqui
1150 1032 1262 1075 (etiam
1284 1033 1322 1064 R.
1344 1033 1390 1072 P.)
1414 1036 1453 1064 ab
1477 1035 1567 1064 aliis:
1591 1033 1679 1075 quod
1700 1044 1754 1064 re-

202 1077 291 1119 cepit
311 1077 367 1108 Kl.
388 1083 420 1108 et
445 1077 528 1115 fuse,
551 1077 609 1108 sed
633 1077 766 1115 frustra,
791 1076 954 1113 defendit,
981 1088 1065 1108 nunc
1087 1084 1195 1108 autem
1217 1077 1248 1108 in
1273 1077 1357 1108 Add.
1378 1077 1448 1109 iure
1470 1077 1585 1111 reiicit.
1622 1079 1661 1109 V.
1674 1077 1758 1110 Adn.

201 1124 263 1154 Alii
297 1128 330 1153 et
362 1124 406 1153 illz'
440 1133 539 1164 saepe
572 1121 819 1153 confunduntur
851 1122 883 1153 in
911 1121 1007 1153 codd.

201 1169 298 1201 Beier.
323 1166 365 1198 ad
388 1166 452 1199 off.
479 1168 519 1198 11.
540 1164 573 1198 9.
597 1178 630 1210 p.
650 1163 705 1199 63.
750 1165 771 1199 7
797 1178 827 1198 v.
852 1167 937 1198 Adn.

200 1251 349 1277 naturam
370 1244 493 1276 afferre
517 1244 683 1284 dolorem,
713 1257 776 1276 nec
800 1245 828 1275 ei
854 1244 960 1276 resisti

200 1301 316 1332 posse3
341 1289 439 1321 iidem
464 1297 573 1321 tamen
600 1290 764 1328 fatentur,
791 1289 959 1332 graviores

200 1335 421 1378 aegritudines
438 1335 569 1377 suscipi,
594 1346 690 1378 quam
712 1341 827 1366 natura
851 1341 959 1375 cogat,

199 1380 232 1411 h.
259 1391 287 1411 e.
324 1391 390 1411 non
423 1380 457 1410 in
491 1387 625 1417 natura,
661 1379 721 1410 sed
746 1379 779 1410 in
805 1379 961 1421 opinione

199 1435 269 1455 esse
305 1423 554 1466 aegritudinem.
611 1425 702 1456 Haec
734 1435 814 1455 vero
849 1435 959 1455 secum

199 1475 357 1511 pugnant.
403 1468 542 1500 Licetne
562 1468 662 1511 igitur
682 1468 777 1500 nobis
807 1468 895 1499 idem
919 1469 958 1499 ab

200 1514 261 1545 illis
284 1512 459 1557 requirere,
486 1514 574 1556 quod
594 1513 641 1544 illi
663 1525 681 1545 a
703 1513 796 1544 nobis
819 1513 959 1556 requisi-—

197 1565 335 1597 verunt,
361 1557 525 1589 dicentes:
561 1560 636 1598 Quis
658 1562 723 1590 tam
744 1560 869 1590 clemens
890 1560 960 1589 —-?

265 1605 293 1646 §.
316 1603 370 1637 7‘2.
397 1606 458 1635 Sed
477 1606 582 1643 plures
603 1607 675 1635 sunt
696 1603 839 1645 caussae]
865 1605 958 1642 Quo-

198 1648 285 1680 niam
318 1648 613 1690 Peripateticorum
657 1647 854 1680 scntentiam
898 1648 960 1679 sibi

198 1692 426 1724 contradicere
448 1693 571 1729 docuit,
595 1692 638 1723 ad
656 1692 792 1734 singula,
817 1704 900 1735 quae
919 1693 959 1724 ab

198 1738 261 1770 illis
287 1737 504 1775 obiiciantur,
539 1737 739 1779 respondere
760 1738 960 1780 aggreditur.

198 1782 297 1822 Quod
321 1782 458 1824 primum
484 1794 549 1813 non
574 1782 605 1812 in
631 1781 806 1824 opinione,
843 1783 900 1813 sed
925 1782 957 1813 in

196 1833 313 1859 natura
349 1839 418 1858 esse
449 1826 688 1869 aegritudinem
712 1826 845 1864 dicunt,
884 1827 958 1870 quia

196 1883 293 1903 nemo
317 1878 384 1903 tam
405 1872 538 1903 demens
560 1872 620 1911 sit,
652 1878 687 1902 ut
707 1883 764 1902 sua
786 1871 959 1903 voluntate

196 1923 360 1955 maereat,
398 1928 436 1948 80
475 1916 648 1948 confutare
683 1916 815 1955 studet,
857 1917 956 1959 quod,

196 1973 279 2004 quae
304 1973 435 1992 caussae
460 1962 639 1993 afferantur
669 1961 866 2004 suscipiendi
892 1961 957 1993 (lo—

196 2005 284 2043 loris,
311 2017 375 2037 non
396 2006 428 2036 in
452 2012 567 2036 natura
588 2005 713 2047 positas
737 2018 817 2044 esse,
843 2006 902 2037 sed
924 2007 956 2038 in

194 2061 348 2092 perversu
369 2050 538 2080 hominum
564 2049 720 2091 opinione
744 2050 958 2083 demonstrat.

195 2097 223 2137 ᾗ.
250 2095 302 2128 72.
327 2101 360 2125 et
384 2094 437 2127 73.

262 2141 403 2170 Primum
422 2141 477 2170 illa
495 2140 598 2178 opinio
610 2140 702 2181 mali]
723 2139 831 2170 Prima
851 2140 957 2171 susci-

194 2183 307 2226 piendi
331 2183 456 2214 doloris
482 2195 592 2214 caussa
626 2183 736 2225 posita
770 2190 819 2214 est
843 2183 875 2214 in
901 2184 956 2215 illa

195 2228 362 2270 opinione,
382 2228 505 2270 aliquid
520 2239 589 2259 esse
604 2227 742 2265 malum3
768 2240 842 2260 nam
858 2239 954 2271 quum

193 2272 317 2316 aliquid
338 2272 523 2304 hominibus
547 2272 668 2304 malum
690 2273 793 2304 visum
815 2279 875 2309 est,
900 2273 952 2304 id-

194 2328 256 2360 que
284 2317 344 2349 sibi
378 2323 628 2359 persuascrunt,
666 2318 838 2360 aegritudo
863 2318 953 2349 inse—

193 2362 303 2404 quitur
325 2363 519 2393 necessario.

259 2417 319 2445 quo
341 2410 406 2438 viso
429 2411 519 2446 atque
552 2408 714 2448 persuaso]
753 2408 815 2438 Per
847 2414 953 2439 attra-

192 2450 335 2481 ctionem
359 2451 521 2493 quandam
545 2452 693 2482 additum
717 2458 764 2483 est
784 2463 953 2491 persuaso:

191 2505 250 2534 quo
272 2504 432 2534 persuaso,
456 2508 521 2527 non
545 2496 763 2528 antecedente
786 2497 850 2528 alio
875 2509 952 2540 par-

191 2538 315 2581 ti‹·ipi0,
343 2547 430 2570 certe
452 2552 514 2571 uon
541 2541 674 2572 dixisset
697 2542 835 2573 Tullius.
880 2543 951 2574 No-

190 2583 364 2614 minativus
382 2590 415 2614 et
432 2585 632 2616 accusativus
647 2590 865 2625 pronominum
881 2599 952 2618 cnm

190 2627 317 2671 passiva
339 2628 444 2660 forma
468 2629 559 2659 liuius
584 2630 673 2660 verbi
696 2631 798 2662 iuncti
822 2632 950 2674 saepius

190 2672 277 2714 apud
304 2672 494 2703 Ciceronem
521 2674 744 2715 reperiuntur,
771 2683 805 2706 ut
833 2678 870 2707 11.
895 2678 948 2714 20,

189 2716 242 2749 47.
269 2718 350 2757 quod
374 2717 399 2748 si
422 2716 479 2747 tibi
503 2728 683 2756 persuasum
706 2724 757 2750 est.
781 2721 819 2751 V.
838 2723 950 2752 Ranis-

188 2763 274 2793 horn.
301 2762 374 2792 Lat.
401 2762 456 2793 Gr.
490 2765 516 2801 ᾗ.
539 2762 608 2794 118.
636 2763 714 2793 Not.
735 2765 762 2795 l.
811 2767 947 2799 Ix‘i'zhner.

189 2806 226 2837 L.
253 2807 308 2837 Gr.
336 2807 362 2848 ξ.
385 2805 464 2843 114,
487 2806 517 2838 3.

252 2860 358 2882 eorum
378 2853 476 2891 playa
498 2850 646 2892 perculsi]
680 2851 848 2882 Ernestius
873 2864 946 2884 cum

1056 1123 1095 1155 V.
1120 1125 1276 1154 Bremium
1301 1122 1343 1153 ad
1368 1123 1439 1153 Fat.
1467 1134 1493 1154 c.
1517 1122 1545 1154 1.
1571 1134 1603 1165 p.
1624 1122 1655 1153 5.
1705 1123 1756 1154 Cf.

997 1245 1130 1285 Duisb.‚
1154 1245 1233 1285 sed,
1260 1252 1294 1277 ut
1316 1246 1466 1288 equidem
1489 1246 1652 1284 existimo,
1677 1258 1756 1288 per-

995 1302 1118 1332 peram.
1161 1291 1276 1333 Neque
1296 1291 1401 1333 probo
1424 1294 1589 1330 Bromium,
1610 1292 1665 1334 qui
1685 1303 1757 1322 cum

994 1335 1157 1366 Lambino
1190 1335 1221 1366 in
1256 1336 1352 1366 Corn.
1380 1337 1463 1378 Nep.
1491 1338 1622 1369 Eumeu.
1650 1337 1689 1373 V,
1718 1338 1753 1368 l:

995 1381 1052 1411 hac
1073 1382 1124 1410 ille
1146 1389 1386 1419 percussus
1409 1384 1541 1420 playa
1564 1392 1623 1412 non
1648 1391 1755 1413 succu-

994 1426 1057 1456 buit
1080 1435 1139 1466 pro
1162 1424 1247 1466 vulg.
1276 1427 1435 1464 perculsus
1456 1425 1554 1466 legit,
1588 1426 1629 1456 ad
1657 1426 1754 1456 Dion.

995 1470 1033 1506 V,
1059 1468 1089 1501 3.
1126 1474 1250 1500 temere
1271 1475 1436 1509 statuens,
1472 1472 1655 1509 percellendi
1678 1481 1754 1501 ver-

993 1513 1071 1544 bum
1093 1513 1168 1551 dici,
1194 1513 1248 1544 ubi
1273 1514 1412 1545 actionis
1431 1515 1579 1546 efficacia
1600 1526 1657 1556 per
1678 1514 1756 1546 lon-

993 1570 1069 1600 gum
1091 1564 1220 1601 tempus
1247 1558 1474 1597 continuetur,
1510 1560 1656 1602 quamvis
1680 1571 1756 1591 mo-

994 1610 1046 1634 tus
1069 1602 1116 1634 vis
1140 1603 1234 1634 initio
1269 1602 1354 1634 haud
1377 1603 1554 1635 admodum
1580 1605 1754 1636 vehemens

994 1648 1056 1683 sit,
1095 1650 1285 1687 percutiendi
1320 1655 1433 1680 eontra
1468 1649 1601 1680 verbum
1639 1656 1754 1681 notare

994 1692 1136 1723 subitum
1160 1699 1304 1731 motum,
1341 1693 1449 1736 primo
1474 1694 1605 1736 quidem
1628 1694 1754 1737 impetn

994 1737 1335 1777 vehementissimum,
1368 1739 1426 1770 sed
1450 1739 1560 1781 paullo
1591 1746 1667 1781 post
1691 1739 1753 1771 de-

993 1781 1165 1812 sinentem.
1215 1784 1318 1814 Immo
1341 1782 1438 1824 plane
1461 1784 1660 1815 contrarium
1682 1791 1752 1816 sta-

991 1826 1149 1858 tuendum
1184 1833 1244 1858 est.
1301 1829 1468 1860 Percellere
1504 1829 1588 1860 enim
1624 1840 1754 1871 semper

993 1871 1114 1903 dicitur
1147 1871 1187 1902 de
1218 1871 1334 1911 rebus,
1369 1873 1438 1903 sive
1474 1873 1649 1905 levioribus
1683 1874 1753 1904 sive

975 1916 1206 1958 gravioribus,
1232 1928 1324 1958 quae,
1350 1928 1448 1959 quum
1466 1918 1603 1954 subitae,
1630 1929 1753 1960 repen-

993 1961 1101 1999 tinae,
1127 1961 1343 2003 necopinatae
1365 1962 1460 1993 nobis
1483 1963 1654 2002 accidant,
1679 1963 1752 1994 ani—

991 2017 1078 2037 mum
1111 2013 1259 2037 nostrum
1285 2014 1496 2038 consternant
1519 2008 1752 2039 vehementer-

993 2062 1055 2093 que
1088 2050 1181 2082 initio
1216 2051 1348 2093 quidem
1379 2059 1608 2090 commovent,
1644 2064 1751 2095 quan-

992 2107 1089 2137 quam
1111 2096 1221 2137 paullo
1246 2103 1323 2138 post
1345 2097 1386 2127 ad
1409 2109 1468 2128 nos
1494 2097 1600 2128 redire
1632 2109 1751 2140 possu-

991 2151 1060 2170 mus
1075 2164 1082 2177 ,
1109 2146 1143 2170 ut
1166 2140 1242 2171 Sall.
1265 2142 1331 2181 lug.
1355 2142 1416 2178 ὃὸ,
1443 2144 1482 2173 2:
1517 2143 1621 2173 nostri
1644 2152 1751 2182 repen-

989 2187 1051 2215 tino
1074 2191 1162 2215 metu
1182 2187 1325 2223 perculsi.
1376 2186 1497 2216 Contra
1517 2190 1673 2224 perculere
1697 2186 1751 2217 di-

992 2229 1075 2259 citur
1096 2228 1138 2259 (18
1157 2229 1251 2260 rebus
1274 2228 1398 2271 magnis
1421 2230 1646 2272 gravibusque,
1668 2242 1750 2273 quae

989 2274 1131 2304 animum
1157 2280 1306 2304 nostrum
1333 2285 1398 2305 non
1429 2281 1641 2306 consternant
1675 2275 1748 2317 qui-

989 2318 1063 2348 (lem
1087 2325 1119 2349 et
1142 2318 1183 2349 de
1203 2318 1305 2360 gradu
1328 2325 1479 2361 statuque
1501 2331 1559 2350 sno
1581 2319 1748 2357 deficiunt,

989 2363 1046 2394 sed
1072 2363 1105 2394 in
1130 2362 1260 2394 intimos
1294 2363 1360 2394 eius
1394 2375 1540 2395 recessus
1575 2371 1750 2407 penetrant

989 2415 1020 2438 et
1046 2419 1119 2438 eum
1155 2414 1259 2438 totum
1295 2416 1458 2450 occupant
1491 2416 1750 2452 occupatumque

988 2453 1019 2483 in
1053 2452 1188 2495 longum
1226 2460 1351 2495 tempus
1386 2459 1511 2485 tenent.
1567 2454 1749 2485 Verborum

988 2497 1162 2528 discrimen
1199 2498 1251 2528 alii
1288 2497 1382 2528 aliter
1418 2506 1647 2540 exposuerunt.
1706 2500 1744 2529 V¹

988 2545 1155 2573 Bentleium
1176 2542 1217 2573 ad
1232 2543 1346 2573 Horat.
1360 2543 1466 2583 Epod.
1494 2544 1551 2579 xl,
1571 2545 1615 2578 2„
1641 2544 1746 2574 Ruhn-

987 2589 1053 2618 h'en.
1087 2587 1118 2617 in
1147 2587 1283 2618 Dictatis
1316 2586 1357 2617 ad
1379 2588 1516 2618 Terent.
1543 2586 1641 2617 Andr.
1664 2588 1689 2618 I.
1720 2588 1745 2625 l,

986 2632 1060 2669 90„
1093 2631 1146 2673 qui
1172 2631 1311 2662 Bentleii
1335 2630 1471 2673 vestigia
1504 2631 1643 2673 premit,
1669 2634 1745 2662 Gor-

984 2686 1065 2708 renz.
1092 2676 1131 2706 ad
1160 2675 1309 2707 Academ.
1337 2677 1358 2705 1.
1386 2686 1416 2716 p.
1438 2677 1512 2715 2¹0„
1549 2675 1602 2717 qui
1629 2676 1746 2706 Rremii

984 2721 1166 2751 sententiae
1198 2720 1436 2762 adstipulatur,
1477 2722 1572 2751 Krilz.
1599 2719 1640 2750 ad
1666 2721 1743 2751 Sall.

986 2764 1054 2796 Cat.
1077 2764 1106 2800 6,
1133 2769 1163 2796 4.
1190 2777 1221 2807 p.
1237 2765 1280 2797 33
1295 2776 1361 2806 sq„
1387 2764 1439 2806 qui
1467 2764 1582 2794 Bremii
1608 2771 1744 2796 seuten—

982 2809 1060 2840 tiam
1085 2821 1155 2840 cum
1175 2809 1309 2839 Bentleii
1328 2808 1538 2845 consociavit,
1564 2816 1596 2839 et
1610 2811 1742 2841 Ellendt.

981 2853 1023 2884 ad
1045 2855 1077 2885 C.
1103 2853 1143 2885 de
1167 2856 1218 2886 Or.
1244 2855 1280 2889 11,
1303 2853 1354 2885 70.
1378 2864 1409 2894 p.
1427 2852 1490 2884 31⁴.)
1508 2864 1569 2895 Sq·‚
1595 2853 1649 2896 qui
1670 2865 1743 2885 ma—

185 2895 312 2926 duobus
345 2897 425 2926 Oxx.
460 2895 632 2936 legendum
667 2901 761 2937 putat
794 2901 944 2936 percussi,
978 2898 1065 2929 xime
1085 2909 1160 2930 cum
1175 2897 1301 2928 Bremio
1321 2896 1498 2939 conspirat.
1541 2898 1613 2929 Hoc
1634 2905 1743 2929 autem

184 2950 290 2982 neque
324 2939 418 2972 aliter
452 2939 572 2982 legitur
606 2939 639 2971 in
669 2939 771 2971 Rehd.
799 2940 885 2973 Gud.
909 2944 939 2973 ⁴2.
979 2942 1064 2981 loco,
1091 2942 1144 2974 ubi
1163 2943 1224 2974 hoc
1243 2941 1374 2973 verbum
1399 2953 1469 2973 cum
1489 2944 1598 2983 playa,
1624 2942 1742 2974 deinde
