<?xml version="1.0" encoding="UTF-8"?>
<!DOCTYPE html PUBLIC "-//W3C//DTD XHTML 1.0 Transitional//EN"
    "http://www.w3.org/TR/xhtml1/DTD/xhtml1-transitional.dtd">
<html xmlns="http://www.w3.org/1999/xhtml" xml:lang="en" lang="en">
 <head>
  <title>
</title>
<meta http-equiv="Content-Type" content="text/html;charset=utf-8" />
  <meta name='ocr-system' content='tesseract 3.04.00' />
  <meta name='ocr-capabilities' content='ocr_page ocr_carea ocr_par ocr_line ocrx_word'/>
</head>
<body>
  <div class='ocr_page' id='page_1' title='image "./tusculanaedisput00ciceuoft_0143.png"; bbox 0 0 1832 3137; ppageno 0'>
   <div class='ocr_carea' id='block_1_1' title="bbox 622 99 1007 144">
    <p class='ocr_par' dir='ltr' id='par_1_1' title="bbox 622 99 1007 144">
     <span class='ocr_line' id='line_1_1' title="bbox 622 99 1007 144; baseline -0.008 -9"><span class='ocrx_word' id='word_1_1' title='bbox 622 103 787 136; x_wconf 71' lang='lat' dir='ltr'>mann</span> <span class='ocrx_word' id='word_1_2' title='bbox 813 103 839 134; x_wconf 87' lang='lat'>1.</span> <span class='ocrx_word' id='word_1_3' title='bbox 865 99 929 144; x_wconf 79' lang='lat'>22,</span> <span class='ocrx_word' id='word_1_4' title='bbox 954 99 1007 133; x_wconf 81' lang='lat'>52.</span> 
     </span>
    </p>
   </div>
   <div class='ocr_carea' id='block_1_2' title="bbox 1519 85 1589 126">
    <p class='ocr_par' dir='ltr' id='par_1_2' title="bbox 1519 85 1589 126">
     <span class='ocr_line' id='line_1_2' title="bbox 1519 85 1589 126; baseline 0 0"><span class='ocrx_word' id='word_1_5' title='bbox 1519 85 1589 126; x_wconf 85' lang='lat'>101</span> 
     </span>
    </p>
   </div>
   <div class='ocr_carea' id='block_1_3' title="bbox 5 173 1589 320">
    <p class='ocr_par' dir='ltr' id='par_1_3' title="bbox 5 173 1589 320">
     <span class='ocr_line' id='line_1_3' title="bbox 13 173 1589 246; baseline -0.011 -15"><span class='ocrx_word' id='word_1_6' title='bbox 13 189 154 246; x_wconf 80' lang='lat' dir='ltr'>,qualis</span> <span class='ocrx_word' id='word_1_7' title='bbox 179 186 331 229; x_wconf 83' lang='lat' dir='ltr'>animus</span> <span class='ocrx_word' id='word_1_8' title='bbox 358 185 395 225; x_wconf 89' lang='lat' dir='ltr'>iu</span> <span class='ocrx_word' id='word_1_9' title='bbox 420 197 583 238; x_wconf 83' lang='lat' dir='ltr'>corpore</span> <span class='ocrx_word' id='word_1_10' title='bbox 608 183 680 233; x_wconf 85' lang='lat' dir='ltr'>sit,</span> <span class='ocrx_word' id='word_1_11' title='bbox 716 189 898 235; x_wconf 87' lang='lat' dir='ltr'>tanquam</span> <span class='ocrx_word' id='word_1_12' title='bbox 918 180 1070 220; x_wconf 85' lang='lat' dir='ltr'>alienae</span> <span class='ocrx_word' id='word_1_13' title='bbox 1091 177 1278 228; x_wconf 81' lang='lat' dir='ltr'>domui²‚</span> <span class='ocrx_word' id='word_1_14' title='bbox 1312 189 1423 230; x_wconf 87' lang='lat' dir='ltr'>quam</span> <span class='ocrx_word' id='word_1_15' title='bbox 1449 173 1589 228; x_wconf 84' lang='lat' dir='ltr'>qualis,</span> 
     </span>
     <span class='ocr_line' id='line_1_4' title="bbox 5 247 1588 320; baseline -0.011 -16"><span class='ocrx_word' id='word_1_16' title='bbox 5 252 145 320; x_wconf 60' lang='lat' dir='ltr'>{quum</span> <span class='ocrx_word' id='word_1_17' title='bbox 180 260 324 302; x_wconf 84' lang='lat' dir='ltr'>exierit</span> <span class='ocrx_word' id='word_1_18' title='bbox 357 265 395 299; x_wconf 87' lang='lat' dir='ltr'>et</span> <span class='ocrx_word' id='word_1_19' title='bbox 427 258 465 298; x_wconf 92' lang='lat' dir='ltr'>in</span> <span class='ocrx_word' id='word_1_20' title='bbox 504 257 666 297; x_wconf 84' lang='lat' dir='ltr'>liberum</span> <span class='ocrx_word' id='word_1_21' title='bbox 700 254 871 301; x_wconf 83' lang='lat' dir='ltr'>caelum,</span> <span class='ocrx_word' id='word_1_22' title='bbox 916 253 1024 307; x_wconf 86' lang='lat' dir='ltr'>quasi</span> <span class='ocrx_word' id='word_1_23' title='bbox 1061 253 1214 292; x_wconf 79' lang='lat' dir='ltr'>domuin</span> <span class='ocrx_word' id='word_1_24' title='bbox 1245 263 1376 298; x_wconf 82' lang='lat' dir='ltr'>suam,</span> <span class='ocrx_word' id='word_1_25' title='bbox 1421 247 1588 290; x_wconf 83' lang='lat' dir='ltr'>venerit.</span> 
     </span>
    </p>
   </div>
   <div class='ocr_carea' id='block_1_4' title="bbox 5 322 1594 606">
    <p class='ocr_par' dir='ltr' id='par_1_4' title="bbox 5 322 1594 606">
     <span class='ocr_line' id='line_1_5' title="bbox 5 322 1591 386; baseline -0.01 -10"><span class='ocrx_word' id='word_1_26' title='bbox 5 327 119 379; x_wconf 74' lang='lat' dir='ltr'>lN-isi</span> <span class='ocrx_word' id='word_1_27' title='bbox 139 338 156 363; x_wconf 86' lang='lat'>³</span> <span class='ocrx_word' id='word_1_28' title='bbox 187 334 315 384; x_wconf 89' lang='lat' dir='ltr'>enim,</span> <span class='ocrx_word' id='word_1_29' title='bbox 358 332 458 386; x_wconf 89' lang='lat' dir='ltr'>quod</span> <span class='ocrx_word' id='word_1_30' title='bbox 494 342 688 383; x_wconf 84' lang='lat' dir='ltr'>nunquam</span> <span class='ocrx_word' id='word_1_31' title='bbox 723 326 914 372; x_wconf 81' lang='lat' dir='ltr'>vidimus,</span> <span class='ocrx_word' id='word_1_32' title='bbox 946 326 981 365; x_wconf 92' lang='lat' dir='ltr'>id</span> <span class='ocrx_word' id='word_1_33' title='bbox 1013 325 1126 379; x_wconf 84' lang='lat' dir='ltr'>quale</span> <span class='ocrx_word' id='word_1_34' title='bbox 1155 324 1230 374; x_wconf 83' lang='lat' dir='ltr'>sit,</span> <span class='ocrx_word' id='word_1_35' title='bbox 1273 322 1490 375; x_wconf 83' lang='lat' dir='ltr'>intelligere</span> <span class='ocrx_word' id='word_1_36' title='bbox 1514 335 1591 360; x_wconf 90' lang='lat' dir='ltr'>non</span> 
     </span>
     <span class='ocr_line' id='line_1_6' title="bbox 31 393 1593 466; baseline -0.012 -15"><span class='ocrx_word' id='word_1_37' title='bbox 31 422 259 466; x_wconf 77' lang='lat' dir='ltr'>possumu83</span> <span class='ocrx_word' id='word_1_38' title='bbox 294 413 403 446; x_wconf 82' lang='lat' dir='ltr'>certe</span> <span class='ocrx_word' id='word_1_39' title='bbox 430 411 469 444; x_wconf 86' lang='lat' dir='ltr'>et</span> <span class='ocrx_word' id='word_1_40' title='bbox 493 404 606 444; x_wconf 89' lang='lat' dir='ltr'>deum</span> <span class='ocrx_word' id='word_1_41' title='bbox 628 402 752 456; x_wconf 90' lang='lat' dir='ltr'>ipsum</span> <span class='ocrx_word' id='word_1_42' title='bbox 777 406 816 439; x_wconf 86' lang='lat' dir='ltr'>et</span> <span class='ocrx_word' id='word_1_43' title='bbox 840 398 1011 439; x_wconf 82' lang='lat' dir='ltr'>divinum</span> <span class='ocrx_word' id='word_1_44' title='bbox 1036 398 1228 448; x_wconf 80' lang='lat' dir='ltr'>animum,</span> <span class='ocrx_word' id='word_1_45' title='bbox 1261 409 1425 451; x_wconf 87' lang='lat' dir='ltr'>corpore</span> <span class='ocrx_word' id='word_1_46' title='bbox 1451 393 1593 434; x_wconf 83' lang='lat' dir='ltr'>libera-</span> 
     </span>
     <span class='ocr_line' id='line_1_7' title="bbox 33 467 1593 535; baseline -0.012 -11"><span class='ocrx_word' id='word_1_47' title='bbox 33 491 135 533; x_wconf 84' lang='lat' dir='ltr'>tum,</span> <span class='ocrx_word' id='word_1_48' title='bbox 169 479 405 535; x_wconf 74' lang='lat' dir='ltr'>cogitatione</span> <span class='ocrx_word' id='word_1_49' title='bbox 434 475 635 530; x_wconf 75' lang='lat' dir='ltr'>complecti</span> <span class='ocrx_word' id='word_1_50' title='bbox 664 473 921 528; x_wconf 77' lang='lat' dir='ltr'>possumu84.</span> <span class='ocrx_word' id='word_1_51' title='bbox 983 469 1250 510; x_wconf 78' lang='lat' dir='ltr'>Dicaearchus</span> <span class='ocrx_word' id='word_1_52' title='bbox 1270 469 1422 523; x_wconf 86' lang='lat' dir='ltr'>quidem</span> <span class='ocrx_word' id='word_1_53' title='bbox 1443 474 1481 507; x_wconf 84' lang='lat' dir='ltr'>et</span> <span class='ocrx_word' id='word_1_54' title='bbox 1501 467 1593 507; x_wconf 87' lang='lat' dir='ltr'>Ari-</span> 
     </span>
     <span class='ocr_line' id='line_1_8' title="bbox 32 540 1594 606; baseline -0.012 -9"><span class='ocrx_word' id='word_1_55' title='bbox 32 563 246 604; x_wconf 81' lang='lat' dir='ltr'>stoxenus,</span> <span class='ocrx_word' id='word_1_56' title='bbox 293 552 382 606; x_wconf 87' lang='lat' dir='ltr'>quia</span> <span class='ocrx_word' id='word_1_57' title='bbox 410 548 575 590; x_wconf 78' lang='lat' dir='ltr'>difficilis</span> <span class='ocrx_word' id='word_1_58' title='bbox 599 553 683 587; x_wconf 82' lang='lat' dir='ltr'>erat</span> <span class='ocrx_word' id='word_1_59' title='bbox 702 545 843 595; x_wconf 75' lang='lat' dir='ltr'>animi,</span> <span class='ocrx_word' id='word_1_60' title='bbox 877 543 966 598; x_wconf 88' lang='lat' dir='ltr'>quid</span> <span class='ocrx_word' id='word_1_61' title='bbox 988 549 1054 583; x_wconf 83' lang='lat' dir='ltr'>ant</span> <span class='ocrx_word' id='word_1_62' title='bbox 1076 543 1200 596; x_wconf 85' lang='lat' dir='ltr'>qualis</span> <span class='ocrx_word' id='word_1_63' title='bbox 1219 549 1340 591; x_wconf 88' lang='lat' dir='ltr'>esset,</span> <span class='ocrx_word' id='word_1_64' title='bbox 1375 540 1594 593; x_wconf 83' lang='lat' dir='ltr'>intelligen-</span> 
     </span>
    </p>
   </div>
   <div class='ocr_carea' id='block_1_5' title="bbox 36 617 991 678">
    <p class='ocr_par' dir='ltr' id='par_1_5' title="bbox 36 617 991 678">
     <span class='ocr_line' id='line_1_9' title="bbox 36 617 991 678; baseline -0.015 -9"><span class='ocrx_word' id='word_1_65' title='bbox 36 629 103 678; x_wconf 84' lang='lat' dir='ltr'>tia,</span> <span class='ocrx_word' id='word_1_66' title='bbox 138 627 281 667; x_wconf 91' lang='lat' dir='ltr'>nullum</span> <span class='ocrx_word' id='word_1_67' title='bbox 306 624 463 664; x_wconf 87' lang='lat' dir='ltr'>omnino</span> <span class='ocrx_word' id='word_1_68' title='bbox 488 621 655 662; x_wconf 87' lang='lat' dir='ltr'>animum</span> <span class='ocrx_word' id='word_1_69' title='bbox 681 632 768 662; x_wconf 85' lang='lat' dir='ltr'>esse</span> <span class='ocrx_word' id='word_1_70' title='bbox 792 617 991 657; x_wconf 81' lang='lat' dir='ltr'>dixerunt.</span> 
     </span>
    </p>
   </div>
   <div class='ocr_carea' id='block_1_6' title="bbox 1054 613 1595 667">
    <p class='ocr_par' dir='ltr' id='par_1_6' title="bbox 1054 613 1595 667">
     <span class='ocr_line' id='line_1_10' title="bbox 1054 613 1595 667; baseline -0.006 -12"><span class='ocrx_word' id='word_1_71' title='bbox 1054 623 1122 655; x_wconf 78' lang='lat'>52.</span> <span class='ocrx_word' id='word_1_72' title='bbox 1157 614 1231 655; x_wconf 87' lang='lat' dir='ltr'>Est</span> <span class='ocrx_word' id='word_1_73' title='bbox 1251 615 1339 654; x_wconf 86' lang='lat' dir='ltr'>illud</span> <span class='ocrx_word' id='word_1_74' title='bbox 1361 614 1511 667; x_wconf 78' lang='lat' dir='ltr'>quiden]</span> <span class='ocrx_word' id='word_1_75' title='bbox 1533 613 1595 652; x_wconf 86' lang='lat' dir='ltr'>vel</span> 
     </span>
    </p>
   </div>
   <div class='ocr_carea' id='block_1_7' title="bbox 36 685 1593 749">
    <p class='ocr_par' dir='ltr' id='par_1_7' title="bbox 36 685 1593 749">
     <span class='ocr_line' id='line_1_11' title="bbox 36 685 1593 749; baseline -0.012 -8"><span class='ocrx_word' id='word_1_76' title='bbox 36 701 269 749; x_wconf 83' lang='lat' dir='ltr'>maximum,</span> <span class='ocrx_word' id='word_1_77' title='bbox 313 697 441 737; x_wconf 86' lang='lat' dir='ltr'>animo</span> <span class='ocrx_word' id='word_1_78' title='bbox 474 696 557 749; x_wconf 92' lang='lat' dir='ltr'>ipso</span> <span class='ocrx_word' id='word_1_79' title='bbox 584 693 751 734; x_wconf 86' lang='lat' dir='ltr'>animum</span> <span class='ocrx_word' id='word_1_80' title='bbox 784 690 942 740; x_wconf 78' lang='lat' dir='ltr'>videre3</span> <span class='ocrx_word' id='word_1_81' title='bbox 983 696 1023 729; x_wconf 87' lang='lat' dir='ltr'>et</span> <span class='ocrx_word' id='word_1_82' title='bbox 1044 688 1223 728; x_wconf 88' lang='lat' dir='ltr'>nimirum</span> <span class='ocrx_word' id='word_1_83' title='bbox 1249 687 1346 726; x_wconf 82' lang='lat' dir='ltr'>hane</span> <span class='ocrx_word' id='word_1_84' title='bbox 1380 685 1494 725; x_wconf 83' lang='lat' dir='ltr'>habet</span> <span class='ocrx_word' id='word_1_85' title='bbox 1517 685 1593 724; x_wconf 80' lang='lat' dir='ltr'>vim</span> 
     </span>
    </p>
   </div>
   <div class='ocr_carea' id='block_1_8' title="bbox 36 814 1598 914">
    <p class='ocr_par' dir='ltr' id='par_1_8' title="bbox 36 814 1598 914">
     <span class='ocr_line' id='line_1_12' title="bbox 125 814 1597 864; baseline -0.012 -4"><span class='ocrx_word' id='word_1_86' title='bbox 125 829 147 863; x_wconf 81' lang='lat'>3</span> <span class='ocrx_word' id='word_1_87' title='bbox 171 827 277 860; x_wconf 80' lang='lat' dir='ltr'>Rehd.</span> <span class='ocrx_word' id='word_1_88' title='bbox 299 832 333 858; x_wconf 89' lang='lat' dir='ltr'>et</span> <span class='ocrx_word' id='word_1_89' title='bbox 353 823 445 857; x_wconf 89' lang='lat' dir='ltr'>mult.</span> <span class='ocrx_word' id='word_1_90' title='bbox 469 822 545 856; x_wconf 84' lang='lat' dir='ltr'>edd.</span> <span class='ocrx_word' id='word_1_91' title='bbox 572 829 651 854; x_wconf 86' lang='lat' dir='ltr'>vett.</span> <span class='ocrx_word' id='word_1_92' title='bbox 674 824 699 853; x_wconf 78' lang='lat' dir='ltr'>si</span> <span class='ocrx_word' id='word_1_93' title='bbox 724 832 784 864; x_wconf 88' lang='lat' dir='ltr'>pro</span> <span class='ocrx_word' id='word_1_94' title='bbox 807 823 880 852; x_wconf 76' lang='lat' dir='ltr'>nisi.</span> <span class='ocrx_word' id='word_1_95' title='bbox 926 816 948 851; x_wconf 73' lang='lat'>4</span> <span class='ocrx_word' id='word_1_96' title='bbox 972 818 1026 850; x_wconf 89' lang='lat' dir='ltr'>Sic</span> <span class='ocrx_word' id='word_1_97' title='bbox 1048 820 1102 849; x_wconf 90' lang='lat' dir='ltr'>Or.</span> <span class='ocrx_word' id='word_1_98' title='bbox 1119 829 1146 849; x_wconf 90' lang='lat' dir='ltr'>c.</span> <span class='ocrx_word' id='word_1_99' title='bbox 1159 815 1305 859; x_wconf 85' lang='lat' dir='ltr'>plurimis</span> <span class='ocrx_word' id='word_1_100' title='bbox 1330 814 1426 847; x_wconf 85' lang='lat' dir='ltr'>codd.</span> <span class='ocrx_word' id='word_1_101' title='bbox 1449 821 1482 845; x_wconf 85' lang='lat' dir='ltr'>et</span> <span class='ocrx_word' id='word_1_102' title='bbox 1504 814 1597 856; x_wconf 89' lang='lat' dir='ltr'>opti-</span> 
     </span>
     <span class='ocr_line' id='line_1_13' title="bbox 36 865 1598 914; baseline -0.012 -6"><span class='ocrx_word' id='word_1_103' title='bbox 36 875 114 914; x_wconf 88' lang='lat' dir='ltr'>mis,</span> <span class='ocrx_word' id='word_1_104' title='bbox 139 881 175 905; x_wconf 84' lang='lat' dir='ltr'>ut</span> <span class='ocrx_word' id='word_1_105' title='bbox 196 874 233 906; x_wconf 74' lang='lat' dir='ltr'>P..</span> <span class='ocrx_word' id='word_1_106' title='bbox 255 871 341 903; x_wconf 83' lang='lat' dir='ltr'>Gud.</span> <span class='ocrx_word' id='word_1_107' title='bbox 366 871 393 903; x_wconf 89' lang='lat'>1.</span> <span class='ocrx_word' id='word_1_108' title='bbox 416 870 448 901; x_wconf 91' lang='lat' dir='ltr'>b.</span> <span class='ocrx_word' id='word_1_109' title='bbox 463 894 471 909; x_wconf 84' lang='lat'>,</span> <span class='ocrx_word' id='word_1_110' title='bbox 496 879 557 912; x_wconf 89' lang='lat' dir='ltr'>pro</span> <span class='ocrx_word' id='word_1_111' title='bbox 579 867 710 909; x_wconf 78' lang='lat' dir='ltr'>vulgata</span> <span class='ocrx_word' id='word_1_112' title='bbox 730 868 840 906; x_wconf 79' lang='lat' dir='ltr'>compl.</span> <span class='ocrx_word' id='word_1_113' title='bbox 864 877 883 897; x_wconf 77' lang='grc' dir='ltr'>τι</span> <span class='ocrx_word' id='word_1_114' title='bbox 897 875 941 897; x_wconf 78' lang='grc' dir='ltr'>οτι</span> <span class='ocrx_word' id='word_1_115' title='bbox 962 873 1146 905; x_wconf 80' lang='lat' dir='ltr'>possumus,</span> <span class='ocrx_word' id='word_1_116' title='bbox 1171 873 1253 906; x_wconf 81' lang='lat' dir='ltr'>quae</span> <span class='ocrx_word' id='word_1_117' title='bbox 1275 867 1436 904; x_wconf 74' lang='lat' dir='ltr'>repugnat</span> <span class='ocrx_word' id='word_1_118' title='bbox 1461 865 1598 890; x_wconf 85' lang='lat' dir='ltr'>senten-</span> 
     </span>
    </p>
   </div>
   <div class='ocr_carea' id='block_1_9' title="bbox 164 917 317 950">
    <p class='ocr_par' dir='ltr' id='par_1_9' title="bbox 164 917 317 950">
     <span class='ocr_line' id='line_1_14' title="bbox 164 917 317 950; baseline 0 0"><span class='ocrx_word' id='word_1_119' title='bbox 164 919 204 950; x_wconf 91' lang='lat' dir='ltr'>V.</span> <span class='ocrx_word' id='word_1_120' title='bbox 232 917 317 950; x_wconf 77' lang='lat' dir='ltr'>Adn.</span> 
     </span>
    </p>
   </div>
   <div class='ocr_carea' id='block_1_10' title="bbox 39 978 805 1161">
    <p class='ocr_par' dir='ltr' id='par_1_10' title="bbox 39 978 805 1161">
     <span class='ocr_line' id='line_1_15' title="bbox 41 978 803 1028; baseline -0.014 -8"><span class='ocrx_word' id='word_1_121' title='bbox 41 989 136 1028; x_wconf 76' lang='lat' dir='ltr'>spiel,</span> <span class='ocrx_word' id='word_1_122' title='bbox 169 996 276 1027; x_wconf 87' lang='lat' dir='ltr'>comp.</span> <span class='ocrx_word' id='word_1_123' title='bbox 299 983 387 1014; x_wconf 86' lang='lat' dir='ltr'>Part.</span> <span class='ocrx_word' id='word_1_124' title='bbox 417 983 472 1013; x_wconf 86' lang='lat' dir='ltr'>Or.</span> <span class='ocrx_word' id='word_1_125' title='bbox 499 978 571 1018; x_wconf 83' lang='lat'>19.;</span> <span class='ocrx_word' id='word_1_126' title='bbox 606 978 660 1011; x_wconf 84' lang='lat' dir='ltr'>alii</span> <span class='ocrx_word' id='word_1_127' title='bbox 686 989 746 1021; x_wconf 90' lang='lat' dir='ltr'>pro</span> <span class='ocrx_word' id='word_1_128' title='bbox 771 981 803 1009; x_wconf 72' lang='lat' dir='ltr'>ut</span> 
     </span>
     <span class='ocr_line' id='line_1_16' title="bbox 39 1024 802 1075; baseline -0.014 -11"><span class='ocrx_word' id='word_1_129' title='bbox 39 1030 214 1075; x_wconf 78' lang='lat' dir='ltr'>legendum</span> <span class='ocrx_word' id='word_1_130' title='bbox 247 1027 333 1060; x_wconf 87' lang='lat' dir='ltr'>coni.</span> <span class='ocrx_word' id='word_1_131' title='bbox 363 1031 416 1066; x_wconf 74' lang='grc' dir='ltr'>αι,-</span> <span class='ocrx_word' id='word_1_132' title='bbox 454 1027 640 1064; x_wconf 66' lang='lat' dir='ltr'>wesenber-9.</span> <span class='ocrx_word' id='word_1_133' title='bbox 663 1025 733 1054; x_wconf 88' lang='lat' dir='ltr'>Em.</span> <span class='ocrx_word' id='word_1_134' title='bbox 761 1024 802 1054; x_wconf 90' lang='grc' dir='ltr'>ΙΙ.</span> 
     </span>
     <span class='ocr_line' id='line_1_17' title="bbox 42 1070 805 1121; baseline -0.014 -12"><span class='ocrx_word' id='word_1_135' title='bbox 42 1090 74 1121; x_wconf 87' lang='lat' dir='ltr'>p.</span> <span class='ocrx_word' id='word_1_136' title='bbox 94 1075 144 1108; x_wconf 87' lang='grc'>13.</span> <span class='ocrx_word' id='word_1_137' title='bbox 173 1087 201 1106; x_wconf 89' lang='lat' dir='ltr'>c.</span> <span class='ocrx_word' id='word_1_138' title='bbox 226 1073 340 1105; x_wconf 89' lang='lat' dir='ltr'>Lamb.</span> <span class='ocrx_word' id='word_1_139' title='bbox 370 1070 580 1103; x_wconf 87' lang='lat' dir='ltr'>scribendum</span> <span class='ocrx_word' id='word_1_140' title='bbox 611 1074 723 1100; x_wconf 88' lang='lat' dir='ltr'>censet</span> <span class='ocrx_word' id='word_1_141' title='bbox 750 1071 805 1099; x_wconf 77' lang='lat' dir='ltr'>aut</span> 
     </span>
     <span class='ocr_line' id='line_1_18' title="bbox 42 1111 804 1161; baseline -0.014 -8"><span class='ocrx_word' id='word_1_142' title='bbox 42 1133 87 1154; x_wconf 71' lang='lat' dir='ltr'>sc,</span> <span class='ocrx_word' id='word_1_143' title='bbox 119 1119 306 1161; x_wconf 79' lang='lat' dir='ltr'>intelligant</span> <span class='ocrx_word' id='word_1_144' title='bbox 341 1116 492 1158; x_wconf 62' lang='lat' dir='ltr'>(sciant),</span> <span class='ocrx_word' id='word_1_145' title='bbox 533 1124 727 1156; x_wconf 83' lang='lat' dir='ltr'>comparans</span> <span class='ocrx_word' id='word_1_146' title='bbox 763 1111 804 1142; x_wconf 85' lang='lat' dir='ltr'>de</span> 
     </span>
    </p>
   </div>
   <div class='ocr_carea' id='block_1_11' title="bbox 39 921 116 953">
    <p class='ocr_par' dir='ltr' id='par_1_11' title="bbox 39 921 116 953">
     <span class='ocr_line' id='line_1_19' title="bbox 39 921 116 953; baseline -0.026 0"><span class='ocrx_word' id='word_1_147' title='bbox 39 921 116 953; x_wconf 82' lang='lat' dir='ltr'>tiae.</span> 
     </span>
    </p>
   </div>
   <div class='ocr_carea' id='block_1_12' title="bbox 45 1156 807 1291">
    <p class='ocr_par' dir='ltr' id='par_1_12' title="bbox 45 1156 807 1291">
     <span class='ocr_line' id='line_1_20' title="bbox 45 1156 804 1207; baseline -0.014 -10"><span class='ocrx_word' id='word_1_148' title='bbox 45 1168 135 1206; x_wconf 81' lang='lat' dir='ltr'>quusi</span> <span class='ocrx_word' id='word_1_149' title='bbox 158 1168 276 1207; x_wconf 23' lang='lat' dir='ltr'>—Vaul</span> <span class='ocrx_word' id='word_1_150' title='bbox 301 1173 332 1204; x_wconf 90' lang='lat' dir='ltr'>p.</span> <span class='ocrx_word' id='word_1_151' title='bbox 355 1161 425 1192; x_wconf 83' lang='lat' dir='ltr'>Mil.</span> <span class='ocrx_word' id='word_1_152' title='bbox 450 1159 513 1197; x_wconf 82' lang='grc'>31,</span> <span class='ocrx_word' id='word_1_153' title='bbox 539 1156 592 1190; x_wconf 69' lang='grc'>8-1.</span> <span class='ocrx_word' id='word_1_154' title='bbox 617 1170 646 1200; x_wconf 84' lang='lat' dir='ltr'>p.</span> <span class='ocrx_word' id='word_1_155' title='bbox 672 1157 804 1196; x_wconf 84' lang='lat' dir='ltr'>Quinct.</span> 
     </span>
     <span class='ocr_line' id='line_1_21' title="bbox 46 1202 805 1251; baseline -0.014 -9"><span class='ocrx_word' id='word_1_156' title='bbox 46 1208 118 1251; x_wconf 57' lang='lat'>§.9</span> <span class='ocrx_word' id='word_1_157' title='bbox 143 1216 177 1240; x_wconf 84' lang='lat' dir='ltr'>et</span> <span class='ocrx_word' id='word_1_158' title='bbox 200 1207 254 1239; x_wconf 74' lang='grc'>83.</span> <span class='ocrx_word' id='word_1_159' title='bbox 303 1206 343 1237; x_wconf 90' lang='lat' dir='ltr'>N.</span> <span class='ocrx_word' id='word_1_160' title='bbox 366 1207 405 1237; x_wconf 92' lang='lat' dir='ltr'>D.</span> <span class='ocrx_word' id='word_1_161' title='bbox 427 1206 485 1236; x_wconf 90' lang='lat' dir='ltr'>Ill.</span> <span class='ocrx_word' id='word_1_162' title='bbox 507 1202 549 1242; x_wconf 62' lang='grc'>4,</span> <span class='ocrx_word' id='word_1_163' title='bbox 578 1203 628 1234; x_wconf 90' lang='grc'>11.</span> <span class='ocrx_word' id='word_1_164' title='bbox 671 1202 805 1232; x_wconf 81' lang='lat' dir='ltr'>Fin.1[.</span> 
     </span>
     <span class='ocr_line' id='line_1_22' title="bbox 46 1247 807 1291; baseline -0.016 -3"><span class='ocrx_word' id='word_1_165' title='bbox 46 1255 87 1291; x_wconf 77' lang='lat'>3,</span> <span class='ocrx_word' id='word_1_166' title='bbox 112 1251 144 1285; x_wconf 87' lang='lat'>7.</span> <span class='ocrx_word' id='word_1_167' title='bbox 192 1253 282 1285; x_wconf 86' lang='lat' dir='ltr'>Fam.</span> <span class='ocrx_word' id='word_1_168' title='bbox 304 1251 368 1281; x_wconf 83' lang='lat' dir='ltr'>lx.</span> <span class='ocrx_word' id='word_1_169' title='bbox 391 1247 432 1287; x_wconf 86' lang='grc'>6,</span> <span class='ocrx_word' id='word_1_170' title='bbox 458 1248 490 1280; x_wconf 82' lang='grc'>3.</span> <span class='ocrx_word' id='word_1_171' title='bbox 525 1254 558 1279; x_wconf 86' lang='lat' dir='ltr'>et</span> <span class='ocrx_word' id='word_1_172' title='bbox 588 1247 628 1278; x_wconf 91' lang='lat' dir='ltr'>de</span> <span class='ocrx_word' id='word_1_173' title='bbox 653 1250 707 1278; x_wconf 79' lang='grc' dir='ltr'>αιιί</span> <span class='ocrx_word' id='word_1_174' title='bbox 735 1257 807 1277; x_wconf 90' lang='lat' dir='ltr'>cum</span> 
     </span>
    </p>
   </div>
   <div class='ocr_carea' id='block_1_13' title="bbox 46 1289 840 2945">
    <p class='ocr_par' dir='ltr' id='par_1_13' title="bbox 46 1289 812 1561">
     <span class='ocr_line' id='line_1_23' title="bbox 49 1289 807 1334; baseline -0.015 -3"><span class='ocrx_word' id='word_1_175' title='bbox 49 1304 79 1330; x_wconf 74' lang='lat' dir='ltr'>ul</span> <span class='ocrx_word' id='word_1_176' title='bbox 102 1298 241 1330; x_wconf 78' lang='lat' dir='ltr'>confuso</span> <span class='ocrx_word' id='word_1_177' title='bbox 259 1297 356 1328; x_wconf 84' lang='lat' dir='ltr'>Tusc.</span> <span class='ocrx_word' id='word_1_178' title='bbox 377 1295 433 1325; x_wconf 88' lang='lat' dir='ltr'>IV.</span> <span class='ocrx_word' id='word_1_179' title='bbox 460 1291 510 1328; x_wconf 75' lang='grc'>17,</span> <span class='ocrx_word' id='word_1_180' title='bbox 533 1290 586 1324; x_wconf 68' lang='grc' dir='ltr'>39Δ</span> <span class='ocrx_word' id='word_1_181' title='bbox 612 1290 726 1334; x_wconf 53' lang='grc' dir='ltr'>(ΚΡ.)</span> <span class='ocrx_word' id='word_1_182' title='bbox 751 1289 807 1329; x_wconf 76' lang='lat'>23,</span> 
     </span>
     <span class='ocr_line' id='line_1_24' title="bbox 47 1332 807 1385; baseline -0.009 -11"><span class='ocrx_word' id='word_1_183' title='bbox 47 1342 100 1375; x_wconf 79' lang='lat'>51.</span> <span class='ocrx_word' id='word_1_184' title='bbox 138 1344 192 1385; x_wconf 75' lang='lat' dir='ltr'>(R.</span> <span class='ocrx_word' id='word_1_185' title='bbox 217 1341 265 1381; x_wconf 67' lang='lat' dir='ltr'>P.)</span> <span class='ocrx_word' id='word_1_186' title='bbox 302 1338 365 1379; x_wconf 66' lang='lat'>25,</span> <span class='ocrx_word' id='word_1_187' title='bbox 390 1335 444 1370; x_wconf 88' lang='grc'>60.</span> <span class='ocrx_word' id='word_1_188' title='bbox 480 1336 544 1378; x_wconf 36' lang='lat' dir='ltr'>KR.)</span> <span class='ocrx_word' id='word_1_189' title='bbox 590 1337 627 1366; x_wconf 86' lang='lat' dir='ltr'>V.</span> <span class='ocrx_word' id='word_1_190' title='bbox 649 1333 705 1373; x_wconf 81' lang='grc'>37,</span> <span class='ocrx_word' id='word_1_191' title='bbox 734 1332 807 1367; x_wconf 83' lang='grc'>109.</span> 
     </span>
     <span class='ocr_line' id='line_1_25' title="bbox 49 1378 810 1431; baseline -0.014 -11"><span class='ocrx_word' id='word_1_192' title='bbox 49 1386 199 1431; x_wconf 70' lang='lat' dir='ltr'>(archet.)</span> <span class='ocrx_word' id='word_1_193' title='bbox 239 1389 281 1418; x_wconf 89' lang='lat' dir='ltr'>At</span> <span class='ocrx_word' id='word_1_194' title='bbox 303 1384 527 1426; x_wconf 89' lang='lat' dir='ltr'>importunum</span> <span class='ocrx_word' id='word_1_195' title='bbox 553 1380 707 1424; x_wconf 79' lang='lat' dir='ltr'>quiddam</span> <span class='ocrx_word' id='word_1_196' title='bbox 730 1378 810 1411; x_wconf 84' lang='lat' dir='ltr'>mihi</span> 
     </span>
     <span class='ocr_line' id='line_1_26' title="bbox 46 1424 810 1468; baseline -0.012 -4"><span class='ocrx_word' id='word_1_197' title='bbox 46 1432 177 1464; x_wconf 83' lang='lat' dir='ltr'>videtur</span> <span class='ocrx_word' id='word_1_198' title='bbox 198 1430 305 1462; x_wconf 87' lang='lat' dir='ltr'>inesse</span> <span class='ocrx_word' id='word_1_199' title='bbox 335 1429 367 1460; x_wconf 90' lang='lat' dir='ltr'>in</span> <span class='ocrx_word' id='word_1_200' title='bbox 398 1426 580 1458; x_wconf 83' lang='lat' dir='ltr'>sententia:</span> <span class='ocrx_word' id='word_1_201' title='bbox 616 1424 707 1468; x_wconf 81' lang='lat' dir='ltr'>quasi</span> <span class='ocrx_word' id='word_1_202' title='bbox 732 1435 810 1456; x_wconf 86' lang='lat' dir='ltr'>vero</span> 
     </span>
     <span class='ocr_line' id='line_1_27' title="bbox 46 1469 812 1519; baseline -0.012 -11"><span class='ocrx_word' id='word_1_203' title='bbox 46 1477 251 1519; x_wconf 81' lang='lat' dir='ltr'>intelligant,</span> <span class='ocrx_word' id='word_1_204' title='bbox 278 1484 449 1506; x_wconf 77' lang='lat' dir='ltr'>casurusne</span> <span class='ocrx_word' id='word_1_205' title='bbox 470 1472 503 1503; x_wconf 88' lang='lat' dir='ltr'>in</span> <span class='ocrx_word' id='word_1_206' title='bbox 525 1482 638 1513; x_wconf 86' lang='lat' dir='ltr'>consp.</span> <span class='ocrx_word' id='word_1_207' title='bbox 661 1469 812 1501; x_wconf 68' lang='lat' dir='ltr'>m&#39;deatur</span> 
     </span>
     <span class='ocr_line' id='line_1_28' title="bbox 50 1519 388 1561; baseline -0.015 -7"><span class='ocrx_word' id='word_1_208' title='bbox 50 1533 121 1561; x_wconf 82' lang='lat' dir='ltr'>au.‚</span> <span class='ocrx_word' id='word_1_209' title='bbox 147 1533 188 1553; x_wconf 85' lang='lat' dir='ltr'>an</span> <span class='ocrx_word' id='word_1_210' title='bbox 209 1539 251 1544; x_wconf 98' lang='lat'><strong>—</strong></span> <span class='ocrx_word' id='word_1_211' title='bbox 274 1519 388 1551; x_wconf 82' lang='lat' dir='ltr'>aciem.</span> 
     </span>
    </p>

    <p class='ocr_par' dir='ltr' id='par_1_14' title="bbox 51 1558 822 2097">
     <span class='ocr_line' id='line_1_29' title="bbox 115 1558 812 1607; baseline -0.01 -9"><span class='ocrx_word' id='word_1_212' title='bbox 115 1568 216 1607; x_wconf 74' lang='lat' dir='ltr'>suyiat</span> <span class='ocrx_word' id='word_1_213' title='bbox 236 1565 349 1606; x_wconf 70' lang='lat' dir='ltr'>aciem]</span> <span class='ocrx_word' id='word_1_214' title='bbox 376 1561 429 1594; x_wconf 87' lang='lat' dir='ltr'>Sic</span> <span class='ocrx_word' id='word_1_215' title='bbox 449 1573 547 1604; x_wconf 81' lang='lat' dir='ltr'>saepe</span> <span class='ocrx_word' id='word_1_216' title='bbox 571 1562 696 1601; x_wconf 73' lang='lat' dir='ltr'>suyere,</span> <span class='ocrx_word' id='word_1_217' title='bbox 730 1558 812 1602; x_wconf 79' lang='grc' dir='ltr'>φεύ·</span> 
     </span>
     <span class='ocr_line' id='line_1_30' title="bbox 51 1605 813 1654; baseline -0.012 -11"><span class='ocrx_word' id='word_1_218' title='bbox 51 1623 140 1654; x_wconf 67' lang='grc' dir='ltr'>γεω,</span> <span class='ocrx_word' id='word_1_219' title='bbox 178 1610 318 1648; x_wconf 86' lang='lat' dir='ltr'>dicitur,</span> <span class='ocrx_word' id='word_1_220' title='bbox 356 1607 408 1639; x_wconf 82' lang='lat' dir='ltr'>ubi</span> <span class='ocrx_word' id='word_1_221' title='bbox 445 1618 483 1638; x_wconf 79' lang='lat' dir='ltr'>ex</span> <span class='ocrx_word' id='word_1_222' title='bbox 516 1613 650 1637; x_wconf 85' lang='lat' dir='ltr'>nostrae</span> <span class='ocrx_word' id='word_1_223' title='bbox 682 1605 813 1647; x_wconf 86' lang='lat' dir='ltr'>linguae</span> 
     </span>
     <span class='ocr_line' id='line_1_31' title="bbox 53 1647 812 1695; baseline -0.009 -6"><span class='ocrx_word' id='word_1_224' title='bbox 53 1654 287 1688; x_wconf 79' lang='lat' dir='ltr'>consuetudine</span> <span class='ocrx_word' id='word_1_225' title='bbox 311 1658 481 1695; x_wconf 76' lang='lat' dir='ltr'>exspectes</span> <span class='ocrx_word' id='word_1_226' title='bbox 505 1653 656 1691; x_wconf 60' lang='lat' dir='ltr'>effwere,</span> <span class='ocrx_word' id='word_1_227' title='bbox 691 1647 812 1691; x_wconf 74' lang='grc' dir='ltr'>ἐκφεύ-</span> 
     </span>
     <span class='ocr_line' id='line_1_32' title="bbox 54 1696 810 1744; baseline -0.012 -10"><span class='ocrx_word' id='word_1_228' title='bbox 54 1713 133 1744; x_wconf 64' lang='grc' dir='ltr'>γει-ο.</span> <span class='ocrx_word' id='word_1_229' title='bbox 180 1699 283 1732; x_wconf 84' lang='lat' dir='ltr'>Hinc:</span> <span class='ocrx_word' id='word_1_230' title='bbox 320 1700 354 1729; x_wconf 86' lang='lat' dir='ltr'>id</span> <span class='ocrx_word' id='word_1_231' title='bbox 382 1707 429 1728; x_wconf 83' lang='lat' dir='ltr'>me</span> <span class='ocrx_word' id='word_1_232' title='bbox 462 1698 551 1736; x_wconf 71' lang='lat' dir='ltr'>fuyit.</span> <span class='ocrx_word' id='word_1_233' title='bbox 601 1696 639 1727; x_wconf 90' lang='lat' dir='ltr'>V.</span> <span class='ocrx_word' id='word_1_234' title='bbox 666 1698 810 1727; x_wconf 74' lang='lat' dir='ltr'>Goerenz.</span> 
     </span>
     <span class='ocr_line' id='line_1_33' title="bbox 53 1739 814 1781; baseline -0.009 -4"><span class='ocrx_word' id='word_1_235' title='bbox 53 1745 94 1778; x_wconf 79' lang='lat' dir='ltr'>ad</span> <span class='ocrx_word' id='word_1_236' title='bbox 128 1745 198 1776; x_wconf 84' lang='lat' dir='ltr'>Fin.</span> <span class='ocrx_word' id='word_1_237' title='bbox 224 1746 247 1775; x_wconf 88' lang='lat'>1.</span> <span class='ocrx_word' id='word_1_238' title='bbox 278 1743 337 1781; x_wconf 88' lang='lat'>10,</span> <span class='ocrx_word' id='word_1_239' title='bbox 363 1739 417 1774; x_wconf 86' lang='grc'>36.</span> <span class='ocrx_word' id='word_1_240' title='bbox 467 1743 587 1772; x_wconf 77' lang='grc' dir='ltr'>Μᾱῑίεν.</span> <span class='ocrx_word' id='word_1_241' title='bbox 620 1746 653 1771; x_wconf 83' lang='lat' dir='ltr'>et</span> <span class='ocrx_word' id='word_1_242' title='bbox 685 1741 814 1771; x_wconf 74' lang='lat' dir='ltr'>Ellendt.</span> 
     </span>
     <span class='ocr_line' id='line_1_34' title="bbox 53 1783 813 1826; baseline -0.012 -3"><span class='ocrx_word' id='word_1_243' title='bbox 53 1791 95 1823; x_wconf 82' lang='lat' dir='ltr'>ad</span> <span class='ocrx_word' id='word_1_244' title='bbox 117 1790 158 1821; x_wconf 86' lang='lat' dir='ltr'>de</span> <span class='ocrx_word' id='word_1_245' title='bbox 185 1792 239 1821; x_wconf 87' lang='lat' dir='ltr'>Or.</span> <span class='ocrx_word' id='word_1_246' title='bbox 261 1790 316 1820; x_wconf 87' lang='lat' dir='ltr'>lll.</span> <span class='ocrx_word' id='word_1_247' title='bbox 341 1786 404 1826; x_wconf 80' lang='lat'>25,</span> <span class='ocrx_word' id='word_1_248' title='bbox 427 1783 484 1817; x_wconf 81' lang='grc'>99.</span> <span class='ocrx_word' id='word_1_249' title='bbox 534 1786 585 1818; x_wconf 82' lang='lat' dir='ltr'>Cf.</span> <span class='ocrx_word' id='word_1_250' title='bbox 617 1785 704 1816; x_wconf 80' lang='lat' dir='ltr'>infra</span> <span class='ocrx_word' id='word_1_251' title='bbox 727 1783 813 1815; x_wconf 80' lang='lat' dir='ltr'>Adu.</span> 
     </span>
     <span class='ocr_line' id='line_1_35' title="bbox 55 1828 815 1873; baseline -0.012 -6"><span class='ocrx_word' id='word_1_252' title='bbox 55 1836 88 1867; x_wconf 89' lang='lat' dir='ltr'>in</span> <span class='ocrx_word' id='word_1_253' title='bbox 112 1847 139 1867; x_wconf 89' lang='lat' dir='ltr'>c.</span> <span class='ocrx_word' id='word_1_254' title='bbox 156 1833 211 1872; x_wconf 70' lang='lat'>24,</span> <span class='ocrx_word' id='word_1_255' title='bbox 237 1831 291 1865; x_wconf 82' lang='lat'>56.</span> <span class='ocrx_word' id='word_1_256' title='bbox 340 1833 444 1873; x_wconf 77' lang='lat' dir='ltr'>Saepe</span> <span class='ocrx_word' id='word_1_257' title='bbox 469 1830 554 1862; x_wconf 84' lang='lat' dir='ltr'>enim</span> <span class='ocrx_word' id='word_1_258' title='bbox 580 1837 708 1861; x_wconf 84' lang='lat' dir='ltr'>veteres</span> <span class='ocrx_word' id='word_1_259' title='bbox 733 1828 815 1859; x_wconf 89' lang='lat' dir='ltr'>scri·</span> 
     </span>
     <span class='ocr_line' id='line_1_36' title="bbox 56 1873 818 1923; baseline -0.012 -11"><span class='ocrx_word' id='word_1_260' title='bbox 56 1887 170 1923; x_wconf 84' lang='lat' dir='ltr'>ptores</span> <span class='ocrx_word' id='word_1_261' title='bbox 189 1877 349 1921; x_wconf 81' lang='lat' dir='ltr'>simplicia</span> <span class='ocrx_word' id='word_1_262' title='bbox 372 1876 469 1907; x_wconf 82' lang='lat' dir='ltr'>verba</span> <span class='ocrx_word' id='word_1_263' title='bbox 489 1875 630 1906; x_wconf 83' lang='lat' dir='ltr'>arctiore</span> <span class='ocrx_word' id='word_1_264' title='bbox 652 1873 818 1915; x_wconf 71' lang='lat' dir='ltr'>significa—-</span> 
     </span>
     <span class='ocr_line' id='line_1_37' title="bbox 57 1919 819 1967; baseline -0.013 -10"><span class='ocrx_word' id='word_1_265' title='bbox 57 1925 158 1964; x_wconf 78' lang='lat' dir='ltr'>tione,</span> <span class='ocrx_word' id='word_1_266' title='bbox 183 1935 280 1967; x_wconf 83' lang='lat' dir='ltr'>quam</span> <span class='ocrx_word' id='word_1_267' title='bbox 302 1920 503 1953; x_wconf 77' lang='lat' dir='ltr'>recentiores</span> <span class='ocrx_word' id='word_1_268' title='bbox 525 1919 655 1960; x_wconf 69' lang='lat' dir='ltr'>linguae</span> <span class='ocrx_word' id='word_1_269' title='bbox 679 1929 819 1960; x_wconf 86' lang='lat' dir='ltr'>compo-</span> 
     </span>
     <span class='ocr_line' id='line_1_38' title="bbox 58 1964 820 2008; baseline -0.012 -7"><span class='ocrx_word' id='word_1_270' title='bbox 58 1969 128 2002; x_wconf 81' lang='lat' dir='ltr'>sitis</span> <span class='ocrx_word' id='word_1_271' title='bbox 156 1968 262 2000; x_wconf 78' lang='lat' dir='ltr'>verbis</span> <span class='ocrx_word' id='word_1_272' title='bbox 286 1965 468 2008; x_wconf 78' lang='lat' dir='ltr'>exprimere</span> <span class='ocrx_word' id='word_1_273' title='bbox 490 1964 617 2000; x_wconf 86' lang='lat' dir='ltr'>solent,</span> <span class='ocrx_word' id='word_1_274' title='bbox 654 1969 820 2005; x_wconf 79' lang='lat' dir='ltr'>usurpant.</span> 
     </span>
     <span class='ocr_line' id='line_1_39' title="bbox 59 2006 822 2056; baseline -0.01 -10"><span class='ocrx_word' id='word_1_275' title='bbox 59 2019 145 2056; x_wconf 78' lang='lat' dir='ltr'>Apte</span> <span class='ocrx_word' id='word_1_276' title='bbox 169 2014 308 2044; x_wconf 79' lang='lat' dir='ltr'>Klotzius</span> <span class='ocrx_word' id='word_1_277' title='bbox 332 2015 501 2052; x_wconf 83' lang='lat' dir='ltr'>comparat</span> <span class='ocrx_word' id='word_1_278' title='bbox 525 2020 550 2040; x_wconf 90' lang='lat' dir='ltr'>c.</span> <span class='ocrx_word' id='word_1_279' title='bbox 568 2008 632 2046; x_wconf 89' lang='lat'>21,</span> <span class='ocrx_word' id='word_1_280' title='bbox 655 2006 715 2040; x_wconf 69' lang='lat'>49:</span> <span class='ocrx_word' id='word_1_281' title='bbox 743 2007 822 2038; x_wconf 85' lang='lat' dir='ltr'>nihil</span> 
     </span>
     <span class='ocr_line' id='line_1_40' title="bbox 60 2055 733 2097; baseline -0.01 -7"><span class='ocrx_word' id='word_1_282' title='bbox 60 2059 146 2091; x_wconf 89' lang='lat' dir='ltr'>enim</span> <span class='ocrx_word' id='word_1_283' title='bbox 169 2066 292 2097; x_wconf 73' lang='lat' dir='ltr'>pugno:</span> <span class='ocrx_word' id='word_1_284' title='bbox 316 2055 371 2086; x_wconf 88' lang='lat' dir='ltr'>ubi</span> <span class='ocrx_word' id='word_1_285' title='bbox 395 2059 564 2096; x_wconf 79' lang='lat' dir='ltr'>exspectes</span> <span class='ocrx_word' id='word_1_286' title='bbox 587 2063 733 2093; x_wconf 70' lang='lat' dir='ltr'>repuqno.</span> 
     </span>
    </p>

    <p class='ocr_par' dir='ltr' id='par_1_15' title="bbox 62 2096 822 2184">
     <span class='ocr_line' id='line_1_41' title="bbox 129 2096 822 2143; baseline -0.007 -10"><span class='ocrx_word' id='word_1_287' title='bbox 129 2102 226 2143; x_wconf 73' lang='lat'>§.51.</span> <span class='ocrx_word' id='word_1_288' title='bbox 273 2103 413 2132; x_wconf 82' lang='lat' dir='ltr'>animum</span> <span class='ocrx_word' id='word_1_289' title='bbox 443 2101 507 2131; x_wconf 82' lang='lat' dir='ltr'>sine</span> <span class='ocrx_word' id='word_1_290' title='bbox 540 2099 679 2140; x_wconf 71' lang='lat' dir='ltr'>corpore]</span> <span class='ocrx_word' id='word_1_291' title='bbox 717 2098 755 2129; x_wconf 73' lang='lat' dir='ltr'>V.</span> <span class='ocrx_word' id='word_1_292' title='bbox 781 2096 822 2129; x_wconf 81' lang='lat' dir='ltr'>ad</span> 
     </span>
     <span class='ocr_line' id='line_1_42' title="bbox 62 2144 225 2184; baseline -0.012 -4"><span class='ocrx_word' id='word_1_293' title='bbox 62 2149 103 2181; x_wconf 82' lang='grc' dir='ltr'>ΙΙ.</span> <span class='ocrx_word' id='word_1_294' title='bbox 127 2147 168 2184; x_wconf 83' lang='grc'>3,</span> <span class='ocrx_word' id='word_1_295' title='bbox 194 2144 225 2179; x_wconf 90' lang='lat'>7.</span> 
     </span>
    </p>

    <p class='ocr_par' dir='ltr' id='par_1_16' title="bbox 63 2188 840 2945">
     <span class='ocr_line' id='line_1_43' title="bbox 130 2188 825 2233; baseline -0.007 -9"><span class='ocrx_word' id='word_1_296' title='bbox 130 2192 287 2233; x_wconf 78' lang='lat' dir='ltr'>videbunt]</span> <span class='ocrx_word' id='word_1_297' title='bbox 325 2192 477 2222; x_wconf 77' lang='lat' dir='ltr'>Kernius:</span> <span class='ocrx_word' id='word_1_298' title='bbox 516 2189 657 2230; x_wconf 63' lang='lat' dir='ltr'>„mogen</span> <span class='ocrx_word' id='word_1_299' title='bbox 687 2188 733 2219; x_wconf 89' lang='lat' dir='ltr'>sie</span> <span class='ocrx_word' id='word_1_300' title='bbox 768 2199 825 2219; x_wconf 89' lang='lat' dir='ltr'>se—</span> 
     </span>
     <span class='ocr_line' id='line_1_44' title="bbox 63 2232 825 2276; baseline -0.008 -7"><span class='ocrx_word' id='word_1_301' title='bbox 63 2238 149 2275; x_wconf 83' lang='lat' dir='ltr'>hen,</span> <span class='ocrx_word' id='word_1_302' title='bbox 184 2235 243 2267; x_wconf 83' lang='lat' dir='ltr'>wie</span> <span class='ocrx_word' id='word_1_303' title='bbox 265 2235 311 2267; x_wconf 89' lang='lat' dir='ltr'>sie</span> <span class='ocrx_word' id='word_1_304' title='bbox 334 2234 479 2266; x_wconf 81' lang='lat' dir='ltr'>(lieselbe</span> <span class='ocrx_word' id='word_1_305' title='bbox 498 2234 540 2265; x_wconf 89' lang='lat' dir='ltr'>im</span> <span class='ocrx_word' id='word_1_306' title='bbox 566 2233 700 2276; x_wconf 76' lang='lat' dir='ltr'>Kc&#39;irper</span> <span class='ocrx_word' id='word_1_307' title='bbox 723 2232 825 2263; x_wconf 73' lang='lat' dir='ltr'>sclbst</span> 
     </span>
     <span class='ocr_line' id='line_1_45' title="bbox 64 2278 827 2324; baseline -0.007 -11"><span class='ocrx_word' id='word_1_308' title='bbox 64 2281 279 2324; x_wconf 78' lang='lat' dir='ltr'>begreifen,“</span> <span class='ocrx_word' id='word_1_309' title='bbox 326 2279 417 2322; x_wconf 86' lang='lat' dir='ltr'>quasi</span> <span class='ocrx_word' id='word_1_310' title='bbox 449 2279 572 2310; x_wconf 89' lang='lat' dir='ltr'>dictum</span> <span class='ocrx_word' id='word_1_311' title='bbox 608 2278 651 2309; x_wconf 91' lang='lat' dir='ltr'>sit</span> <span class='ocrx_word' id='word_1_312' title='bbox 683 2280 827 2310; x_wconf 76' lang='lat' dir='ltr'>viderint.</span> 
     </span>
     <span class='ocr_line' id='line_1_46' title="bbox 67 2323 827 2367; baseline -0.005 -10"><span class='ocrx_word' id='word_1_313' title='bbox 67 2325 199 2367; x_wconf 73' lang='lat' dir='ltr'>Rectius</span> <span class='ocrx_word' id='word_1_314' title='bbox 230 2325 427 2355; x_wconf 75' lang='lat' dir='ltr'>sententiam</span> <span class='ocrx_word' id='word_1_315' title='bbox 458 2323 523 2355; x_wconf 90' lang='lat' dir='ltr'>loci</span> <span class='ocrx_word' id='word_1_316' title='bbox 554 2323 716 2354; x_wconf 79' lang='lat' dir='ltr'>intellexit</span> <span class='ocrx_word' id='word_1_317' title='bbox 742 2324 827 2355; x_wconf 86' lang='lat' dir='ltr'>Orel-</span> 
     </span>
     <span class='ocr_line' id='line_1_47' title="bbox 68 2366 829 2409; baseline -0.005 -8"><span class='ocrx_word' id='word_1_318' title='bbox 68 2372 148 2401; x_wconf 82' lang='lat' dir='ltr'>lius:</span> <span class='ocrx_word' id='word_1_319' title='bbox 185 2368 290 2407; x_wconf 75' lang='lat' dir='ltr'>„haee</span> <span class='ocrx_word' id='word_1_320' title='bbox 313 2367 365 2398; x_wconf 88' lang='lat' dir='ltr'>ubi</span> <span class='ocrx_word' id='word_1_321' title='bbox 390 2367 635 2409; x_wconf 76' lang='lat' dir='ltr'>reputaverint,</span> <span class='ocrx_word' id='word_1_322' title='bbox 669 2366 829 2398; x_wconf 82' lang='lat' dir='ltr'>videbunt</span> 
     </span>
     <span class='ocr_line' id='line_1_48' title="bbox 71 2411 829 2454; baseline -0.004 -9"><span class='ocrx_word' id='word_1_323' title='bbox 71 2421 180 2450; x_wconf 85' lang='lat' dir='ltr'>certe,</span> <span class='ocrx_word' id='word_1_324' title='bbox 217 2424 252 2443; x_wconf 90' lang='lat' dir='ltr'>se</span> <span class='ocrx_word' id='word_1_325' title='bbox 283 2411 425 2442; x_wconf 86' lang='lat' dir='ltr'>animum</span> <span class='ocrx_word' id='word_1_326' title='bbox 449 2411 480 2441; x_wconf 89' lang='lat' dir='ltr'>in</span> <span class='ocrx_word' id='word_1_327' title='bbox 504 2411 576 2453; x_wconf 90' lang='lat' dir='ltr'>ipso</span> <span class='ocrx_word' id='word_1_328' title='bbox 600 2422 738 2454; x_wconf 87' lang='lat' dir='ltr'>corpore</span> <span class='ocrx_word' id='word_1_329' title='bbox 764 2423 829 2443; x_wconf 92' lang='lat' dir='ltr'>non</span> 
     </span>
     <span class='ocr_line' id='line_1_49' title="bbox 69 2455 830 2499; baseline -0.004 -9"><span class='ocrx_word' id='word_1_330' title='bbox 69 2457 289 2499; x_wconf 77' lang='lat' dir='ltr'>intelligere.“</span> <span class='ocrx_word' id='word_1_331' title='bbox 352 2457 497 2487; x_wconf 75' lang='lat' dir='ltr'>Videbunt</span> <span class='ocrx_word' id='word_1_332' title='bbox 531 2455 693 2496; x_wconf 78' lang='lat' dir='ltr'>significat</span> <span class='ocrx_word' id='word_1_333' title='bbox 727 2468 830 2487; x_wconf 78' lang='lat' dir='ltr'>even-</span> 
     </span>
     <span class='ocr_line' id='line_1_50' title="bbox 69 2499 832 2537; baseline -0.005 -2"><span class='ocrx_word' id='word_1_334' title='bbox 69 2511 141 2535; x_wconf 88' lang='lat' dir='ltr'>tum</span> <span class='ocrx_word' id='word_1_335' title='bbox 162 2501 387 2534; x_wconf 81' lang='lat' dir='ltr'>antecedentis</span> <span class='ocrx_word' id='word_1_336' title='bbox 413 2499 666 2537; x_wconf 72' lang='lat' dir='ltr'>enuntiationis3</span> <span class='ocrx_word' id='word_1_337' title='bbox 693 2500 744 2531; x_wconf 91' lang='lat' dir='ltr'>ubi</span> <span class='ocrx_word' id='word_1_338' title='bbox 771 2513 832 2532; x_wconf 83' lang='lat' dir='ltr'>au-</span> 
     </span>
     <span class='ocr_line' id='line_1_51' title="bbox 70 2544 832 2590; baseline -0.008 -9"><span class='ocrx_word' id='word_1_339' title='bbox 70 2556 135 2581; x_wconf 87' lang='lat' dir='ltr'>tem</span> <span class='ocrx_word' id='word_1_340' title='bbox 157 2554 235 2590; x_wconf 88' lang='lat' dir='ltr'>post</span> <span class='ocrx_word' id='word_1_341' title='bbox 256 2545 485 2589; x_wconf 82' lang='lat' dir='ltr'>imperativum</span> <span class='ocrx_word' id='word_1_342' title='bbox 507 2552 562 2576; x_wconf 87' lang='lat' dir='ltr'>aut</span> <span class='ocrx_word' id='word_1_343' title='bbox 579 2544 832 2584; x_wconf 86' lang='lat' dir='ltr'>coniunctivum,</span> 
     </span>
     <span class='ocr_line' id='line_1_52' title="bbox 72 2589 834 2636; baseline -0.008 -11"><span class='ocrx_word' id='word_1_344' title='bbox 72 2594 105 2625; x_wconf 88' lang='lat' dir='ltr'>in</span> <span class='ocrx_word' id='word_1_345' title='bbox 127 2602 190 2636; x_wconf 87' lang='lat' dir='ltr'>qno</span> <span class='ocrx_word' id='word_1_346' title='bbox 211 2592 297 2623; x_wconf 79' lang='lat' dir='ltr'>inest</span> <span class='ocrx_word' id='word_1_347' title='bbox 319 2589 505 2633; x_wconf 78' lang='lat' dir='ltr'>imperativi</span> <span class='ocrx_word' id='word_1_348' title='bbox 529 2589 585 2628; x_wconf 82' lang='lat' dir='ltr'>vis,</span> <span class='ocrx_word' id='word_1_349' title='bbox 610 2589 755 2631; x_wconf 87' lang='lat' dir='ltr'>sequitur</span> <span class='ocrx_word' id='word_1_350' title='bbox 778 2590 834 2620; x_wconf 74' lang='lat' dir='ltr'>fn—</span> 
     </span>
     <span class='ocr_line' id='line_1_53' title="bbox 72 2633 835 2680; baseline -0.007 -10"><span class='ocrx_word' id='word_1_351' title='bbox 72 2645 200 2674; x_wconf 79' lang='lat' dir='ltr'>turum,</span> <span class='ocrx_word' id='word_1_352' title='bbox 226 2636 314 2680; x_wconf 84' lang='lat' dir='ltr'>quod</span> <span class='ocrx_word' id='word_1_353' title='bbox 339 2642 432 2667; x_wconf 81' lang='lat' dir='ltr'>notat</span> <span class='ocrx_word' id='word_1_354' title='bbox 455 2634 510 2675; x_wconf 89' lang='lat' dir='ltr'>id,</span> <span class='ocrx_word' id='word_1_355' title='bbox 540 2634 628 2677; x_wconf 87' lang='lat' dir='ltr'>quod</span> <span class='ocrx_word' id='word_1_356' title='bbox 652 2633 728 2664; x_wconf 80' lang='lat' dir='ltr'>inde</span> <span class='ocrx_word' id='word_1_357' title='bbox 753 2645 835 2665; x_wconf 87' lang='lat' dir='ltr'>con-</span> 
     </span>
     <span class='ocr_line' id='line_1_54' title="bbox 73 2678 839 2725; baseline -0.008 -11"><span class='ocrx_word' id='word_1_358' title='bbox 73 2682 230 2725; x_wconf 74' lang='lat' dir='ltr'>sequitur,</span> <span class='ocrx_word' id='word_1_359' title='bbox 257 2681 370 2712; x_wconf 79' lang='lat' dir='ltr'>Cicero</span> <span class='ocrx_word' id='word_1_360' title='bbox 392 2680 539 2712; x_wconf 80' lang='lat' dir='ltr'>futurum</span> <span class='ocrx_word' id='word_1_361' title='bbox 559 2679 628 2710; x_wconf 84' lang='lat' dir='ltr'>sine</span> <span class='ocrx_word' id='word_1_362' title='bbox 650 2683 676 2710; x_wconf 78' lang='lat' dir='ltr'>et</span> <span class='ocrx_word' id='word_1_363' title='bbox 697 2678 839 2716; x_wconf 83' lang='lat' dir='ltr'>subiicit,</span> 
     </span>
     <span class='ocr_line' id='line_1_55' title="bbox 74 2722 840 2766; baseline -0.008 -7"><span class='ocrx_word' id='word_1_364' title='bbox 74 2727 238 2759; x_wconf 74' lang='lat' dir='ltr'>inferioris</span> <span class='ocrx_word' id='word_1_365' title='bbox 252 2733 362 2757; x_wconf 78' lang='lat' dir='ltr'>autem</span> <span class='ocrx_word' id='word_1_366' title='bbox 379 2724 497 2757; x_wconf 81' lang='lat' dir='ltr'>aetatis</span> <span class='ocrx_word' id='word_1_367' title='bbox 516 2724 693 2766; x_wconf 79' lang='lat' dir='ltr'>scriptores</span> <span class='ocrx_word' id='word_1_368' title='bbox 715 2722 840 2754; x_wconf 85' lang='lat' dir='ltr'>addunt</span> 
     </span>
     <span class='ocr_line' id='line_1_56' title="bbox 77 2767 840 2813; baseline -0.005 -10"><span class='ocrx_word' id='word_1_369' title='bbox 77 2776 126 2811; x_wconf 82' lang='lat' dir='ltr'>et,</span> <span class='ocrx_word' id='word_1_370' title='bbox 150 2771 198 2803; x_wconf 87' lang='lat' dir='ltr'>uti</span> <span class='ocrx_word' id='word_1_371' title='bbox 221 2771 318 2802; x_wconf 84' lang='lat' dir='ltr'>etiam</span> <span class='ocrx_word' id='word_1_372' title='bbox 344 2782 404 2802; x_wconf 89' lang='lat' dir='ltr'>nos</span> <span class='ocrx_word' id='word_1_373' title='bbox 429 2771 494 2802; x_wconf 80' lang='lat' dir='ltr'>und</span> <span class='ocrx_word' id='word_1_374' title='bbox 516 2768 728 2813; x_wconf 72' lang='lat' dir='ltr'>praemittere</span> <span class='ocrx_word' id='word_1_375' title='bbox 749 2767 840 2799; x_wconf 87' lang='lat' dir='ltr'>sole-</span> 
     </span>
     <span class='ocr_line' id='line_1_57' title="bbox 78 2813 840 2857; baseline -0.003 -10"><span class='ocrx_word' id='word_1_376' title='bbox 78 2827 149 2847; x_wconf 88' lang='lat' dir='ltr'>mus</span> <span class='ocrx_word' id='word_1_377' title='bbox 207 2816 258 2849; x_wconf 78' lang='lat' dir='ltr'>Cf.</span> <span class='ocrx_word' id='word_1_378' title='bbox 290 2817 418 2856; x_wconf 70' lang='lat' dir='ltr'>Madvig]</span> <span class='ocrx_word' id='word_1_379' title='bbox 466 2826 578 2857; x_wconf 87' lang='lat' dir='ltr'>opusc.</span> <span class='ocrx_word' id='word_1_380' title='bbox 605 2813 705 2845; x_wconf 79' lang='lat' dir='ltr'>Acad.</span> <span class='ocrx_word' id='word_1_381' title='bbox 737 2813 840 2845; x_wconf 80' lang='lat' dir='ltr'>altera</span> 
     </span>
     <span class='ocr_line' id='line_1_58' title="bbox 79 2855 840 2915; baseline -0.003 -24"><span class='ocrx_word' id='word_1_382' title='bbox 79 2872 114 2903; x_wconf 86' lang='lat' dir='ltr'>p.</span> <span class='ocrx_word' id='word_1_383' title='bbox 135 2857 228 2899; x_wconf 81' lang='lat'>162.,</span> <span class='ocrx_word' id='word_1_384' title='bbox 257 2860 316 2915; x_wconf 65' lang='lat' dir='ltr'>-qui</span> <span class='ocrx_word' id='word_1_385' title='bbox 351 2867 521 2903; x_wconf 77' lang='lat' dir='ltr'>comparat</span> <span class='ocrx_word' id='word_1_386' title='bbox 545 2860 641 2891; x_wconf 86' lang='lat' dir='ltr'>Verr.</span> <span class='ocrx_word' id='word_1_387' title='bbox 663 2861 685 2890; x_wconf 90' lang='grc' dir='ltr'>Ι.</span> <span class='ocrx_word' id='word_1_388' title='bbox 712 2856 762 2895; x_wconf 81' lang='grc'>17,</span> <span class='ocrx_word' id='word_1_389' title='bbox 786 2855 840 2890; x_wconf 71' lang='lat'>45.</span> 
     </span>
     <span class='ocr_line' id='line_1_59' title="bbox 83 2903 839 2945; baseline -0.005 -8"><span class='ocrx_word' id='word_1_390' title='bbox 83 2905 125 2937; x_wconf 82' lang='grc'>11.</span> <span class='ocrx_word' id='word_1_391' title='bbox 148 2903 212 2940; x_wconf 78' lang='lat'>23.</span> <span class='ocrx_word' id='word_1_392' title='bbox 236 2904 294 2937; x_wconf 71' lang='lat'>51:</span> <span class='ocrx_word' id='word_1_393' title='bbox 331 2905 511 2940; x_wconf 77' lang='lat' dir='ltr'>attentlite3</span> <span class='ocrx_word' id='word_1_394' title='bbox 545 2905 609 2935; x_wconf 81' lang='lat' dir='ltr'>iam</span> <span class='ocrx_word' id='word_1_395' title='bbox 639 2903 839 2945; x_wconf 77' lang='lat' dir='ltr'>intelligetis.</span> 
     </span>
    </p>
   </div>
   <div class='ocr_carea' id='block_1_14' title="bbox 84 2947 840 2991">
    <p class='ocr_par' dir='ltr' id='par_1_17' title="bbox 84 2947 840 2991">
     <span class='ocr_line' id='line_1_60' title="bbox 84 2947 840 2991; baseline -0.005 -9"><span class='ocrx_word' id='word_1_396' title='bbox 84 2948 179 2982; x_wconf 82' lang='lat' dir='ltr'>Adde</span> <span class='ocrx_word' id='word_1_397' title='bbox 201 2950 299 2983; x_wconf 85' lang='lat' dir='ltr'>Tusc.</span> <span class='ocrx_word' id='word_1_398' title='bbox 322 2951 347 2982; x_wconf 92' lang='lat' dir='ltr'>l.</span> <span class='ocrx_word' id='word_1_399' title='bbox 377 2949 435 2986; x_wconf 82' lang='grc'>13,</span> <span class='ocrx_word' id='word_1_400' title='bbox 459 2949 522 2982; x_wconf 65' lang='grc'>301</span> <span class='ocrx_word' id='word_1_401' title='bbox 555 2949 636 2981; x_wconf 66' lang='lat' dir='ltr'>toll(=</span> <span class='ocrx_word' id='word_1_402' title='bbox 658 2948 743 2980; x_wconf 86' lang='lat' dir='ltr'>hanc</span> <span class='ocrx_word' id='word_1_403' title='bbox 766 2947 840 2991; x_wconf 88' lang='lat' dir='ltr'>opi-</span> 
     </span>
    </p>
   </div>
   <div class='ocr_carea' id='block_1_15' title="bbox 838 970 1638 2988">
    <p class='ocr_par' dir='ltr' id='par_1_18' title="bbox 838 970 1602 1374">
     <span class='ocr_line' id='line_1_61' title="bbox 839 970 1596 1016; baseline -0.009 -6"><span class='ocrx_word' id='word_1_404' title='bbox 839 978 989 1016; x_wconf 69' lang='lat' dir='ltr'>nionem,</span> <span class='ocrx_word' id='word_1_405' title='bbox 1014 977 1140 1008; x_wconf 88' lang='lat' dir='ltr'>luctum</span> <span class='ocrx_word' id='word_1_406' title='bbox 1159 974 1338 1007; x_wconf 82' lang='lat' dir='ltr'>sustuleris.</span> <span class='ocrx_word' id='word_1_407' title='bbox 1380 974 1435 1004; x_wconf 86' lang='lat' dir='ltr'>IV.</span> <span class='ocrx_word' id='word_1_408' title='bbox 1458 970 1515 1014; x_wconf 69' lang='lat'>24,</span> <span class='ocrx_word' id='word_1_409' title='bbox 1536 971 1596 1004; x_wconf 81' lang='lat'>53:</span> 
     </span>
     <span class='ocr_line' id='line_1_62' title="bbox 838 1018 1598 1062; baseline -0.008 -8"><span class='ocrx_word' id='word_1_410' title='bbox 838 1030 944 1054; x_wconf 85' lang='lat' dir='ltr'>tracta</span> <span class='ocrx_word' id='word_1_411' title='bbox 965 1034 1028 1059; x_wconf 82' lang='lat'>—3</span> <span class='ocrx_word' id='word_1_412' title='bbox 1063 1020 1236 1062; x_wconf 82' lang='lat' dir='ltr'>intelliges.</span> <span class='ocrx_word' id='word_1_413' title='bbox 1285 1018 1347 1050; x_wconf 67' lang='lat'>54:</span> <span class='ocrx_word' id='word_1_414' title='bbox 1384 1028 1598 1052; x_wconf 73' lang='lat' dir='ltr'>1·emove-;</span> 
     </span>
     <span class='ocr_line' id='line_1_63' title="bbox 839 1063 1601 1099; baseline -0.009 0"><span class='ocrx_word' id='word_1_415' title='bbox 839 1068 903 1099; x_wconf 75' lang='lat' dir='ltr'>iam</span> <span class='ocrx_word' id='word_1_416' title='bbox 925 1067 1133 1099; x_wconf 83' lang='lat' dir='ltr'>videbuntur.</span> <span class='ocrx_word' id='word_1_417' title='bbox 1181 1063 1262 1096; x_wconf 87' lang='lat' dir='ltr'>lbid.</span> <span class='ocrx_word' id='word_1_418' title='bbox 1296 1074 1487 1099; x_wconf 78' lang='lat' dir='ltr'>c0m1n0ve3</span> <span class='ocrx_word' id='word_1_419' title='bbox 1522 1073 1601 1092; x_wconf 89' lang='lat' dir='ltr'>sen-</span> 
     </span>
     <span class='ocr_line' id='line_1_64' title="bbox 839 1106 1601 1146; baseline -0.01 -2"><span class='ocrx_word' id='word_1_420' title='bbox 839 1112 912 1144; x_wconf 84' lang='lat' dir='ltr'>ties.</span> <span class='ocrx_word' id='word_1_421' title='bbox 960 1112 999 1143; x_wconf 85' lang='lat' dir='ltr'>V.</span> <span class='ocrx_word' id='word_1_422' title='bbox 1018 1108 1082 1146; x_wconf 68' lang='lat'>34,</span> <span class='ocrx_word' id='word_1_423' title='bbox 1112 1109 1193 1141; x_wconf 87' lang='lat'>100:</span> <span class='ocrx_word' id='word_1_424' title='bbox 1220 1109 1337 1140; x_wconf 82' lang='lat' dir='ltr'>confer</span> <span class='ocrx_word' id='word_1_425' title='bbox 1364 1120 1424 1145; x_wconf 78' lang='lat'>-3</span> <span class='ocrx_word' id='word_1_426' title='bbox 1456 1114 1527 1138; x_wconf 85' lang='lat' dir='ltr'>tum</span> <span class='ocrx_word' id='word_1_427' title='bbox 1546 1106 1601 1137; x_wconf 86' lang='lat' dir='ltr'>in—</span> 
     </span>
     <span class='ocr_line' id='line_1_65' title="bbox 840 1151 1600 1199; baseline -0.009 -11"><span class='ocrx_word' id='word_1_428' title='bbox 840 1157 978 1199; x_wconf 83' lang='lat' dir='ltr'>telliges.</span> <span class='ocrx_word' id='word_1_429' title='bbox 1026 1166 1086 1198; x_wconf 89' lang='lat' dir='ltr'>pro</span> <span class='ocrx_word' id='word_1_430' title='bbox 1109 1154 1198 1185; x_wconf 88' lang='lat' dir='ltr'>Sulla</span> <span class='ocrx_word' id='word_1_431' title='bbox 1219 1152 1250 1191; x_wconf 86' lang='lat'>2,</span> <span class='ocrx_word' id='word_1_432' title='bbox 1276 1153 1314 1184; x_wconf 82' lang='lat'>5:</span> <span class='ocrx_word' id='word_1_433' title='bbox 1341 1151 1515 1183; x_wconf 85' lang='lat' dir='ltr'>recordare</span> <span class='ocrx_word' id='word_1_434' title='bbox 1537 1163 1600 1188; x_wconf 77' lang='lat'>—3</span> 
     </span>
     <span class='ocr_line' id='line_1_66' title="bbox 840 1197 1602 1243; baseline -0.009 -10"><span class='ocrx_word' id='word_1_435' title='bbox 840 1202 1025 1243; x_wconf 81' lang='lat' dir='ltr'>intelliges:</span> <span class='ocrx_word' id='word_1_436' title='bbox 1069 1199 1123 1231; x_wconf 89' lang='lat' dir='ltr'>ubi</span> <span class='ocrx_word' id='word_1_437' title='bbox 1158 1199 1251 1241; x_wconf 84' lang='lat' dir='ltr'>plura</span> <span class='ocrx_word' id='word_1_438' title='bbox 1285 1197 1425 1229; x_wconf 88' lang='lat' dir='ltr'>contulit</span> <span class='ocrx_word' id='word_1_439' title='bbox 1459 1198 1602 1228; x_wconf 81' lang='lat' dir='ltr'>Halmius</span> 
     </span>
     <span class='ocr_line' id='line_1_67' title="bbox 843 1240 1602 1289; baseline -0.009 -11"><span class='ocrx_word' id='word_1_440' title='bbox 843 1258 874 1289; x_wconf 83' lang='lat' dir='ltr'>p.</span> <span class='ocrx_word' id='word_1_441' title='bbox 901 1244 954 1278; x_wconf 81' lang='grc'>56.</span> <span class='ocrx_word' id='word_1_442' title='bbox 1003 1247 1040 1277; x_wconf 92' lang='lat' dir='ltr'>In</span> <span class='ocrx_word' id='word_1_443' title='bbox 1072 1243 1270 1286; x_wconf 85' lang='lat' dir='ltr'>imperativo</span> <span class='ocrx_word' id='word_1_444' title='bbox 1303 1249 1360 1273; x_wconf 82' lang='lat' dir='ltr'>aut</span> <span class='ocrx_word' id='word_1_445' title='bbox 1394 1240 1602 1272; x_wconf 86' lang='lat' dir='ltr'>coniunctivo</span> 
     </span>
     <span class='ocr_line' id='line_1_68' title="bbox 841 1285 1602 1322; baseline -0.009 0"><span class='ocrx_word' id='word_1_446' title='bbox 841 1292 927 1322; x_wconf 90' lang='lat' dir='ltr'>inest</span> <span class='ocrx_word' id='word_1_447' title='bbox 946 1289 995 1321; x_wconf 75' lang='lat' dir='ltr'>vis</span> <span class='ocrx_word' id='word_1_448' title='bbox 1019 1287 1251 1321; x_wconf 83' lang='lat' dir='ltr'>conditionalis</span> <span class='ocrx_word' id='word_1_449' title='bbox 1273 1285 1518 1319; x_wconf 74' lang='lat' dir='ltr'>enuntiationis.</span> <span class='ocrx_word' id='word_1_450' title='bbox 1563 1285 1602 1315; x_wconf 88' lang='lat' dir='ltr'>V.</span> 
     </span>
     <span class='ocr_line' id='line_1_69' title="bbox 843 1331 1455 1374; baseline -0.01 -7"><span class='ocrx_word' id='word_1_451' title='bbox 843 1335 885 1367; x_wconf 84' lang='lat' dir='ltr'>ad</span> <span class='ocrx_word' id='word_1_452' title='bbox 912 1336 960 1366; x_wconf 72' lang='lat' dir='ltr'>H:</span> <span class='ocrx_word' id='word_1_453' title='bbox 977 1334 1037 1373; x_wconf 89' lang='lat'>12,</span> <span class='ocrx_word' id='word_1_454' title='bbox 1062 1333 1123 1365; x_wconf 65' lang='lat'>26:</span> <span class='ocrx_word' id='word_1_455' title='bbox 1151 1333 1245 1374; x_wconf 82' lang='lat' dir='ltr'>Rogo</span> <span class='ocrx_word' id='word_1_456' title='bbox 1270 1332 1335 1363; x_wconf 90' lang='lat' dir='ltr'>hoc</span> <span class='ocrx_word' id='word_1_457' title='bbox 1357 1331 1455 1361; x_wconf 84' lang='lat' dir='ltr'>idem.</span> 
     </span>
    </p>

    <p class='ocr_par' dir='ltr' id='par_1_19' title="bbox 844 1374 1610 1682">
     <span class='ocr_line' id='line_1_70' title="bbox 913 1374 1605 1422; baseline -0.012 -10"><span class='ocrx_word' id='word_1_458' title='bbox 913 1379 1033 1422; x_wconf 81' lang='lat' dir='ltr'>domui]</span> <span class='ocrx_word' id='word_1_459' title='bbox 1059 1378 1113 1409; x_wconf 82' lang='lat' dir='ltr'>Sic</span> <span class='ocrx_word' id='word_1_460' title='bbox 1138 1389 1165 1409; x_wconf 88' lang='lat' dir='ltr'>c.</span> <span class='ocrx_word' id='word_1_461' title='bbox 1186 1377 1323 1408; x_wconf 86' lang='lat' dir='ltr'>Klotzio</span> <span class='ocrx_word' id='word_1_462' title='bbox 1347 1375 1436 1407; x_wconf 87' lang='lat' dir='ltr'>edidi</span> <span class='ocrx_word' id='word_1_463' title='bbox 1459 1386 1477 1406; x_wconf 84' lang='lat' dir='ltr'>e</span> <span class='ocrx_word' id='word_1_464' title='bbox 1499 1374 1605 1417; x_wconf 88' lang='lat' dir='ltr'>pluri-</span> 
     </span>
     <span class='ocr_line' id='line_1_71' title="bbox 844 1419 1608 1467; baseline -0.01 -10"><span class='ocrx_word' id='word_1_465' title='bbox 844 1425 904 1457; x_wconf 90' lang='lat' dir='ltr'>mis</span> <span class='ocrx_word' id='word_1_466' title='bbox 925 1423 1123 1467; x_wconf 90' lang='lat' dir='ltr'>optimisque</span> <span class='ocrx_word' id='word_1_467' title='bbox 1147 1421 1255 1460; x_wconf 68' lang='lat' dir='ltr'>codd„</span> <span class='ocrx_word' id='word_1_468' title='bbox 1281 1428 1317 1452; x_wconf 90' lang='lat' dir='ltr'>ut</span> <span class='ocrx_word' id='word_1_469' title='bbox 1337 1421 1376 1452; x_wconf 81' lang='lat' dir='ltr'>R.</span> <span class='ocrx_word' id='word_1_470' title='bbox 1400 1419 1486 1451; x_wconf 88' lang='lat' dir='ltr'>Gud.</span> <span class='ocrx_word' id='word_1_471' title='bbox 1510 1419 1548 1458; x_wconf 92' lang='grc'>1.,</span> <span class='ocrx_word' id='word_1_472' title='bbox 1574 1424 1608 1450; x_wconf 86' lang='lat' dir='ltr'>et</span> 
     </span>
     <span class='ocr_line' id='line_1_72' title="bbox 844 1464 1607 1507; baseline -0.009 -6"><span class='ocrx_word' id='word_1_473' title='bbox 844 1469 956 1502; x_wconf 87' lang='lat' dir='ltr'>multis</span> <span class='ocrx_word' id='word_1_474' title='bbox 977 1468 1052 1500; x_wconf 86' lang='lat' dir='ltr'>edd.</span> <span class='ocrx_word' id='word_1_475' title='bbox 1072 1474 1174 1505; x_wconf 83' lang='lat' dir='ltr'>vett.;</span> <span class='ocrx_word' id='word_1_476' title='bbox 1202 1468 1256 1498; x_wconf 92' lang='lat' dir='ltr'>Or.</span> <span class='ocrx_word' id='word_1_477' title='bbox 1278 1478 1306 1498; x_wconf 84' lang='lat' dir='ltr'>e.</span> <span class='ocrx_word' id='word_1_478' title='bbox 1328 1466 1414 1507; x_wconf 82' lang='lat' dir='ltr'>vulg.</span> <span class='ocrx_word' id='word_1_479' title='bbox 1435 1466 1529 1497; x_wconf 83' lang='lat' dir='ltr'>domi.</span> <span class='ocrx_word' id='word_1_480' title='bbox 1560 1464 1607 1494; x_wconf 79' lang='lat' dir='ltr'>De</span> 
     </span>
     <span class='ocr_line' id='line_1_73' title="bbox 846 1509 1610 1553; baseline -0.01 -6"><span class='ocrx_word' id='word_1_481' title='bbox 846 1515 955 1547; x_wconf 85' lang='lat' dir='ltr'>forma</span> <span class='ocrx_word' id='word_1_482' title='bbox 986 1516 1093 1545; x_wconf 85' lang='lat' dir='ltr'>domui</span> <span class='ocrx_word' id='word_1_483' title='bbox 1126 1511 1297 1544; x_wconf 84' lang='lat' dir='ltr'>enucleate</span> <span class='ocrx_word' id='word_1_484' title='bbox 1330 1509 1512 1553; x_wconf 84' lang='lat' dir='ltr'>disputavit</span> <span class='ocrx_word' id='word_1_485' title='bbox 1534 1510 1610 1540; x_wconf 88' lang='lat' dir='ltr'>Klo-</span> 
     </span>
     <span class='ocr_line' id='line_1_74' title="bbox 845 1552 1609 1592; baseline -0.012 0"><span class='ocrx_word' id='word_1_486' title='bbox 845 1563 924 1592; x_wconf 82' lang='lat' dir='ltr'>tzius</span> <span class='ocrx_word' id='word_1_487' title='bbox 946 1559 998 1590; x_wconf 90' lang='lat' dir='ltr'>in:</span> <span class='ocrx_word' id='word_1_488' title='bbox 1023 1558 1182 1590; x_wconf 79' lang='lat' dir='ltr'>Zeitsclir.</span> <span class='ocrx_word' id='word_1_489' title='bbox 1206 1556 1489 1588; x_wconf 82' lang='lat' dir='ltr'>f.Alterthumsw.</span> <span class='ocrx_word' id='word_1_490' title='bbox 1513 1552 1609 1585; x_wconf 65' lang='lat' dir='ltr'>ltssz&#39;).</span> 
     </span>
     <span class='ocr_line' id='line_1_75' title="bbox 846 1595 1608 1648; baseline -0.009 -12"><span class='ocrx_word' id='word_1_491' title='bbox 846 1618 879 1648; x_wconf 89' lang='lat' dir='ltr'>p.</span> <span class='ocrx_word' id='word_1_492' title='bbox 903 1602 970 1637; x_wconf 80' lang='grc'>737</span> <span class='ocrx_word' id='word_1_493' title='bbox 987 1615 1058 1647; x_wconf 89' lang='lat' dir='ltr'>sqq.</span> <span class='ocrx_word' id='word_1_494' title='bbox 1110 1603 1163 1634; x_wconf 80' lang='lat' dir='ltr'>Cf.</span> <span class='ocrx_word' id='word_1_495' title='bbox 1196 1613 1256 1634; x_wconf 88' lang='lat' dir='ltr'>uos</span> <span class='ocrx_word' id='word_1_496' title='bbox 1287 1601 1320 1632; x_wconf 88' lang='lat' dir='ltr'>in</span> <span class='ocrx_word' id='word_1_497' title='bbox 1352 1602 1407 1633; x_wconf 91' lang='lat' dir='ltr'>Gr.</span> <span class='ocrx_word' id='word_1_498' title='bbox 1434 1601 1471 1634; x_wconf 83' lang='lat' dir='ltr'>L.</span> <span class='ocrx_word' id='word_1_499' title='bbox 1506 1595 1608 1642; x_wconf 46' lang='lat'>(5336.</span> 
     </span>
     <span class='ocr_line' id='line_1_76' title="bbox 849 1649 979 1682; baseline -0.015 0"><span class='ocrx_word' id='word_1_500' title='bbox 849 1650 929 1682; x_wconf 89' lang='lat' dir='ltr'>Not.</span> <span class='ocrx_word' id='word_1_501' title='bbox 947 1649 979 1680; x_wconf 86' lang='lat'>5.</span> 
     </span>
    </p>

    <p class='ocr_par' dir='ltr' id='par_1_20' title="bbox 846 1691 1625 2310">
     <span class='ocr_line' id='line_1_77' title="bbox 913 1691 1612 1733; baseline -0.01 -7"><span class='ocrx_word' id='word_1_502' title='bbox 913 1697 974 1726; x_wconf 70' lang='grc' dir='ltr'><strong><em>πίει·</em></strong></span> <span class='ocrx_word' id='word_1_503' title='bbox 996 1696 1076 1726; x_wconf 82' lang='lat' dir='ltr'>enim</span> <span class='ocrx_word' id='word_1_504' title='bbox 1096 1712 1137 1717; x_wconf 89' lang='lat'>—</span> <span class='ocrx_word' id='word_1_505' title='bbox 1155 1694 1337 1733; x_wconf 71' lang='lat' dir='ltr'>cogitatione</span> <span class='ocrx_word' id='word_1_506' title='bbox 1361 1691 1518 1730; x_wconf 72' lang='lat' dir='ltr'>complecti</span> <span class='ocrx_word' id='word_1_507' title='bbox 1540 1698 1612 1728; x_wconf 78' lang='lat' dir='ltr'>pos-</span> 
     </span>
     <span class='ocr_line' id='line_1_78' title="bbox 846 1739 1612 1779; baseline -0.009 -8"><span class='ocrx_word' id='word_1_508' title='bbox 846 1740 966 1779; x_wconf 82' lang='lat' dir='ltr'>sumus]</span> <span class='ocrx_word' id='word_1_509' title='bbox 992 1741 1056 1771; x_wconf 73' lang='lat' dir='ltr'>Nisi</span> <span class='ocrx_word' id='word_1_510' title='bbox 1073 1740 1153 1770; x_wconf 86' lang='lat' dir='ltr'>enim</span> <span class='ocrx_word' id='word_1_511' title='bbox 1174 1739 1342 1776; x_wconf 59' lang='lat' dir='ltr'>intelligere</span> <span class='ocrx_word' id='word_1_512' title='bbox 1364 1747 1425 1767; x_wconf 79' lang='lat' dir='ltr'>non</span> <span class='ocrx_word' id='word_1_513' title='bbox 1446 1742 1612 1775; x_wconf 79' lang='lat' dir='ltr'>possumus</span> 
     </span>
     <span class='ocr_line' id='line_1_79' title="bbox 851 1780 1613 1823; baseline -0.01 -8"><span class='ocrx_word' id='word_1_514' title='bbox 851 1791 919 1815; x_wconf 88' lang='lat' dir='ltr'>est:</span> <span class='ocrx_word' id='word_1_515' title='bbox 945 1783 971 1814; x_wconf 89' lang='lat' dir='ltr'>si</span> <span class='ocrx_word' id='word_1_516' title='bbox 992 1783 1078 1814; x_wconf 87' lang='lat' dir='ltr'>euim</span> <span class='ocrx_word' id='word_1_517' title='bbox 1100 1782 1287 1823; x_wconf 75' lang='lat' dir='ltr'>intelligere</span> <span class='ocrx_word' id='word_1_518' title='bbox 1309 1791 1492 1823; x_wconf 86' lang='lat' dir='ltr'>possumus.</span> <span class='ocrx_word' id='word_1_519' title='bbox 1528 1780 1613 1808; x_wconf 87' lang='lat' dir='ltr'>Sen-</span> 
     </span>
     <span class='ocr_line' id='line_1_80' title="bbox 851 1824 1614 1868; baseline -0.012 -9"><span class='ocrx_word' id='word_1_520' title='bbox 851 1828 990 1859; x_wconf 77' lang='lat' dir='ltr'>tentiam</span> <span class='ocrx_word' id='word_1_521' title='bbox 1010 1834 1099 1859; x_wconf 86' lang='lat' dir='ltr'>recte</span> <span class='ocrx_word' id='word_1_522' title='bbox 1123 1825 1299 1868; x_wconf 74' lang='lat' dir='ltr'>explicavit</span> <span class='ocrx_word' id='word_1_523' title='bbox 1322 1827 1441 1856; x_wconf 81' lang='lat' dir='ltr'>Keilius</span> <span class='ocrx_word' id='word_1_524' title='bbox 1465 1824 1614 1865; x_wconf 43' lang='lat' dir='ltr'>{Quaesn</span> 
     </span>
     <span class='ocr_line' id='line_1_81' title="bbox 853 1865 1612 1914; baseline -0.011 -10"><span class='ocrx_word' id='word_1_525' title='bbox 853 1873 941 1905; x_wconf 86' lang='lat' dir='ltr'>Tull.</span> <span class='ocrx_word' id='word_1_526' title='bbox 967 1885 997 1914; x_wconf 91' lang='lat' dir='ltr'>p.</span> <span class='ocrx_word' id='word_1_527' title='bbox 1019 1872 1115 1912; x_wconf 68' lang='lat' dir='ltr'>1X.):</span> <span class='ocrx_word' id='word_1_528' title='bbox 1155 1871 1186 1901; x_wconf 85' lang='lat' dir='ltr'>Si</span> <span class='ocrx_word' id='word_1_529' title='bbox 1212 1870 1384 1913; x_wconf 86' lang='lat' dir='ltr'>quicquam</span> <span class='ocrx_word' id='word_1_530' title='bbox 1409 1875 1476 1905; x_wconf 88' lang='lat' dir='ltr'>est,</span> <span class='ocrx_word' id='word_1_531' title='bbox 1512 1865 1612 1910; x_wconf 80' lang='lat' dir='ltr'>quod,</span> 
     </span>
     <span class='ocr_line' id='line_1_82' title="bbox 855 1909 1617 1960; baseline -0.01 -12"><span class='ocrx_word' id='word_1_532' title='bbox 855 1928 953 1960; x_wconf 84' lang='lat' dir='ltr'>quum</span> <span class='ocrx_word' id='word_1_533' title='bbox 975 1927 1140 1958; x_wconf 83' lang='lat' dir='ltr'>nunquam</span> <span class='ocrx_word' id='word_1_534' title='bbox 1162 1915 1349 1952; x_wconf 82' lang='lat' dir='ltr'>viderimus,</span> <span class='ocrx_word' id='word_1_535' title='bbox 1372 1921 1495 1951; x_wconf 87' lang='lat' dir='ltr'>tamen,</span> <span class='ocrx_word' id='word_1_536' title='bbox 1522 1909 1617 1954; x_wconf 82' lang='lat' dir='ltr'>quale</span> 
     </span>
     <span class='ocr_line' id='line_1_83' title="bbox 855 1955 1618 2004; baseline -0.01 -10"><span class='ocrx_word' id='word_1_537' title='bbox 855 1963 909 2000; x_wconf 83' lang='lat' dir='ltr'>sit,</span> <span class='ocrx_word' id='word_1_538' title='bbox 935 1962 1095 2004; x_wconf 88' lang='lat' dir='ltr'>possimus</span> <span class='ocrx_word' id='word_1_539' title='bbox 1114 1960 1317 2002; x_wconf 83' lang='lat' dir='ltr'>intelligere:</span> <span class='ocrx_word' id='word_1_540' title='bbox 1345 1965 1434 1990; x_wconf 86' lang='lat' dir='ltr'>certe</span> <span class='ocrx_word' id='word_1_541' title='bbox 1454 1976 1497 1981; x_wconf 90' lang='lat'>—-</span> <span class='ocrx_word' id='word_1_542' title='bbox 1523 1955 1618 1997; x_wconf 86' lang='lat' dir='ltr'>cogi-</span> 
     </span>
     <span class='ocr_line' id='line_1_84' title="bbox 856 1999 1617 2049; baseline -0.012 -10"><span class='ocrx_word' id='word_1_543' title='bbox 856 2007 984 2039; x_wconf 78' lang='lat' dir='ltr'>tatione</span> <span class='ocrx_word' id='word_1_544' title='bbox 1007 2006 1183 2049; x_wconf 85' lang='lat' dir='ltr'>complecti</span> <span class='ocrx_word' id='word_1_545' title='bbox 1208 2016 1390 2048; x_wconf 82' lang='lat' dir='ltr'>possumus.</span> <span class='ocrx_word' id='word_1_546' title='bbox 1440 2002 1492 2033; x_wconf 82' lang='lat' dir='ltr'>Cf.</span> <span class='ocrx_word' id='word_1_547' title='bbox 1518 2013 1546 2033; x_wconf 89' lang='lat' dir='ltr'>c.</span> <span class='ocrx_word' id='word_1_548' title='bbox 1562 1999 1617 2038; x_wconf 59' lang='lat'>25,</span> 
     </span>
     <span class='ocr_line' id='line_1_85' title="bbox 856 2045 1620 2090; baseline -0.013 -5"><span class='ocrx_word' id='word_1_549' title='bbox 856 2051 911 2085; x_wconf 87' lang='lat'>70.</span> <span class='ocrx_word' id='word_1_550' title='bbox 970 2053 1018 2083; x_wconf 83' lang='lat' dir='ltr'>Ex</span> <span class='ocrx_word' id='word_1_551' title='bbox 1049 2052 1111 2083; x_wconf 85' lang='lat' dir='ltr'>hac</span> <span class='ocrx_word' id='word_1_552' title='bbox 1142 2050 1236 2082; x_wconf 88' lang='lat' dir='ltr'>huius</span> <span class='ocrx_word' id='word_1_553' title='bbox 1261 2049 1324 2081; x_wconf 86' lang='lat' dir='ltr'>loci</span> <span class='ocrx_word' id='word_1_554' title='bbox 1345 2045 1620 2090; x_wconf 80' lang='lat' dir='ltr'>interpretatione</span> 
     </span>
     <span class='ocr_line' id='line_1_86' title="bbox 856 2094 1621 2141; baseline -0.012 -11"><span class='ocrx_word' id='word_1_555' title='bbox 856 2104 978 2141; x_wconf 88' lang='lat' dir='ltr'>sponte</span> <span class='ocrx_word' id='word_1_556' title='bbox 1000 2103 1103 2140; x_wconf 84' lang='lat' dir='ltr'>patet,</span> <span class='ocrx_word' id='word_1_557' title='bbox 1131 2097 1276 2128; x_wconf 80' lang='lat' dir='ltr'>Bouherii</span> <span class='ocrx_word' id='word_1_558' title='bbox 1300 2094 1493 2137; x_wconf 76' lang='lat' dir='ltr'>particulam</span> <span class='ocrx_word' id='word_1_559' title='bbox 1516 2101 1621 2132; x_wconf 84' lang='lat' dir='ltr'>nega—</span> 
     </span>
     <span class='ocr_line' id='line_1_87' title="bbox 857 2139 1623 2184; baseline -0.013 -9"><span class='ocrx_word' id='word_1_560' title='bbox 857 2144 957 2175; x_wconf 74' lang='lat' dir='ltr'>tivam</span> <span class='ocrx_word' id='word_1_561' title='bbox 981 2149 1059 2184; x_wconf 87' lang='lat' dir='ltr'>post</span> <span class='ocrx_word' id='word_1_562' title='bbox 1084 2143 1248 2181; x_wconf 72' lang='lat' dir='ltr'>intelligere</span> <span class='ocrx_word' id='word_1_563' title='bbox 1280 2139 1456 2171; x_wconf 77' lang='lat' dir='ltr'>delendam</span> <span class='ocrx_word' id='word_1_564' title='bbox 1481 2143 1514 2168; x_wconf 88' lang='lat' dir='ltr'>et</span> <span class='ocrx_word' id='word_1_565' title='bbox 1548 2141 1623 2178; x_wconf 83' lang='lat' dir='ltr'>post</span> 
     </span>
     <span class='ocr_line' id='line_1_88' title="bbox 858 2181 1621 2229; baseline -0.014 -8"><span class='ocrx_word' id='word_1_566' title='bbox 858 2190 1016 2228; x_wconf 70' lang='lat' dir='ltr'>complecti</span> <span class='ocrx_word' id='word_1_567' title='bbox 1049 2185 1275 2229; x_wconf 80' lang='lat' dir='ltr'>reponendam</span> <span class='ocrx_word' id='word_1_568' title='bbox 1301 2183 1463 2216; x_wconf 81' lang='lat' dir='ltr'>censentis</span> <span class='ocrx_word' id='word_1_569' title='bbox 1488 2181 1621 2223; x_wconf 84' lang='lat' dir='ltr'>opinio-</span> 
     </span>
     <span class='ocr_line' id='line_1_89' title="bbox 860 2230 1625 2274; baseline -0.014 -9"><span class='ocrx_word' id='word_1_570' title='bbox 860 2245 946 2269; x_wconf 82' lang='lat' dir='ltr'>nem,</span> <span class='ocrx_word' id='word_1_571' title='bbox 969 2244 987 2264; x_wconf 80' lang='lat' dir='ltr'>a</span> <span class='ocrx_word' id='word_1_572' title='bbox 1007 2234 1114 2265; x_wconf 76' lang='lat' dir='ltr'>Neidio</span> <span class='ocrx_word' id='word_1_573' title='bbox 1137 2230 1321 2274; x_wconf 79' lang='lat' dir='ltr'>probatam,</span> <span class='ocrx_word' id='word_1_574' title='bbox 1346 2237 1534 2271; x_wconf 73' lang='lat' dir='ltr'>perversam</span> <span class='ocrx_word' id='word_1_575' title='bbox 1555 2235 1625 2255; x_wconf 78' lang='lat' dir='ltr'>csse</span> 
     </span>
     <span class='ocr_line' id='line_1_90' title="bbox 864 2277 1125 2310; baseline -0.011 0"><span class='ocrx_word' id='word_1_576' title='bbox 864 2277 1125 2310; x_wconf 79' lang='lat' dir='ltr'>existimandam.</span> 
     </span>
    </p>

    <p class='ocr_par' dir='ltr' id='par_1_21' title="bbox 863 2312 1631 2532">
     <span class='ocr_line' id='line_1_91' title="bbox 940 2312 1626 2359; baseline -0.016 -5"><span class='ocrx_word' id='word_1_577' title='bbox 940 2323 1147 2354; x_wconf 77' lang='lat' dir='ltr'>Dicaearchus</span> <span class='ocrx_word' id='word_1_578' title='bbox 1171 2319 1310 2359; x_wconf 62' lang='lat' dir='ltr'>quidem]</span> <span class='ocrx_word' id='word_1_579' title='bbox 1349 2319 1397 2348; x_wconf 85' lang='lat' dir='ltr'>De</span> <span class='ocrx_word' id='word_1_580' title='bbox 1421 2312 1626 2347; x_wconf 75' lang='lat' dir='ltr'>Dicaearcho</span> 
     </span>
     <span class='ocr_line' id='line_1_92' title="bbox 863 2358 1625 2400; baseline -0.017 0"><span class='ocrx_word' id='word_1_581' title='bbox 863 2374 897 2400; x_wconf 81' lang='lat' dir='ltr'>et</span> <span class='ocrx_word' id='word_1_582' title='bbox 923 2367 1121 2398; x_wconf 77' lang='lat' dir='ltr'>Aristoxeno</span> <span class='ocrx_word' id='word_1_583' title='bbox 1152 2376 1182 2394; x_wconf 67' lang='grc' dir='ltr'>γ.</span> <span class='ocrx_word' id='word_1_584' title='bbox 1217 2374 1243 2393; x_wconf 90' lang='lat' dir='ltr'>c.</span> <span class='ocrx_word' id='word_1_585' title='bbox 1266 2362 1325 2398; x_wconf 87' lang='lat'>10,</span> <span class='ocrx_word' id='word_1_586' title='bbox 1348 2361 1402 2393; x_wconf 89' lang='lat'>20.</span> <span class='ocrx_word' id='word_1_587' title='bbox 1440 2372 1465 2391; x_wconf 78' lang='lat' dir='ltr'>e.</span> <span class='ocrx_word' id='word_1_588' title='bbox 1488 2359 1523 2390; x_wconf 90' lang='lat'>11</span> <span class='ocrx_word' id='word_1_589' title='bbox 1539 2384 1546 2396; x_wconf 91' lang='lat'>,</span> <span class='ocrx_word' id='word_1_590' title='bbox 1571 2358 1625 2388; x_wconf 69' lang='lat'>24.</span> 
     </span>
     <span class='ocr_line' id='line_1_93' title="bbox 866 2403 1628 2450; baseline -0.014 -7"><span class='ocrx_word' id='word_1_591' title='bbox 866 2425 894 2444; x_wconf 89' lang='lat' dir='ltr'>c.</span> <span class='ocrx_word' id='word_1_592' title='bbox 916 2412 974 2449; x_wconf 55' lang='lat' dir='ltr'>la,</span> <span class='ocrx_word' id='word_1_593' title='bbox 999 2409 1054 2442; x_wconf 72' lang='lat'>41.</span> <span class='ocrx_word' id='word_1_594' title='bbox 1104 2410 1151 2439; x_wconf 89' lang='lat' dir='ltr'>De</span> <span class='ocrx_word' id='word_1_595' title='bbox 1177 2407 1336 2450; x_wconf 82' lang='lat' dir='ltr'>particula</span> <span class='ocrx_word' id='word_1_596' title='bbox 1359 2408 1484 2446; x_wconf 77' lang='lat' dir='ltr'>quidem</span> <span class='ocrx_word' id='word_1_597' title='bbox 1510 2403 1543 2434; x_wconf 90' lang='lat' dir='ltr'>in</span> <span class='ocrx_word' id='word_1_598' title='bbox 1570 2413 1628 2433; x_wconf 79' lang='lat' dir='ltr'>ex-</span> 
     </span>
     <span class='ocr_line' id='line_1_94' title="bbox 867 2444 1631 2495; baseline -0.012 -8"><span class='ocrx_word' id='word_1_599' title='bbox 867 2456 981 2495; x_wconf 87' lang='lat' dir='ltr'>emplis</span> <span class='ocrx_word' id='word_1_600' title='bbox 1017 2451 1192 2485; x_wconf 80' lang='lat' dir='ltr'>afferendis</span> <span class='ocrx_word' id='word_1_601' title='bbox 1217 2459 1372 2494; x_wconf 76' lang='lat' dir='ltr'>usurpata</span> <span class='ocrx_word' id='word_1_602' title='bbox 1400 2463 1428 2482; x_wconf 77' lang='lat' dir='ltr'>v.</span> <span class='ocrx_word' id='word_1_603' title='bbox 1451 2449 1494 2481; x_wconf 79' lang='lat' dir='ltr'>ad</span> <span class='ocrx_word' id='word_1_604' title='bbox 1526 2460 1553 2480; x_wconf 91' lang='lat' dir='ltr'>c.</span> <span class='ocrx_word' id='word_1_605' title='bbox 1576 2444 1631 2485; x_wconf 70' lang='grc'>48,</span> 
     </span>
     <span class='ocr_line' id='line_1_95' title="bbox 870 2500 943 2532; baseline -0.041 0"><span class='ocrx_word' id='word_1_606' title='bbox 870 2500 943 2532; x_wconf 77' lang='lat'>116.</span> 
     </span>
    </p>

    <p class='ocr_par' dir='ltr' id='par_1_22' title="bbox 867 2541 1632 2813">
     <span class='ocr_line' id='line_1_96' title="bbox 934 2541 1631 2584; baseline -0.01 -9"><span class='ocrx_word' id='word_1_607' title='bbox 934 2546 1056 2575; x_wconf 79' lang='lat' dir='ltr'>nullum</span> <span class='ocrx_word' id='word_1_608' title='bbox 1079 2561 1124 2566; x_wconf 95' lang='lat'><em>-</em></span> <span class='ocrx_word' id='word_1_609' title='bbox 1146 2544 1224 2584; x_wconf 78' lang='lat' dir='ltr'>esse]</span> <span class='ocrx_word' id='word_1_610' title='bbox 1259 2541 1397 2573; x_wconf 85' lang='lat' dir='ltr'>Gravius</span> <span class='ocrx_word' id='word_1_611' title='bbox 1421 2541 1546 2572; x_wconf 86' lang='lat' dir='ltr'>dictum</span> <span class='ocrx_word' id='word_1_612' title='bbox 1570 2548 1631 2580; x_wconf 89' lang='lat' dir='ltr'>pro</span> 
     </span>
     <span class='ocr_line' id='line_1_97' title="bbox 867 2583 1632 2630; baseline -0.009 -9"><span class='ocrx_word' id='word_1_613' title='bbox 867 2600 948 2622; x_wconf 75' lang='lat' dir='ltr'>non</span> <span class='ocrx_word' id='word_1_614' title='bbox 981 2599 1054 2620; x_wconf 81' lang='lat' dir='ltr'>esse.</span> <span class='ocrx_word' id='word_1_615' title='bbox 1111 2588 1288 2630; x_wconf 83' lang='lat' dir='ltr'>Comparat</span> <span class='ocrx_word' id='word_1_616' title='bbox 1320 2589 1420 2619; x_wconf 83' lang='lat' dir='ltr'>Moser</span> <span class='ocrx_word' id='word_1_617' title='bbox 1454 2585 1561 2616; x_wconf 83' lang='lat' dir='ltr'>Divin.</span> <span class='ocrx_word' id='word_1_618' title='bbox 1592 2583 1632 2614; x_wconf 87' lang='lat' dir='ltr'>Il.</span> 
     </span>
     <span class='ocr_line' id='line_1_98' title="bbox 870 2632 1631 2674; baseline -0.011 -9"><span class='ocrx_word' id='word_1_619' title='bbox 870 2632 926 2672; x_wconf 76' lang='grc'>67,</span> <span class='ocrx_word' id='word_1_620' title='bbox 948 2633 1028 2665; x_wconf 66' lang='grc' dir='ltr'>133τ</span> <span class='ocrx_word' id='word_1_621' title='bbox 1055 2644 1165 2665; x_wconf 85' lang='lat' dir='ltr'>earum</span> <span class='ocrx_word' id='word_1_622' title='bbox 1179 2644 1298 2670; x_wconf 79' lang='lat' dir='ltr'>rerum,</span> <span class='ocrx_word' id='word_1_623' title='bbox 1322 2643 1403 2674; x_wconf 83' lang='lat' dir='ltr'>quae</span> <span class='ocrx_word' id='word_1_624' title='bbox 1422 2632 1527 2662; x_wconf 82' lang='lat' dir='ltr'>nullae</span> <span class='ocrx_word' id='word_1_625' title='bbox 1545 2634 1631 2659; x_wconf 89' lang='lat' dir='ltr'>sunt.</span> 
     </span>
     <span class='ocr_line' id='line_1_99' title="bbox 873 2673 1631 2719; baseline -0.008 -9"><span class='ocrx_word' id='word_1_626' title='bbox 873 2679 915 2710; x_wconf 87' lang='lat' dir='ltr'>de</span> <span class='ocrx_word' id='word_1_627' title='bbox 936 2680 990 2710; x_wconf 87' lang='lat' dir='ltr'>Or.</span> <span class='ocrx_word' id='word_1_628' title='bbox 1011 2679 1033 2709; x_wconf 87' lang='lat'>1.</span> <span class='ocrx_word' id='word_1_629' title='bbox 1057 2675 1098 2716; x_wconf 88' lang='grc'>9,</span> <span class='ocrx_word' id='word_1_630' title='bbox 1115 2676 1184 2709; x_wconf 69' lang='grc' dir='ltr'>’ὃὸι</span> <span class='ocrx_word' id='word_1_631' title='bbox 1220 2689 1287 2709; x_wconf 89' lang='lat' dir='ltr'>rem</span> <span class='ocrx_word' id='word_1_632' title='bbox 1318 2677 1482 2719; x_wconf 83' lang='lat' dir='ltr'>publicam</span> <span class='ocrx_word' id='word_1_633' title='bbox 1504 2693 1546 2698; x_wconf 92' lang='lat'>—-</span> <span class='ocrx_word' id='word_1_634' title='bbox 1568 2673 1631 2702; x_wconf 71' lang='lat' dir='ltr'>ium</span> 
     </span>
     <span class='ocr_line' id='line_1_100' title="bbox 874 2717 1630 2755; baseline -0.013 0"><span class='ocrx_word' id='word_1_635' title='bbox 874 2723 929 2755; x_wconf 90' lang='lat' dir='ltr'>diu</span> <span class='ocrx_word' id='word_1_636' title='bbox 954 2726 1071 2755; x_wconf 83' lang='lat' dir='ltr'>nullam</span> <span class='ocrx_word' id='word_1_637' title='bbox 1103 2723 1305 2754; x_wconf 83' lang='lat' dir='ltr'>haberemus.</span> <span class='ocrx_word' id='word_1_638' title='bbox 1356 2722 1406 2752; x_wconf 85' lang='lat' dir='ltr'>Cf.</span> <span class='ocrx_word' id='word_1_639' title='bbox 1431 2731 1492 2751; x_wconf 91' lang='lat' dir='ltr'>nos</span> <span class='ocrx_word' id='word_1_640' title='bbox 1514 2719 1546 2749; x_wconf 91' lang='lat' dir='ltr'>in</span> <span class='ocrx_word' id='word_1_641' title='bbox 1572 2717 1630 2747; x_wconf 84' lang='lat' dir='ltr'>Gr.</span> 
     </span>
     <span class='ocr_line' id='line_1_101' title="bbox 875 2763 1497 2813; baseline -0.01 -13"><span class='ocrx_word' id='word_1_642' title='bbox 875 2769 914 2800; x_wconf 93' lang='lat' dir='ltr'>L.</span> <span class='ocrx_word' id='word_1_643' title='bbox 939 2767 1060 2813; x_wconf 77' lang='lat'>§.109‚</span> <span class='ocrx_word' id='word_1_644' title='bbox 1084 2768 1116 2800; x_wconf 88' lang='lat'>5.</span> <span class='ocrx_word' id='word_1_645' title='bbox 1141 2775 1174 2799; x_wconf 81' lang='lat' dir='ltr'>et</span> <span class='ocrx_word' id='word_1_646' title='bbox 1199 2771 1226 2812; x_wconf 53' lang='grc' dir='ltr'>ᾗ.</span> <span class='ocrx_word' id='word_1_647' title='bbox 1248 2767 1322 2799; x_wconf 72' lang='grc' dir='ltr'>13ὀ.</span> <span class='ocrx_word' id='word_1_648' title='bbox 1348 2767 1428 2798; x_wconf 85' lang='lat' dir='ltr'>Not.</span> <span class='ocrx_word' id='word_1_649' title='bbox 1448 2763 1497 2796; x_wconf 89' lang='lat'>11.</span> 
     </span>
    </p>

    <p class='ocr_par' dir='ltr' id='par_1_23' title="bbox 875 2803 1638 2988">
     <span class='ocr_line' id='line_1_102' title="bbox 942 2803 1635 2854; baseline -0.017 -8"><span class='ocrx_word' id='word_1_650' title='bbox 942 2817 970 2854; x_wconf 62' lang='lat'>§-</span> <span class='ocrx_word' id='word_1_651' title='bbox 989 2813 1043 2845; x_wconf 80' lang='lat'>52.</span> <span class='ocrx_word' id='word_1_652' title='bbox 1090 2814 1253 2854; x_wconf 74' lang='lat' dir='ltr'>nimirum]</span> <span class='ocrx_word' id='word_1_653' title='bbox 1290 2811 1370 2843; x_wconf 78' lang='lat' dir='ltr'>Noli</span> <span class='ocrx_word' id='word_1_654' title='bbox 1401 2808 1530 2845; x_wconf 85' lang='lat' dir='ltr'>mirari,</span> <span class='ocrx_word' id='word_1_655' title='bbox 1566 2803 1635 2836; x_wconf 89' lang='lat' dir='ltr'>noli</span> 
     </span>
     <span class='ocr_line' id='line_1_103' title="bbox 875 2853 1637 2898; baseline -0.012 -9"><span class='ocrx_word' id='word_1_656' title='bbox 875 2857 1035 2896; x_wconf 84' lang='lat' dir='ltr'>dubitare,</span> <span class='ocrx_word' id='word_1_657' title='bbox 1059 2859 1093 2890; x_wconf 88' lang='lat' dir='ltr'>h.</span> <span class='ocrx_word' id='word_1_658' title='bbox 1107 2870 1134 2890; x_wconf 83' lang='lat' dir='ltr'>e.</span> <span class='ocrx_word' id='word_1_659' title='bbox 1159 2865 1259 2896; x_wconf 82' lang='lat' dir='ltr'>certe,</span> <span class='ocrx_word' id='word_1_660' title='bbox 1284 2857 1406 2898; x_wconf 82' lang='lat' dir='ltr'>utique.</span> <span class='ocrx_word' id='word_1_661' title='bbox 1444 2853 1537 2884; x_wconf 81' lang='lat' dir='ltr'>Haec</span> <span class='ocrx_word' id='word_1_662' title='bbox 1558 2860 1637 2893; x_wconf 85' lang='lat' dir='ltr'>par-</span> 
     </span>
     <span class='ocr_line' id='line_1_104' title="bbox 877 2894 1638 2944; baseline -0.012 -10"><span class='ocrx_word' id='word_1_663' title='bbox 877 2903 995 2938; x_wconf 81' lang='lat' dir='ltr'>ticula.</span> <span class='ocrx_word' id='word_1_664' title='bbox 1031 2912 1107 2936; x_wconf 79' lang='lat' dir='ltr'>nata</span> <span class='ocrx_word' id='word_1_665' title='bbox 1131 2915 1148 2934; x_wconf 92' lang='lat' dir='ltr'>e</span> <span class='ocrx_word' id='word_1_666' title='bbox 1179 2913 1213 2935; x_wconf 81' lang='lat' dir='ltr'>ne</span> <span class='ocrx_word' id='word_1_667' title='bbox 1252 2901 1354 2944; x_wconf 69' lang='lat' dir='ltr'>(quod</span> <span class='ocrx_word' id='word_1_668' title='bbox 1384 2899 1416 2930; x_wconf 88' lang='lat' dir='ltr'>in</span> <span class='ocrx_word' id='word_1_669' title='bbox 1447 2894 1638 2938; x_wconf 86' lang='lat' dir='ltr'>compositis</span> 
     </span>
     <span class='ocr_line' id='line_1_105' title="bbox 878 2938 1638 2988; baseline -0.013 -8"><span class='ocrx_word' id='word_1_670' title='bbox 878 2948 995 2982; x_wconf 84' lang='lat' dir='ltr'>transit</span> <span class='ocrx_word' id='word_1_671' title='bbox 1018 2949 1049 2980; x_wconf 92' lang='lat' dir='ltr'>in</span> <span class='ocrx_word' id='word_1_672' title='bbox 1072 2952 1124 2988; x_wconf 83' lang='lat' dir='ltr'>ni,</span> <span class='ocrx_word' id='word_1_673' title='bbox 1149 2948 1231 2979; x_wconf 86' lang='lat' dir='ltr'>utin</span> <span class='ocrx_word' id='word_1_674' title='bbox 1257 2949 1331 2977; x_wconf 75' lang='lat' dir='ltr'>mhi!</span> <span class='ocrx_word' id='word_1_675' title='bbox 1375 2951 1404 2974; x_wconf 80' lang='lat' dir='ltr'>et</span> <span class='ocrx_word' id='word_1_676' title='bbox 1431 2945 1544 2974; x_wconf 79' lang='lat' dir='ltr'>mirum</span> <span class='ocrx_word' id='word_1_677' title='bbox 1568 2938 1638 2971; x_wconf 80' lang='lat' dir='ltr'>scil.</span> 
     </span>
    </p>
   </div>
  </div>
 </body>
</html>
