1832 3137
1530 71 1607 113 107

48 162 113 203 bet
150 161 312 217 primum
353 160 604 210 memoriam,
649 167 688 200 ct
719 174 804 201 eam
845 160 1032 202 infinitam
1072 175 1203 202 rerum
1241 160 1605 202 innumerabilium:

49 249 160 289 quam
188 234 340 289 quidem
366 232 480 274 Plato
508 233 818 274 recordationem
847 248 936 275 esse
960 234 1042 276 vult
1076 234 1182 276 vitae
1211 234 1442 289 superioris.
1503 233 1608 275 Nam

48 307 87 348 in
114 307 179 348 illo
207 307 332 359 libro,
377 307 441 361 qui
467 306 692 347 inscribitur
714 305 892 346 Μένων1
916 338 927 357 ,
971 308 1171 362 pusionem
1205 308 1394 362 quendam
1420 305 1609 350 Socrates

1390 381 1452 422 Ad
1484 395 1530 421 ea
1552 381 1609 421 sic

46 454 109 495 ille
139 455 374 509 respondet,
407 461 449 495 ut
472 467 591 509 puer,
625 460 663 493 et
689 459 816 492 tamen
841 452 891 492 ita
912 453 1045 493 faciles
1068 453 1396 508 interrogationes
1417 462 1535 506 sunt,
1570 461 1611 494 ut

628 81 792 115 mena
816 83 842 116 1.
866 80 929 123 24,
953 80 1008 115 57.

46 381 261 435 interrogat
298 382 484 435 quaedam
518 380 758 434 geometrica
789 381 834 419 de
863 380 1103 421 dimensione
1136 381 1328 435 quadrati.

46 527 234 582 gradatim
260 528 502 582 respondens
525 526 660 567 eodem
681 524 907 580 perveniat,
942 540 1016 579 quo
1039 526 1072 565 si
1088 529 1108 552 ²
1132 528 1371 579 geometrica
1392 527 1607 569 didicisset.

46 599 114 641 Ex
137 615 212 654 quo
236 600 333 641 effici
353 600 436 641 vult
463 598 651 641 Socrates
666 631 676 650 ,
711 605 750 639 ut
771 598 923 639 discere
948 597 1039 638 nihil
1064 599 1165 639 aliud
1188 600 1264 650 sit,
1298 601 1372 641 nisi
1392 601 1606 641 recordari.

47 673 173 727 Quem
194 674 320 714 locum
340 673 458 713 multo
477 672 594 712 etiam
613 671 834 712 accuratius
857 671 1027 726 explicat
1044 672 1081 712 in
1103 686 1149 712 eo
1169 686 1373 723 sermone,
1407 688 1519 728 quem
1545 674 1611 713 lia-

45 746 126 787 buit
153 760 199 787 eo
227 747 309 800 ipse
335 747 420 798 die,
464 760 539 800 quo
575 745 749 786 excessit
773 758 794 785 e
821 745 928 796 vita,
973 745 1086 785 docet
1119 745 1248 798 enim,

1297 746 1474 800 quemvis
1488 778 1498 797 ,
1547 747 1609 800 qui

135 891 157 925 2
180 892 234 924 Sic
259 894 314 925 Or.
343 904 370 925 c.
385 892 422 924 R.
446 892 532 924 Gud.
551 891 579 924 1.
608 893 647 924 ll.
660 890 692 926 2.
717 891 822 923 Rehd.
844 891 956 924 Guels.
981 897 1086 935 quatt.
1109 894 1191 926 Oxx.
1213 892 1289 924 edd.
1314 899 1396 925 vett.
1421 893 1464 924 H.
1487 899 1520 924 et
1535 893 1608 924 Car.

47 938 161 981 Steph.
186 949 287 980 marg.
315 937 416 969 Goth.
441 937 583 970 HWolf.
608 938 648 968 D.
673 937 756 968 Lall.
782 948 842 979 pro
867 936 954 979 vulg.
978 939 1078 977 quasi.

43 1005 163 1047 plicat:
189 1006 269 1045 quod
292 1007 398 1036 attinet
421 1006 473 1036 ad.
524 1006 594 1046 Ego
618 1015 718 1042 vero,
745 1015 809 1035 no-

44 1057 115 1082 stro
138 1049 212 1081 loco
233 1049 413 1081 accuratius
437 1049 645 1087 examinato,
672 1048 714 1080 ad
737 1059 808 1079 eam

44 1094 147 1136 magis
168 1093 290 1125 inclino
322 1093 537 1132 sententiam,
574 1099 609 1123 ut
639 1093 725 1124 hunc
748 1104 808 1124 ac-

47 1139 227 1171 cusativum
241 1137 464 1170 antecedentis
477 1137 711 1169 enuntiationis
726 1148 808 1168 con—

46 1183 247 1216 formatione
275 1183 365 1226 quasi
394 1189 569 1214 attractum
603 1189 637 1213 et
670 1182 712 1213 ad
735 1194 807 1214 eam

46 1230 289 1260 conformatum
321 1239 391 1259 esse
425 1235 546 1270 putem.
607 1227 762 1270 Exempla
786 1239 804 1258 3

46 1276 173 1305 Davisio
199 1285 216 1304 e
242 1272 367 1303 Latinis
397 1272 612 1314 scriptoribus
644 1272 685 1303 ad
717 1274 808 1304 abso-

44 1320 101 1349 luti
123 1319 295 1349 accusativi
326 1328 417 1348 usum
443 1316 671 1348 illustrandum
701 1316 808 1348 colle-

45 1369 96 1394 cta
120 1374 137 1393 a
159 1374 194 1393 re
220 1362 316 1404 longe
337 1368 413 1393 sunt
437 1361 642 1393 alienissima.
685 1361 809 1393 Eadem

42 1407 249 1439 attractionis
270 1406 354 1438 ratio
375 1406 550 1438 statuenda
571 1407 702 1438 videtur
721 1406 809 1439 infra

43 1453 85 1483 11.
113 1450 164 1491 16,
187 1450 250 1484 37.
278 1454 421 1483 Militiam
440 1462 532 1491 vero,
558 1452 610 1483 ubi
637 1464 668 1483 v.
691 1450 810 1484 Adno-

43 1503 133 1536 tata,
161 1503 195 1528 et
214 1496 332 1539 odyss.
355 1508 386 1530 α.
408 1495 484 1529 275.
511 1509 597 1539 μητε
583 1496 642 1538 ἐρα
664 1493 706 1537 δ’,
731 1497 764 1529 εἴ
781 1496 810 1530 οἱ

43 1540 152 1584 Βυμός
172 1540 358 1585 ἐφορμᾶται
381 1553 469 1584 γαμε
463 1540 583 1582 'sonan
609 1537 659 1581 ἆῲ
680 1542 741 1575 ἰ’τω
762 1540 810 1579 εἰς

45 1586 206 1630 μέγαοοντ
242 1587 297 1618 ubi
327 1586 529 1618 accusativus
562 1599 691 1629 μητερα
718 1586 809 1629 quasi

42 1631 220 1664 attrahitur
250 1631 476 1663 antecedentis
509 1643 619 1663 versus
655 1638 806 1663 constru-

45 1677 173 1709 ctione:
209 1677 473 1719 μνηστῆρας
501 1676 560 1719 μὲν
585 1675 639 1710 ἐπὶ
664 1676 810 1719 σφέτερα

45 1721 246 1755 σκίδνασῗῖαι
268 1719 406 1765 ἅνωχὲῒι.
456 1722 508 1754 Cf.
530 1733 590 1754 nos
613 1721 646 1754 iu
670 1723 726 1754 Gr.
752 1722 810 1754 Gr.

43 1764 300 1810 T.11.§.566‚
327 1766 358 1798 1.

112 1813 186 1843 haec
207 1813 303 1853 enim]
329 1813 369 1843 V.
393 1811 559 1843 Adnotata
582 1811 614 1842 in
639 1812 695 1842 ΠΙ.
718 1808 750 1849 4,
775 1809 808 1842 7.

45 1857 96 1888 De
115 1857 218 1888 verbo
238 1859 340 1888 vivere
363 1856 406 1888 cf.
431 1854 810 1894 Fin.V,1-'}·12'1rum

47 1900 134 1933 enim
157 1912 266 1932 rerum
297 1912 376 1943 quas
401 1906 487 1931 terra
519 1900 624 1943 gignit
656 1900 809 1931 educatio

47 1945 207 1989 quaedam
229 1952 261 1976 et
282 1945 446 1987 perfectio
469 1952 529 1983 est,
556 1956 621 1976 nou
644 1944 808 1976 dissimilis

43 1990 276 2022 animantium:
312 1989 423 2032 itaque
455 1996 488 2021 et
519 1993 620 2022 vivere
646 1989 746 2021 vitem
776 1996 810 2021 et

44 2034 127 2066 mori
152 2034 308 2074 dicimus,
345 2034 561 2078 arboremque
586 2041 619 2066 et
644 2035 809 2067 novellam

44 2086 78 2111 et
102 2079 264 2119 vetulam,
290 2085 323 2110 et
345 2080 454 2122 vigere
479 2086 512 2110 ct
536 2091 717 2112 senescere.

110 2125 240 2167 suqeret]
263 2124 317 2156 Sic
336 2124 450 2168 legunt
471 2136 583 2157 omnes
606 2125 677 2156 sere
699 2124 808 2165 codd.,

44 2169 142 2201 etiam
163 2170 200 2201 R.
224 2169 310 2201 Gud.
334 2169 382 2207 1.,
375 2182 382 2188 ·
409 2169 483 2201 edd.
504 2177 618 2202 contra
638 2177 718 2202 vett.
738 2170 808 2201 fere

44 2225 156 2245 omnes
178 2217 338 2265 resugeret..
396 2216 504 2254 Quum
535 2216 643 2258 agitur
667 2215 708 2246 de
733 2215 808 2246 uni-

45 2270 137 2290 versa
159 2258 215 2290 illa
236 2259 335 2290 animi
357 2259 535 2298 facultate,
567 2271 630 2303 qna
653 2260 732 2292 alias
756 2271 807 2291 res

45 2302 242 2344 appetimus,
262 2303 340 2334 alias
357 2316 554 2343 aversamur,
578 2305 711 2336 verbum
725 2305 808 2335 sim-

46 2348 120 2388 pltx
154 2349 258 2386 suqere
287 2347 396 2378 locum
420 2349 540 2380 habere
564 2350 672 2386 solet,
709 2361 808 2392 quum

45 2398 153 2422 autem
178 2391 328 2433 gratiola
352 2392 458 2430 mal2,1
483 2404 535 2434 qu
528 2405 565 2423 u
589 2394 711 2425 evitate
736 2401 809 2425 stu-

45 2436 179 2473 demus,
210 2444 528 2474 commemorz'hntui
554 2438 688 2469 xeilmm
716 2449 809 2470 com-

44 2481 188 2523 positum
222 2482 359 2521 refugere
393 2481 471 2524 poni
506 2462 601 2512 s'olet.
659 2483 711 2514 Cf.
736 2484 808 2516 Fiu.

42 2527 83 2564 V,
111 2525 171 2558 10:
197 2528 371 2565 appetenda
392 2545 435 2550 —
457 2527 618 2566 facienda,
641 2528 744 2567 [Πρω-ε
765 2547 809 2552 —-

44 2575 196 2611 appetere.
244 2571 287 2604 N.
314 2572 352 2602 D.
378 2572 442 2609 ΙΙΙ,
472 2571 530 2602 13ῑ
569 2582 666 2602 omne
689 2572 806 2603 animal

44 2618 161 2656 appetit
189 2615 348 2658 quaedam
382 2623 416 2647 et
449 2618 528 2656 fugit
559 2628 576 2647 3
602 2615 806 2658 quibusdam.

47 2660 168 2692 Contra
192 2660 234 2692 N.
258 2662 295 2692 D.
322 2662 371 2703 H,
394 2659 449 2693 47.
480 2667 515 2691 ut
538 2673 556 2692 a
584 2660 751 2703 pestiferis
775 2668 808 2692 et

43 2705 237 2737 nocentibus
270 2707 409 2747 refuyere
442 2706 605 2737 dicuntur.
663 2705 728 2737 Sed
768 2705 809 2737 de

45 2749 158 2781 eadem
181 2762 217 2782 re
244 2751 372 2793 saepius
396 2757 429 2782 et
451 2751 589 2793 simplex
612 2757 644 2782 et
668 2762 808 2792 compo-

45 2793 142 2826 situm
161 2794 226 2827 dici
245 2807 352 2838 posse,
376 2808 435 2838 per
456 2808 491 2827 se
512 2803 614 2838 patet.
659 2796 711 2826 Cf.
736 2796 807 2827 Ad-

46 2844 159 2870 notata
190 2839 222 2871 in
259 2852 285 2872 c.
306 2839 369 2879 22,
395 2841 448 2873 50.
507 2842 548 2872 N.
578 2842 615 2872 D.
651 2842 715 2874 lll
745 2840 804 2873 13.

46 2894 142 2914 omne
173 2884 291 2917 animal
319 2886 447 2928 appetit
472 2885 630 2929 quiedam
663 2893 696 2917 et
727 2852 862 2927 sugitp

44 2940 61 2959 3
90 2928 301 2972 quibusdam:
341 2931 429 2973 quod
462 2938 570 2963 antini
606 2933 738 2970 rcfuqil,
772 2930 805 2962 id

1130 938 1181 969 Cf.
1205 939 1260 970 lv.
1283 935 1346 978 36,
1373 936 1429 971 77.

845 1010 961 1035 contra
983 1010 1131 1035 naturam
1154 1011 1224 1042 est,
1251 1011 1285 1036 et
1303 1005 1375 1037 Fin.
1399 1006 1431 1043 I,
1458 1004 1516 1036 12:
1544 1017 1607 1047 ap-

843 1048 978 1090 petendi
998 1055 1030 1080 et
1051 1051 1226 1089 refuqz'endi
1246 1049 1350 1081 initia.
1399 1051 1449 1081 De
1468 1062 1503 1081 re
1524 1052 1610 1082 Men-

842 1095 913 1125 kz‘us
942 1093 974 1124 in
1000 1093 1158 1126 Observv.
1188 1094 1277 1126 ined.
1303 1106 1410 1137 comp.
1438 1094 1480 1127 N.
1504 1096 1544 1126 D.
1565 1096 1608 1126 11.

910 1183 938 1226 gi.
953 1164 1007 1215 57.
1031 1185 1129 1215 Habet
1146 1185 1298 1227 primum]
1326 1184 1384 1215 His
1405 1183 1609 1226 respondent

840 1226 901 1266 25,
926 1225 987 1259 61:
1021 1228 1134 1267 Quid?
1159 1231 1216 1260 illa
1238 1231 1285 1261 vis
1308 1236 1372 1261 etc.
1421 1230 1460 1261 V.
1486 1229 1528 1260 ad
1551 1230 1608 1262 IV.

842 1271 904 1310 35,
931 1270 986 1304 74.

911 1318 1001 1358 libro]
1034 1319 1126 1350 Liber
1147 1324 1197 1349 est
1222 1319 1442 1362 quodcunque
1465 1319 1518 1350 vel
1544 1318 1610 1350 mi-

843 1361 922 1392 nimi
943 1362 1083 1394 ambitus
1104 1363 1275 1405 scriptum.
1323 1365 1362 1395 V.
1385 1366 1542 1396 Bremium
1567 1363 1610 1395 ad

845 1407 944 1438 Corn.
966 1407 1052 1449 Nep.
1076 1408 1223 1451 Lysand.
1245 1410 1300 1447 IV,
1324 1407 1356 1439 2.
1382 1406 1485 1451 p.96

911 1450 1128 1495 Μένων]Ρ
1133 1452 1202 1485 ,82
1217 1465 1266 1497 sq.
1302 1453 1421 1486 Μένων
1440 1453 1555 1496 smipsi
1581 1465 1608 1485 c.

844 1495 901 1528 Kl.
923 1503 957 1527 et
978 1498 1048 1535 Tr.
1073 1465 1128 1528 utp
1130 1505 1180 1530 est
1201 1498 1234 1530 in
1257 1498 1309 1532 ed.
1329 1498 1612 1541 praestantissima

844 1542 879 1573 P.
929 1541 1055 1574 Eodem
1088 1542 1179 1575 ducit
1204 1545 1295 1577 Mon.
1321 1544 1367 1582 1.,
1404 1543 1437 1574 in
1463 1555 1528 1586 quo
1561 1551 1612 1575 est

843 1586 982 1629 Μερνων
1001 1587 1034 1629 (i.
1047 1599 1074 1619 e.
1089 1588 1221 1630 Μένων)
1243 1595 1275 1620 et
1287 1588 1449 1631 scriptura
1464 1588 1609 1620 omnium

844 1632 915 1663 fere
949 1632 1067 1670 codd.,
1106 1633 1205 1665 etiam
1240 1634 1461 1676 optimorum,
1498 1640 1534 1664 ut
1570 1634 1608 1665 R.

846 1676 932 1708 Gud.
958 1676 987 1708 1.
1003 1702 1010 1716 ,
1045 1684 1077 1708 et
1100 1678 1174 1709 edd.
1201 1686 1282 1711 vett.
1301 1682 1421 1711 Menon.
1472 1680 1612 1710 Constat

845 1721 951 1759 enim,
1000 1722 1133 1755 nomina
1170 1724 1304 1755 Graecis
1336 1723 1454 1755 litteris
1487 1724 1611 1766 scripta

844 1778 942 1809 saepe
967 1778 985 1798 a
1011 1766 1150 1799 librariis
1177 1768 1303 1799 Latinis
1336 1768 1455 1799 litteris
1488 1769 1612 1810 scripta

845 1822 934 1849 esse,
962 1811 1008 1842 uti
1028 1823 1125 1854 supra
1149 1825 1176 1844 c.
1201 1812 1260 1850 12,
1290 1811 1341 1844 18.
1368 1812 1485 1854 optimi
1512 1812 1610 1844 codd.

844 1862 934 1886 recte
959 1855 1114 1887 exhibent
1136 1857 1321 1896 Λευκοὲέα,
1348 1869 1446 1899 quum
1470 1856 1525 1888 alii
1547 1857 1610 1888 de-

845 1900 982 1931 teriores
1012 1900 1156 1932 habeant
1179 1903 1372 1941 Leucothea,·
1406 1901 1506 1944 idque
1530 1902 1562 1933 h.
1586 1901 1608 1933 l.

845 1956 884 1976 eo
908 1945 1107 1987 probabilius
1130 1953 1190 1985 est,
1217 1946 1304 1989 quod
1326 1946 1377 1978 vix
1393 1946 1526 1978 dubium
1548 1953 1608 1985 est,

845 1989 941 2032 quin,
967 1990 993 2022 si
1021 1990 1136 2022 Cicero
1159 1991 1224 2023 hoc
1244 2003 1364 2023 nomen
1389 1991 1506 2023 Latine
1526 2003 1610 2034 pro-

845 2035 931 2066 ferre
961 2035 1137 2074 voluisset,
1173 2036 1207 2068 id
1233 2037 1350 2068 Latina
1381 2037 1488 2068 forma
1509 2039 1610 2077 Meno,

845 2079 890 2111 uti
913 2080 951 2111 L.
966 2081 1023 2112 W.
1043 2083 1096 2113 Or.
1121 2081 1306 2121 ediderunt,
1330 2081 1510 2124 scripturus
1533 2081 1610 2113 fue-

843 2124 896 2156 rit.
944 2125 1118 2158 Rarissime
1140 2126 1227 2158 enim
1254 2127 1286 2159 in
1317 2126 1478 2159 eiusmodi
1502 2127 1610 2158 Grae-

844 2169 888 2201 cis
913 2170 1100 2203 nominibus
1125 2172 1240 2203 Cicero
1266 2173 1427 2212 Graecam
1448 2171 1611 2203 termina-

842 2215 969 2247 tionem
1001 2216 1143 2255 retinet,
1178 2217 1226 2248 uti
1250 2217 1291 2248 ad
1317 2229 1344 2248 c.
1361 2215 1417 2255 47,
1444 2215 1518 2248 113.
1543 2216 1610 2247 do-

845 2260 999 2292 cebimus.

910 2307 1108 2346 qeomelrica]
1149 2305 1200 2336 Cf.
1224 2305 1314 2347 quod
1345 2311 1435 2336 recte
1466 2304 1610 2336 restituit

844 2351 1023 2390 Madvigius
1047 2350 1117 2380 Fin.
1146 2351 1168 2380 l.
1190 2347 1222 2387 6,
1247 2348 1307 2380 20:
1332 2352 1516 2390 ‚qeomelrica
1537 2349 1608 2381 dis-

846 2406 937 2425 cere:
964 2394 1022 2425 sed
1041 2394 1150 2436 paullo
1164 2401 1259 2435 post:
1281 2394 1406 2426 homini
1425 2394 1554 2425 erudito
1573 2394 1605 2425 in

843 2441 1074 2479 qeomelrinque
1098 2439 1260 2480 perfecto.
1306 2440 1346 2470 V.
1369 2438 1423 2477 25,
1448 2438 1512 2472 63:
1538 2449 1608 2471 mu-

844 2486 978 2514 sicerum
993 2489 1124 2524 (neutro
1140 2495 1260 2525 genere
1274 2483 1411 2518 dictum]
1435 2496 1514 2516 vero
1528 2496 1608 2527 per—

843 2527 1024 2558 studiosum
1083 2527 1124 2559 de
1149 2530 1203 2559 Or.
1230 2530 1253 2560 1.
1274 2529 1336 2567 42,
1367 2527 1447 2561 187τ
1481 2529 1514 2561 in
1538 2540 1608 2561 mu-

843 2574 914 2603 sicis
939 2572 1063 2604 numeri
1087 2579 1120 2604 et
1142 2584 1240 2606 voces
1262 2580 1295 2605 et
1319 2574 1427 2609 modi;
1464 2574 1495 2606 in
1523 2586 1607 2616 geo-

844 2616 1165 2650 metrialineamenta
1185 2631 1248 2655 ——3
1274 2618 1305 2650 in
1318 2622 1534 2659 ,qrammaticis
1545 2626 1608 2650 etc.

910 2663 969 2693 nisi
1001 2663 1173 2706 recordari]
1211 2665 1250 2696 V.
1278 2664 1324 2696 Pl
1326 2672 1360 2695 ιι
1384 2666 1471 2695 Men.
1499 2676 1530 2706 p
1550 2663 1605 2695 81

844 2705 980 2738 Phaedr.
1037 2707 1145 2740 .249.
1179 2709 1202 2740 C
1228 2721 1299 2752 sqq.
1359 2709 1426 2741 Cic.
1459 2709 1501 2739 de
1529 2710 1604 2739 Seu.

842 2749 896 2789 21,
914 2749 967 2783 78.
995 2758 1028 2783 et
1048 2764 1144 2796 quem
1165 2756 1266 2786 Moser
1287 2754 1410 2792 la¹,udit
1435 2755 1605 2786 Heusdium

842 2795 875 2827 in
917 2796 1017 2828 initiis
1061 2798 1182 2830 Philos.
1222 2799 1351 2832 Platon.
1393 2799 1468 2831 Vol.
1503 2799 1541 2828 11.
1574 2796 1605 2828 1.

842 2839 937 2884 p.29
951 2854 999 2885 sq.
1029 2842 1073 2874 ib.
1097 2842 1129 2876 3.
1155 2855 1188 2886 p.
1210 2842 1286 2875 202.

896 2889 951 2963 727}
959 2898 992 2920 eo
1010 2891 1162 2930 sermone]
1190 2888 1221 2920 in
1245 2888 1423 2920 Phaedone
1447 2898 1477 2929 p.
1494 2884 1548 2919 72.
1568 2887 1603 2917 Ε.

841 2939 870 2963 Ρ(
