1832 3137
1504 73 1574 109 XV

583 772 1001 828 PRAEFATIO

400 883 458 921 IN
496 884 786 922 ALTERAM
830 882 1188 922 EDITloNEM.

153 1168 298 1214 Pauca
320 1172 447 1225 sunt,
485 1180 592 1225 quae
617 1164 715 1210 huic
737 1179 877 1211 novae
905 1163 1087 1210 editioni
1113 1164 1433 1225 praemittenda
1459 1165 1576 1211 duxi.

147 1256 213 1301 Ac
234 1255 424 1317 primum
450 1254 625 1314 quidem
652 1254 699 1298 in
727 1253 971 1299 Wolfianae
1004 1253 1277 1299 recensionis
1303 1253 1448 1300 locum
1472 1256 1578 1301 sub-

11 1345 279 1393 stituendam
300 1344 453 1407 putavi
477 1343 760 1391 Orellianam.
832 1342 941 1389 Nam
962 1343 1138 1389 tametsi
1159 1343 1374 1403 wolfius,
1412 1344 1482 1391 vir
1503 1361 1576 1392 ar·

12 1436 69 1483 tis
103 1435 276 1482 criticae
308 1450 424 1481 unus
457 1434 756 1496 peritissimus
787 1431 1152 1493 Ciceronianique
1186 1433 1406 1481 sermonis
1438 1436 1575 1496 probe

11 1542 201 1587 gnarus,
246 1525 590 1572 innumerabiles
618 1523 972 1571 Tusculanarum
995 1524 1117 1572 locos
1143 1524 1377 1584 sordibus,
1421 1526 1493 1572 vel
1520 1526 1579 1571 li-

8 1616 260 1662 brariorum
288 1620 469 1677 stupore
506 1615 577 1663 vel
602 1614 792 1661 aliorum
815 1613 1044 1661 hominum
1076 1614 1190 1661 mala
1226 1615 1459 1662 sedulitate
1489 1615 1574 1662 im·-

10 1706 224 1768 portatis,
259 1705 464 1754 liberavit
490 1704 804 1765 Ciceronisque
832 1720 1011 1752 manum
1043 1705 1263 1768 restituit3
1298 1710 1446 1755 tamen
1484 1723 1574 1755 non

13 1797 158 1843 omnia
186 1797 248 1843 ita
267 1795 448 1843 suerunt
468 1797 518 1843 ab
545 1811 595 1843 eo
617 1800 909 1858 perpurgata,
945 1802 994 1843 ut
1020 1798 1307 1857 sequentibus
1331 1800 1574 1847 editoribus

10 1887 152 1933 omnis
186 1887 504 1933 emendationis
538 1886 723 1932 facultas
749 1901 796 1931 ac
829 1886 927 1931 laus
960 1891 1195 1948 praerepta
1229 1887 1375 1935 videri
1406 1895 1573 1951 posset.

12 1976 128 2023 Sane
165 1992 294 2036 quam
322 1975 460 2022 inulta
490 1975 751 2022 resederant
774 1975 945 2034 ulcera,
994 1991 1182 2035 quorum
1218 1978 1377 2024 bonam
1402 1985 1574 2040 partem

10 2064 167 2112 Orellii
198 2066 338 2124 acies,
382 2065 558 2112 assidua
593 2065 985 2112 Ciceronianorum
1015 2065 1284 2127 scriptorum
1314 2068 1501 2116 lectione
1532 2075 1574 2116 et

5 2156 320 2202 consuetudine
341 2157 519 2202 subacta
541 2171 588 2201 ac
614 2155 858 2217 perpolita,
893 2154 1024 2202 novis
1047 2155 1178 2202 etiam
1202 2157 1410 2205 adhibitis
1433 2175 1570 2208 mem-

4 2246 240 2292 branarum
267 2249 310 2292 et
341 2245 584 2292 editionum
610 2250 812 2292 veterum
841 2245 1075 2304 subsidiis,
1111 2261 1203 2292 non
1230 2248 1373 2294 solum
1399 2251 1569 2311 sagaci-

4 2339 72 2381 ter
106 2335 470 2396 indagavit,'sed
506 2336 636 2382 etiam
672 2334 859 2381 feliciter
895 2335 949 2381 ad
986 2335 1219 2381 sanitatem
1255 2337 1467 2384 restituit.

140 2424 307 2472 Verum
331 2428 380 2470 ut
405 2423 561 2471 Orellii
585 2425 793 2471 iudicium
814 2425 1077 2483 criticacque
1098 2422 1348 2471 facultatem
1371 2428 1564 2489 suspicio

3 2519 47 2561 et
73 2515 220 2576 magni
245 2514 382 2573 facio,
417 2514 478 2560 ita
503 2513 597 2560 eius
630 2514 889 2560 auctoritate
915 2528 1007 2559 non
1035 2513 1142 2559 adeo
1181 2514 1277 2576 regi
1307 2531 1375 2561 me
1403 2533 1563 2578 passus

2 2619 123 2663 sum,
159 2609 209 2651 ut
230 2620 325 2651 rem
355 2619 527 2651 omnem
548 2608 816 2650 transactam
838 2603 1061 2649 crederem
1092 2603 1138 2649 in
1160 2604 1335 2665 eisque,
1374 2622 1483 2666 quae
1509 2610 1560 2655 ab

2 2695 302 2742 eruditissimo
331 2695 429 2743 viro
453 2693 692 2741 constituta
715 2696 864 2739 essent
889 2696 1019 2753 atque
1045 2693 1243 2752 decreta,
1279 2695 1562 2755 acquiescen-

1 2784 103 2831 dum
127 2789 395 2846 statuerem3
432 2786 510 2831 sed
531 2799 676 2830 meum
702 2782 796 2844 ipse
819 2786 996 2829 secutus
1019 2783 1251 2830 consilium
1273 2799 1425 2831 omnes
1447 2786 1561 2832 scri-

0 2877 167 2934 pturas,
204 2880 278 2922 aut
304 2880 501 2937 receptas
527 2875 577 2921 ab
602 2888 652 2919 eo
677 2876 751 2919 aut
778 2872 979 2930 reiectas,
1011 2872 1233 2919 rationum
1253 2874 1488 2922 momentis
1511 2876 1558 2921 in
