<?xml version="1.0" encoding="UTF-8"?>
<!DOCTYPE html PUBLIC "-//W3C//DTD XHTML 1.0 Transitional//EN"
    "http://www.w3.org/TR/xhtml1/DTD/xhtml1-transitional.dtd">
<html xmlns="http://www.w3.org/1999/xhtml" xml:lang="en" lang="en">
 <head>
  <title>
</title>
<meta http-equiv="Content-Type" content="text/html;charset=utf-8" />
  <meta name='ocr-system' content='tesseract 3.04.00' />
  <meta name='ocr-capabilities' content='ocr_page ocr_carea ocr_par ocr_line ocrx_word'/>
</head>
<body>
  <div class='ocr_page' id='page_1' title='image "./tusculanaedisput00ciceuoft_0213.png"; bbox 0 0 1832 3137; ppageno 0'>
   <div class='ocr_carea' id='block_1_1' title="bbox 656 89 1060 129">
    <p class='ocr_par' dir='ltr' id='par_1_1' title="bbox 656 89 1060 129">
     <span class='ocr_line' id='line_1_1' title="bbox 656 89 1060 129; baseline -0.005 -7"><span class='ocrx_word' id='word_1_1' title='bbox 656 89 1060 129; x_wconf 67' lang='lat' dir='ltr'>LiBER1.45,108.</span> 
     </span>
    </p>
   </div>
   <div class='ocr_carea' id='block_1_2' title="bbox 1565 82 1640 125">
    <p class='ocr_par' dir='ltr' id='par_1_2' title="bbox 1565 82 1640 125">
     <span class='ocr_line' id='line_1_2' title="bbox 1565 82 1640 125; baseline 0.013 -1"><span class='ocrx_word' id='word_1_2' title='bbox 1565 82 1640 125; x_wconf 83' lang='grc'>167</span> 
     </span>
    </p>
   </div>
   <div class='ocr_carea' id='block_1_3' title="bbox 190 166 1639 224">
    <p class='ocr_par' dir='ltr' id='par_1_3' title="bbox 190 166 1639 224">
     <span class='ocr_line' id='line_1_3' title="bbox 190 166 1639 224; baseline 0.002 -15"><span class='ocrx_word' id='word_1_3' title='bbox 190 167 327 209; x_wconf 86' lang='lat' dir='ltr'>XLV.</span> <span class='ocrx_word' id='word_1_4' title='bbox 365 173 460 209; x_wconf 84' lang='lat'>108.</span> <span class='ocrx_word' id='word_1_5' title='bbox 495 166 573 208; x_wconf 77' lang='lat' dir='ltr'>Sed</span> <span class='ocrx_word' id='word_1_6' title='bbox 599 168 687 222; x_wconf 83' lang='lat' dir='ltr'>qnid</span> <span class='ocrx_word' id='word_1_7' title='bbox 712 169 951 222; x_wconf 86' lang='lat' dir='ltr'>singulorum</span> <span class='ocrx_word' id='word_1_8' title='bbox 979 169 1182 224; x_wconf 84' lang='lat' dir='ltr'>opiniones</span> <span class='ocrx_word' id='word_1_9' title='bbox 1206 170 1536 222; x_wconf 68' lang='lat' dir='ltr'><strong>animadvertam,</strong></span> <span class='ocrx_word' id='word_1_10' title='bbox 1572 187 1639 212; x_wconf 90' lang='lat' dir='ltr'>na-</span> 
     </span>
    </p>
   </div>
   <div class='ocr_carea' id='block_1_4' title="bbox 76 240 1635 300">
    <p class='ocr_par' dir='ltr' id='par_1_4' title="bbox 76 240 1635 300">
     <span class='ocr_line' id='line_1_4' title="bbox 76 240 1635 300; baseline 0.002 -18"><span class='ocrx_word' id='word_1_11' title='bbox 76 243 219 283; x_wconf 85' lang='lat' dir='ltr'>tionum</span> <span class='ocrx_word' id='word_1_12' title='bbox 258 242 390 282; x_wconf 88' lang='lat' dir='ltr'>varios</span> <span class='ocrx_word' id='word_1_13' title='bbox 424 255 580 281; x_wconf 80' lang='lat' dir='ltr'>errores</span> <span class='ocrx_word' id='word_1_14' title='bbox 617 242 838 296; x_wconf 83' lang='lat' dir='ltr'>perspicere</span> <span class='ocrx_word' id='word_1_15' title='bbox 871 257 984 295; x_wconf 88' lang='lat' dir='ltr'>quum</span> <span class='ocrx_word' id='word_1_16' title='bbox 1022 242 1162 283; x_wconf 84' lang='lat' dir='ltr'>liceat?</span> <span class='ocrx_word' id='word_1_17' title='bbox 1221 240 1420 284; x_wconf 91' lang='lat' dir='ltr'>Condiuut</span> <span class='ocrx_word' id='word_1_18' title='bbox 1451 244 1635 300; x_wconf 80' lang='lat' dir='ltr'>Aegyptii</span> 
     </span>
    </p>
   </div>
   <div class='ocr_carea' id='block_1_5' title="bbox 74 315 791 363">
    <p class='ocr_par' dir='ltr' id='par_1_5' title="bbox 74 315 791 363">
     <span class='ocr_line' id='line_1_5' title="bbox 74 315 791 363; baseline -0.001 -8"><span class='ocrx_word' id='word_1_19' title='bbox 74 323 249 356; x_wconf 83' lang='lat' dir='ltr'>mortuos</span> <span class='ocrx_word' id='word_1_20' title='bbox 275 322 314 355; x_wconf 86' lang='lat' dir='ltr'>ct.</span> <span class='ocrx_word' id='word_1_21' title='bbox 341 329 409 355; x_wconf 84' lang='lat' dir='ltr'>eos</span> <span class='ocrx_word' id='word_1_22' title='bbox 440 322 601 355; x_wconf 73' lang='lat' dir='ltr'>servant</span> <span class='ocrx_word' id='word_1_23' title='bbox 629 315 729 354; x_wconf 89' lang='lat' dir='ltr'>domi</span> <span class='ocrx_word' id='word_1_24' title='bbox 748 318 791 363; x_wconf 73' lang='lat'>¹3</span> 
     </span>
    </p>
   </div>
   <div class='ocr_carea' id='block_1_6' title="bbox 72 388 1352 444">
    <p class='ocr_par' dir='ltr' id='par_1_6' title="bbox 72 388 1352 444">
     <span class='ocr_line' id='line_1_6' title="bbox 72 388 1352 444; baseline 0.002 -16"><span class='ocrx_word' id='word_1_25' title='bbox 72 390 191 439; x_wconf 81' lang='lat' dir='ltr'>(lunt,</span> <span class='ocrx_word' id='word_1_26' title='bbox 235 396 277 428; x_wconf 89' lang='lat' dir='ltr'>ut</span> <span class='ocrx_word' id='word_1_27' title='bbox 311 403 424 442; x_wconf 88' lang='lat' dir='ltr'>quam</span> <span class='ocrx_word' id='word_1_28' title='bbox 462 388 633 428; x_wconf 80' lang='lat' dir='ltr'>maxime</span> <span class='ocrx_word' id='word_1_29' title='bbox 669 394 922 441; x_wconf 84' lang='lat' dir='ltr'>permaneant</span> <span class='ocrx_word' id='word_1_30' title='bbox 955 388 1135 428; x_wconf 85' lang='lat' dir='ltr'>diuturna</span> <span class='ocrx_word' id='word_1_31' title='bbox 1172 404 1352 444; x_wconf 88' lang='lat' dir='ltr'>corpora.</span> 
     </span>
    </p>
   </div>
   <div class='ocr_carea' id='block_1_7' title="bbox 823 312 1635 358">
    <p class='ocr_par' dir='ltr' id='par_1_7' title="bbox 823 312 1635 358">
     <span class='ocr_line' id='line_1_7' title="bbox 823 312 1635 358; baseline 0.005 -4"><span class='ocrx_word' id='word_1_32' title='bbox 823 312 972 354; x_wconf 74' lang='lat' dir='ltr'>PCI&#39;SdC</span> <span class='ocrx_word' id='word_1_33' title='bbox 1003 317 1119 355; x_wconf 68' lang='lat' dir='ltr'>ctiam</span> <span class='ocrx_word' id='word_1_34' title='bbox 1152 330 1240 356; x_wconf 70' lang='lat' dir='ltr'>Gela</span> <span class='ocrx_word' id='word_1_35' title='bbox 1275 316 1511 358; x_wconf 77' lang='lat' dir='ltr'>circumlilos</span> <span class='ocrx_word' id='word_1_36' title='bbox 1543 333 1635 358; x_wconf 79' lang='grc'>(011·-</span> 
     </span>
    </p>
   </div>
   <div class='ocr_carea' id='block_1_8' title="bbox 1427 389 1632 445">
    <p class='ocr_par' dir='ltr' id='par_1_8' title="bbox 1427 389 1632 445">
     <span class='ocr_line' id='line_1_8' title="bbox 1427 389 1632 445; baseline 0.005 -14"><span class='ocrx_word' id='word_1_37' title='bbox 1427 389 1632 445; x_wconf 79' lang='lat' dir='ltr'>Magorum</span> 
     </span>
    </p>
   </div>
   <div class='ocr_carea' id='block_1_9' title="bbox 71 461 1630 515">
    <p class='ocr_par' dir='ltr' id='par_1_9' title="bbox 71 461 1630 515">
     <span class='ocr_line' id='line_1_9' title="bbox 71 461 1630 515; baseline 0.003 -14"><span class='ocrx_word' id='word_1_38' title='bbox 71 476 156 502; x_wconf 89' lang='lat' dir='ltr'>mos</span> <span class='ocrx_word' id='word_1_39' title='bbox 183 469 265 512; x_wconf 81' lang='lat' dir='ltr'>est,</span> <span class='ocrx_word' id='word_1_40' title='bbox 300 476 375 501; x_wconf 93' lang='lat' dir='ltr'>non</span> <span class='ocrx_word' id='word_1_41' title='bbox 400 461 560 501; x_wconf 87' lang='lat' dir='ltr'>humare</span> <span class='ocrx_word' id='word_1_42' title='bbox 585 474 748 515; x_wconf 89' lang='lat' dir='ltr'>corpora</span> <span class='ocrx_word' id='word_1_43' title='bbox 775 474 958 510; x_wconf 83' lang='lat' dir='ltr'>suorum,</span> <span class='ocrx_word' id='word_1_44' title='bbox 993 461 1067 500; x_wconf 85' lang='lat' dir='ltr'>nisi</span> <span class='ocrx_word' id='word_1_45' title='bbox 1091 476 1110 501; x_wconf 89' lang='lat' dir='ltr'>a</span> <span class='ocrx_word' id='word_1_46' title='bbox 1137 463 1230 502; x_wconf 86' lang='lat' dir='ltr'>feris</span> <span class='ocrx_word' id='word_1_47' title='bbox 1256 463 1334 503; x_wconf 87' lang='lat' dir='ltr'>sint</span> <span class='ocrx_word' id='word_1_48' title='bbox 1355 471 1446 504; x_wconf 82' lang='lat' dir='ltr'>ante</span> <span class='ocrx_word' id='word_1_49' title='bbox 1473 464 1630 505; x_wconf 86' lang='lat' dir='ltr'>laniata.</span> 
     </span>
    </p>
   </div>
   <div class='ocr_carea' id='block_1_10' title="bbox 75 533 1633 590">
    <p class='ocr_par' dir='ltr' id='par_1_10' title="bbox 75 533 1633 590">
     <span class='ocr_line' id='line_1_10' title="bbox 75 533 1633 590; baseline 0.003 -16"><span class='ocrx_word' id='word_1_50' title='bbox 75 533 116 574; x_wconf 85' lang='lat' dir='ltr'>lu</span> <span class='ocrx_word' id='word_1_51' title='bbox 141 533 342 590; x_wconf 74' lang='lat' dir='ltr'>Hyrcania</span> <span class='ocrx_word' id='word_1_52' title='bbox 373 535 479 589; x_wconf 84' lang='lat' dir='ltr'><strong>plebs</strong></span> <span class='ocrx_word' id='word_1_53' title='bbox 508 534 680 589; x_wconf 84' lang='lat' dir='ltr'>publicos</span> <span class='ocrx_word' id='word_1_54' title='bbox 711 534 778 574; x_wconf 86' lang='lat' dir='ltr'>alit</span> <span class='ocrx_word' id='word_1_55' title='bbox 805 547 947 583; x_wconf 87' lang='lat' dir='ltr'>canes,</span> <span class='ocrx_word' id='word_1_56' title='bbox 982 533 1185 588; x_wconf 78' lang='lat' dir='ltr'>optimates</span> <span class='ocrx_word' id='word_1_57' title='bbox 1211 535 1471 588; x_wconf 67' lang='lat' dir='ltr'>domesticos,</span> <span class='ocrx_word' id='word_1_58' title='bbox 1505 538 1633 584; x_wconf 83' lang='lat' dir='ltr'>nobile</span> 
     </span>
    </p>
   </div>
   <div class='ocr_carea' id='block_1_11' title="bbox 70 607 1634 662">
    <p class='ocr_par' dir='ltr' id='par_1_11' title="bbox 70 607 1634 662">
     <span class='ocr_line' id='line_1_11' title="bbox 70 607 1634 662; baseline 0.003 -16"><span class='ocrx_word' id='word_1_59' title='bbox 70 615 199 648; x_wconf 81' lang='lat' dir='ltr'>autem</span> <span class='ocrx_word' id='word_1_60' title='bbox 222 622 346 662; x_wconf 84' lang='lat' dir='ltr'>genus</span> <span class='ocrx_word' id='word_1_61' title='bbox 371 622 509 648; x_wconf 83' lang='lat' dir='ltr'>canum</span> <span class='ocrx_word' id='word_1_62' title='bbox 535 607 624 647; x_wconf 87' lang='lat' dir='ltr'>illud</span> <span class='ocrx_word' id='word_1_63' title='bbox 653 607 797 646; x_wconf 88' lang='lat' dir='ltr'>scimus</span> <span class='ocrx_word' id='word_1_64' title='bbox 823 620 932 652; x_wconf 72' lang='lat' dir='ltr'>esse:</span> <span class='ocrx_word' id='word_1_65' title='bbox 968 607 1035 646; x_wconf 89' lang='lat' dir='ltr'>sed</span> <span class='ocrx_word' id='word_1_66' title='bbox 1063 621 1132 660; x_wconf 89' lang='lat' dir='ltr'>pro</span> <span class='ocrx_word' id='word_1_67' title='bbox 1164 621 1233 647; x_wconf 89' lang='lat' dir='ltr'>sua</span> <span class='ocrx_word' id='word_1_68' title='bbox 1263 609 1425 662; x_wconf 92' lang='lat' dir='ltr'>quisque</span> <span class='ocrx_word' id='word_1_69' title='bbox 1454 611 1634 651; x_wconf 80' lang='lat' dir='ltr'>facultate</span> 
     </span>
    </p>
   </div>
   <div class='ocr_carea' id='block_1_12' title="bbox 70 679 1633 737">
    <p class='ocr_par' dir='ltr' id='par_1_12' title="bbox 70 679 1633 737">
     <span class='ocr_line' id='line_1_12' title="bbox 70 679 1633 737; baseline 0.001 -16"><span class='ocrx_word' id='word_1_70' title='bbox 70 688 203 735; x_wconf 87' lang='lat' dir='ltr'>parat,</span> <span class='ocrx_word' id='word_1_71' title='bbox 237 695 256 720; x_wconf 85' lang='lat' dir='ltr'>a</span> <span class='ocrx_word' id='word_1_72' title='bbox 283 681 421 734; x_wconf 84' lang='lat' dir='ltr'>quibus</span> <span class='ocrx_word' id='word_1_73' title='bbox 444 680 633 730; x_wconf 85' lang='lat' dir='ltr'>lanietur3</span> <span class='ocrx_word' id='word_1_74' title='bbox 667 693 828 733; x_wconf 89' lang='lat' dir='ltr'>eamque</span> <span class='ocrx_word' id='word_1_75' title='bbox 858 679 1040 734; x_wconf 88' lang='lat' dir='ltr'>optimam</span> <span class='ocrx_word' id='word_1_76' title='bbox 1068 680 1120 720; x_wconf 88' lang='lat' dir='ltr'>illi</span> <span class='ocrx_word' id='word_1_77' title='bbox 1152 694 1241 720; x_wconf 89' lang='lat' dir='ltr'>esse</span> <span class='ocrx_word' id='word_1_78' title='bbox 1270 689 1434 721; x_wconf 84' lang='lat' dir='ltr'>censent</span> <span class='ocrx_word' id='word_1_79' title='bbox 1461 684 1633 737; x_wconf 90' lang='lat' dir='ltr'>sepultu-</span> 
     </span>
    </p>
   </div>
   <div class='ocr_carea' id='block_1_13' title="bbox 70 752 564 794">
    <p class='ocr_par' dir='ltr' id='par_1_13' title="bbox 70 752 564 794">
     <span class='ocr_line' id='line_1_13' title="bbox 70 752 564 794; baseline -0.004 0"><span class='ocrx_word' id='word_1_80' title='bbox 70 769 168 794; x_wconf 85' lang='lat' dir='ltr'>ram.</span> <span class='ocrx_word' id='word_1_81' title='bbox 229 752 429 794; x_wconf 83' lang='lat' dir='ltr'>Permulta</span> <span class='ocrx_word' id='word_1_82' title='bbox 453 753 526 793; x_wconf 85' lang='lat' dir='ltr'>alia</span> <span class='ocrx_word' id='word_1_83' title='bbox 544 755 564 779; x_wconf 78' lang='lat'><strong>2</strong></span> 
     </span>
    </p>
   </div>
   <div class='ocr_carea' id='block_1_14' title="bbox 587 751 1634 808">
    <p class='ocr_par' dir='ltr' id='par_1_14' title="bbox 587 751 1634 808">
     <span class='ocr_line' id='line_1_14' title="bbox 587 751 1634 808; baseline 0.004 -16"><span class='ocrx_word' id='word_1_84' title='bbox 587 753 732 807; x_wconf 81' lang='lat' dir='ltr'>colligit</span> <span class='ocrx_word' id='word_1_85' title='bbox 755 751 1013 808; x_wconf 73' lang='lat' dir='ltr'>Chrysippus,</span> <span class='ocrx_word' id='word_1_86' title='bbox 1048 760 1089 792; x_wconf 91' lang='lat' dir='ltr'>ut</span> <span class='ocrx_word' id='word_1_87' title='bbox 1112 760 1173 793; x_wconf 87' lang='lat' dir='ltr'>est</span> <span class='ocrx_word' id='word_1_88' title='bbox 1193 754 1234 793; x_wconf 89' lang='lat' dir='ltr'>in</span> <span class='ocrx_word' id='word_1_89' title='bbox 1257 754 1361 794; x_wconf 91' lang='lat' dir='ltr'>omni</span> <span class='ocrx_word' id='word_1_90' title='bbox 1385 754 1546 796; x_wconf 88' lang='lat' dir='ltr'>historia</span> <span class='ocrx_word' id='word_1_91' title='bbox 1567 771 1634 796; x_wconf 89' lang='lat' dir='ltr'>cu-</span> 
     </span>
    </p>
   </div>
   <div class='ocr_carea' id='block_1_15' title="bbox 69 826 1630 880">
    <p class='ocr_par' dir='ltr' id='par_1_15' title="bbox 69 826 1630 880">
     <span class='ocr_line' id='line_1_15' title="bbox 69 826 1630 880; baseline 0.002 -14"><span class='ocrx_word' id='word_1_92' title='bbox 69 827 221 879; x_wconf 80' lang='lat' dir='ltr'>riosus3</span> <span class='ocrx_word' id='word_1_93' title='bbox 255 827 323 866; x_wconf 89' lang='lat' dir='ltr'>sed</span> <span class='ocrx_word' id='word_1_94' title='bbox 347 827 400 866; x_wconf 89' lang='lat' dir='ltr'>ita</span> <span class='ocrx_word' id='word_1_95' title='bbox 426 834 526 866; x_wconf 88' lang='lat' dir='ltr'>tetra</span> <span class='ocrx_word' id='word_1_96' title='bbox 551 833 642 866; x_wconf 89' lang='lat' dir='ltr'>sunt</span> <span class='ocrx_word' id='word_1_97' title='bbox 664 826 868 880; x_wconf 79' lang='lat' dir='ltr'>quaedam,</span> <span class='ocrx_word' id='word_1_98' title='bbox 901 833 943 866; x_wconf 88' lang='lat' dir='ltr'>ut</span> <span class='ocrx_word' id='word_1_99' title='bbox 965 840 1010 866; x_wconf 84' lang='lat' dir='ltr'>ea</span> <span class='ocrx_word' id='word_1_100' title='bbox 1033 826 1154 880; x_wconf 86' lang='lat' dir='ltr'>fugiat</span> <span class='ocrx_word' id='word_1_101' title='bbox 1177 833 1216 866; x_wconf 85' lang='lat' dir='ltr'>et</span> <span class='ocrx_word' id='word_1_102' title='bbox 1237 827 1466 868; x_wconf 78' lang='lat' dir='ltr'>reformidet</span> <span class='ocrx_word' id='word_1_103' title='bbox 1489 829 1630 869; x_wconf 85' lang='lat' dir='ltr'>oratio.</span> 
     </span>
    </p>
   </div>
   <div class='ocr_carea' id='block_1_16' title="bbox 66 932 1631 1018">
    <p class='ocr_par' dir='ltr' id='par_1_16' title="bbox 66 932 1631 1012">
     <span class='ocr_line' id='line_1_16' title="bbox 157 932 1631 977; baseline 0.003 -13"><span class='ocrx_word' id='word_1_104' title='bbox 157 934 264 965; x_wconf 88' lang='lat' dir='ltr'><strong>XLV.</strong></span> <span class='ocrx_word' id='word_1_105' title='bbox 295 932 308 964; x_wconf 92' lang='grc'>1</span> <span class='ocrx_word' id='word_1_106' title='bbox 340 932 394 964; x_wconf 82' lang='lat' dir='ltr'>Sic</span> <span class='ocrx_word' id='word_1_107' title='bbox 409 934 462 964; x_wconf 91' lang='lat' dir='ltr'>Or.</span> <span class='ocrx_word' id='word_1_108' title='bbox 478 944 507 964; x_wconf 85' lang='lat' dir='ltr'>c.</span> <span class='ocrx_word' id='word_1_109' title='bbox 525 933 562 964; x_wconf 88' lang='lat' dir='ltr'>R.</span> <span class='ocrx_word' id='word_1_110' title='bbox 589 933 675 965; x_wconf 87' lang='lat' dir='ltr'>Gud.</span> <span class='ocrx_word' id='word_1_111' title='bbox 690 932 719 966; x_wconf 87' lang='lat'>1.</span> <span class='ocrx_word' id='word_1_112' title='bbox 745 934 786 966; x_wconf 86' lang='grc' dir='ltr'>ΙΙ.</span> <span class='ocrx_word' id='word_1_113' title='bbox 804 932 835 966; x_wconf 92' lang='grc'>2,</span> <span class='ocrx_word' id='word_1_114' title='bbox 854 933 990 976; x_wconf 85' lang='lat' dir='ltr'>aliisque</span> <span class='ocrx_word' id='word_1_115' title='bbox 1008 933 1118 965; x_wconf 87' lang='lat' dir='ltr'>multis</span> <span class='ocrx_word' id='word_1_116' title='bbox 1140 933 1238 969; x_wconf 89' lang='lat' dir='ltr'>codd.</span> <span class='ocrx_word' id='word_1_117' title='bbox 1259 946 1320 977; x_wconf 89' lang='lat' dir='ltr'>pro</span> <span class='ocrx_word' id='word_1_118' title='bbox 1341 934 1428 977; x_wconf 89' lang='lat' dir='ltr'>vulg.</span> <span class='ocrx_word' id='word_1_119' title='bbox 1450 937 1631 968; x_wconf 80' lang='lat' dir='ltr'>domism.</span> 
     </span>
     <span class='ocr_line' id='line_1_17' title="bbox 66 976 1465 1018; baseline 0.001 -8"><span class='ocrx_word' id='word_1_120' title='bbox 66 978 87 1010; x_wconf 87' lang='lat'>2</span> <span class='ocrx_word' id='word_1_121' title='bbox 117 979 156 1010; x_wconf 88' lang='lat' dir='ltr'>D.</span> <span class='ocrx_word' id='word_1_122' title='bbox 179 978 232 1010; x_wconf 90' lang='lat' dir='ltr'>ed.</span> <span class='ocrx_word' id='word_1_123' title='bbox 245 977 277 1010; x_wconf 83' lang='lat'>2.</span> <span class='ocrx_word' id='word_1_124' title='bbox 303 978 345 1010; x_wconf 90' lang='lat' dir='ltr'>de</span> <span class='ocrx_word' id='word_1_125' title='bbox 370 977 473 1009; x_wconf 82' lang='lat' dir='ltr'>Bentl.</span> <span class='ocrx_word' id='word_1_126' title='bbox 501 978 586 1009; x_wconf 91' lang='lat' dir='ltr'>coni.</span> <span class='ocrx_word' id='word_1_127' title='bbox 610 985 644 1010; x_wconf 90' lang='lat' dir='ltr'>et</span> <span class='ocrx_word' id='word_1_128' title='bbox 668 980 769 1010; x_wconf 88' lang='lat' dir='ltr'>Goer.</span> <span class='ocrx_word' id='word_1_129' title='bbox 793 978 835 1010; x_wconf 88' lang='lat' dir='ltr'>ad</span> <span class='ocrx_word' id='word_1_130' title='bbox 861 976 1079 1018; x_wconf 72' lang='lat' dir='ltr'>Fin.11.14,</span> <span class='ocrx_word' id='word_1_131' title='bbox 1105 978 1272 1012; x_wconf 76' lang='lat' dir='ltr'>40.1alz·a.</span> <span class='ocrx_word' id='word_1_132' title='bbox 1320 980 1465 1012; x_wconf 81' lang='lat' dir='ltr'>Frustra.</span> 
     </span>
    </p>
   </div>
   <div class='ocr_carea' id='block_1_17' title="bbox 62 1042 830 1683">
    <p class='ocr_par' dir='ltr' id='par_1_17' title="bbox 66 1042 829 1122">
     <span class='ocr_line' id='line_1_18' title="bbox 66 1042 829 1089; baseline -0.001 -12"><span class='ocrx_word' id='word_1_133' title='bbox 66 1046 98 1077; x_wconf 93' lang='lat' dir='ltr'>in</span> <span class='ocrx_word' id='word_1_134' title='bbox 121 1046 177 1078; x_wconf 89' lang='lat' dir='ltr'>Gr.</span> <span class='ocrx_word' id='word_1_135' title='bbox 192 1046 232 1076; x_wconf 89' lang='lat' dir='ltr'>L.</span> <span class='ocrx_word' id='word_1_136' title='bbox 257 1046 286 1088; x_wconf 56' lang='grc' dir='ltr'>ᾳ.</span> <span class='ocrx_word' id='word_1_137' title='bbox 304 1042 375 1077; x_wconf 85' lang='grc'>146.</span> <span class='ocrx_word' id='word_1_138' title='bbox 390 1045 431 1087; x_wconf 83' lang='lat' dir='ltr'>e).</span> <span class='ocrx_word' id='word_1_139' title='bbox 447 1064 490 1068; x_wconf 96' lang='lat'><strong>—</strong></span> <span class='ocrx_word' id='word_1_140' title='bbox 515 1047 626 1085; x_wconf 76' lang='lat' dir='ltr'>filium,</span> <span class='ocrx_word' id='word_1_141' title='bbox 650 1057 695 1078; x_wconf 88' lang='lat' dir='ltr'>sc.</span> <span class='ocrx_word' id='word_1_142' title='bbox 712 1045 829 1089; x_wconf 84' lang='lat' dir='ltr'>Thye-</span> 
     </span>
     <span class='ocr_line' id='line_1_19' title="bbox 66 1098 149 1122; baseline 0 0"><span class='ocrx_word' id='word_1_143' title='bbox 66 1098 149 1122; x_wconf 89' lang='lat' dir='ltr'>sten.</span> 
     </span>
    </p>

    <p class='ocr_par' dir='ltr' id='par_1_18' title="bbox 63 1135 830 1491">
     <span class='ocr_line' id='line_1_20' title="bbox 137 1135 830 1177; baseline 0 -11"><span class='ocrx_word' id='word_1_144' title='bbox 137 1136 216 1166; x_wconf 72' lang='lat' dir='ltr'>CAP.</span> <span class='ocrx_word' id='word_1_145' title='bbox 238 1135 346 1166; x_wconf 90' lang='lat' dir='ltr'>XLV.</span> <span class='ocrx_word' id='word_1_146' title='bbox 374 1136 400 1177; x_wconf 60' lang='grc' dir='ltr'>ᾗ.</span> <span class='ocrx_word' id='word_1_147' title='bbox 419 1136 491 1166; x_wconf 63' lang='lat'>108.</span> <span class='ocrx_word' id='word_1_148' title='bbox 527 1136 590 1166; x_wconf 85' lang='lat' dir='ltr'>Sed</span> <span class='ocrx_word' id='word_1_149' title='bbox 613 1137 830 1175; x_wconf 80' lang='lat' dir='ltr'>quid—ani-</span> 
     </span>
     <span class='ocr_line' id='line_1_21' title="bbox 66 1179 828 1221; baseline -0.004 -8"><span class='ocrx_word' id='word_1_150' title='bbox 66 1182 274 1219; x_wconf 80' lang='lat' dir='ltr'>madvertam,</span> <span class='ocrx_word' id='word_1_151' title='bbox 296 1198 340 1203; x_wconf 95' lang='lat'>——-</span> <span class='ocrx_word' id='word_1_152' title='bbox 363 1189 458 1219; x_wconf 83' lang='lat' dir='ltr'>quum</span> <span class='ocrx_word' id='word_1_153' title='bbox 478 1181 609 1221; x_wconf 63' lang='lat' dir='ltr'>liccam]</span> <span class='ocrx_word' id='word_1_154' title='bbox 635 1179 676 1211; x_wconf 84' lang='lat' dir='ltr'>de</span> <span class='ocrx_word' id='word_1_155' title='bbox 698 1182 751 1212; x_wconf 87' lang='lat' dir='ltr'>Or.</span> <span class='ocrx_word' id='word_1_156' title='bbox 770 1181 828 1210; x_wconf 85' lang='grc' dir='ltr'>ΙΠ.</span> 
     </span>
     <span class='ocr_line' id='line_1_22' title="bbox 65 1224 829 1265; baseline -0.003 -8"><span class='ocrx_word' id='word_1_157' title='bbox 65 1226 106 1263; x_wconf 73' lang='grc' dir='ltr'>ὅ,</span> <span class='ocrx_word' id='word_1_158' title='bbox 131 1224 192 1257; x_wconf 80' lang='lat'>29:</span> <span class='ocrx_word' id='word_1_159' title='bbox 232 1226 294 1256; x_wconf 86' lang='lat' dir='ltr'>Sed</span> <span class='ocrx_word' id='word_1_160' title='bbox 318 1226 393 1264; x_wconf 85' lang='lat' dir='ltr'>quid</span> <span class='ocrx_word' id='word_1_161' title='bbox 416 1234 476 1265; x_wconf 84' lang='lat' dir='ltr'>ego</span> <span class='ocrx_word' id='word_1_162' title='bbox 502 1230 612 1255; x_wconf 83' lang='lat' dir='ltr'>vetera</span> <span class='ocrx_word' id='word_1_163' title='bbox 635 1227 829 1264; x_wconf 83' lang='lat' dir='ltr'>conquiram,</span> 
     </span>
     <span class='ocr_line' id='line_1_23' title="bbox 65 1268 829 1310; baseline -0.003 -9"><span class='ocrx_word' id='word_1_164' title='bbox 65 1280 162 1310; x_wconf 82' lang='lat' dir='ltr'>quum</span> <span class='ocrx_word' id='word_1_165' title='bbox 183 1268 261 1300; x_wconf 80' lang='lat' dir='ltr'>mihi</span> <span class='ocrx_word' id='word_1_166' title='bbox 282 1271 371 1300; x_wconf 76' lang='lat' dir='ltr'>liceat</span> <span class='ocrx_word' id='word_1_167' title='bbox 397 1269 442 1299; x_wconf 91' lang='lat' dir='ltr'>uti</span> <span class='ocrx_word' id='word_1_168' title='bbox 463 1269 689 1310; x_wconf 83' lang='lat' dir='ltr'>praesentibus</span> <span class='ocrx_word' id='word_1_169' title='bbox 714 1280 829 1299; x_wconf 82' lang='lat' dir='ltr'>exem—</span> 
     </span>
     <span class='ocr_line' id='line_1_24' title="bbox 65 1312 828 1357; baseline -0.001 -12"><span class='ocrx_word' id='word_1_170' title='bbox 65 1313 127 1357; x_wconf 89' lang='lat' dir='ltr'>plis</span> <span class='ocrx_word' id='word_1_171' title='bbox 147 1320 246 1356; x_wconf 87' lang='lat' dir='ltr'>atque</span> <span class='ocrx_word' id='word_1_172' title='bbox 272 1312 377 1344; x_wconf 71' lang='lat' dir='ltr'>vivis?</span> <span class='ocrx_word' id='word_1_173' title='bbox 417 1314 467 1344; x_wconf 86' lang='lat' dir='ltr'>De</span> <span class='ocrx_word' id='word_1_174' title='bbox 488 1313 677 1344; x_wconf 87' lang='lat' dir='ltr'>discrimine</span> <span class='ocrx_word' id='word_1_175' title='bbox 700 1313 828 1355; x_wconf 77' lang='lat' dir='ltr'>signifi—</span> 
     </span>
     <span class='ocr_line' id='line_1_25' title="bbox 64 1357 828 1400; baseline 0 -11"><span class='ocrx_word' id='word_1_176' title='bbox 64 1358 222 1397; x_wconf 81' lang='lat' dir='ltr'>cationis,</span> <span class='ocrx_word' id='word_1_177' title='bbox 248 1357 338 1400; x_wconf 90' lang='lat' dir='ltr'>quod</span> <span class='ocrx_word' id='word_1_178' title='bbox 357 1364 406 1388; x_wconf 82' lang='lat' dir='ltr'>est</span> <span class='ocrx_word' id='word_1_179' title='bbox 424 1357 511 1388; x_wconf 88' lang='lat' dir='ltr'>inter</span> <span class='ocrx_word' id='word_1_180' title='bbox 533 1360 608 1398; x_wconf 84' lang='lat' dir='ltr'>quid</span> <span class='ocrx_word' id='word_1_181' title='bbox 628 1361 774 1398; x_wconf 78' lang='lat' dir='ltr'>conquiro</span> <span class='ocrx_word' id='word_1_182' title='bbox 796 1364 828 1389; x_wconf 87' lang='lat' dir='ltr'>et</span> 
     </span>
     <span class='ocr_line' id='line_1_26' title="bbox 63 1403 827 1446; baseline -0.001 -11"><span class='ocrx_word' id='word_1_183' title='bbox 63 1405 138 1444; x_wconf 82' lang='lat' dir='ltr'>quid</span> <span class='ocrx_word' id='word_1_184' title='bbox 161 1405 363 1443; x_wconf 83' lang='lat' dir='ltr'>conquiram,</span> <span class='ocrx_word' id='word_1_185' title='bbox 387 1409 540 1434; x_wconf 84' lang='lat' dir='ltr'>accurate</span> <span class='ocrx_word' id='word_1_186' title='bbox 562 1403 714 1446; x_wconf 82' lang='lat' dir='ltr'>exposuit</span> <span class='ocrx_word' id='word_1_187' title='bbox 736 1405 827 1434; x_wconf 85' lang='lat' dir='ltr'>Mad-</span> 
     </span>
     <span class='ocr_line' id='line_1_27' title="bbox 63 1447 714 1491; baseline -0.002 -10"><span class='ocrx_word' id='word_1_188' title='bbox 63 1450 168 1489; x_wconf 67' lang='lat' dir='ltr'>viyius</span> <span class='ocrx_word' id='word_1_189' title='bbox 191 1447 235 1479; x_wconf 86' lang='lat' dir='ltr'>ad</span> <span class='ocrx_word' id='word_1_190' title='bbox 255 1447 330 1489; x_wconf 68' lang='lat' dir='ltr'>⁴Fin.</span> <span class='ocrx_word' id='word_1_191' title='bbox 355 1449 395 1480; x_wconf 92' lang='lat' dir='ltr'>V.</span> <span class='ocrx_word' id='word_1_192' title='bbox 420 1448 482 1486; x_wconf 80' lang='grc'>22,</span> <span class='ocrx_word' id='word_1_193' title='bbox 509 1447 564 1481; x_wconf 76' lang='grc'>63.</span> <span class='ocrx_word' id='word_1_194' title='bbox 589 1460 623 1491; x_wconf 92' lang='lat' dir='ltr'>p.</span> <span class='ocrx_word' id='word_1_195' title='bbox 638 1448 714 1482; x_wconf 71' lang='lat'>725.</span> 
     </span>
    </p>

    <p class='ocr_par' dir='ltr' id='par_1_19' title="bbox 62 1502 827 1683">
     <span class='ocr_line' id='line_1_28' title="bbox 131 1502 827 1548; baseline 0.001 -12"><span class='ocrx_word' id='word_1_196' title='bbox 131 1506 285 1537; x_wconf 74' lang='lat' dir='ltr'>Condiani</span> <span class='ocrx_word' id='word_1_197' title='bbox 305 1504 462 1547; x_wconf 74' lang='lat' dir='ltr'>Aeyyplii]</span> <span class='ocrx_word' id='word_1_198' title='bbox 489 1504 614 1536; x_wconf 78' lang='lat' dir='ltr'>Graece</span> <span class='ocrx_word' id='word_1_199' title='bbox 634 1502 827 1548; x_wconf 72' lang='grc' dir='ltr'>ταριχεύου-</span> 
     </span>
     <span class='ocr_line' id='line_1_29' title="bbox 65 1549 826 1592; baseline -0.001 -10"><span class='ocrx_word' id='word_1_200' title='bbox 65 1560 125 1583; x_wconf 72' lang='lat' dir='ltr'>aiv.</span> <span class='ocrx_word' id='word_1_201' title='bbox 159 1550 198 1581; x_wconf 90' lang='lat' dir='ltr'>V.</span> <span class='ocrx_word' id='word_1_202' title='bbox 213 1549 377 1582; x_wconf 84' lang='lat' dir='ltr'>Herodot.</span> <span class='ocrx_word' id='word_1_203' title='bbox 398 1552 429 1586; x_wconf 80' lang='grc'>2,</span> <span class='ocrx_word' id='word_1_204' title='bbox 452 1549 496 1582; x_wconf 70' lang='lat'>2:56</span> <span class='ocrx_word' id='word_1_205' title='bbox 507 1561 579 1592; x_wconf 88' lang='lat' dir='ltr'>sqq.</span> <span class='ocrx_word' id='word_1_206' title='bbox 601 1549 712 1592; x_wconf 84' lang='lat' dir='ltr'>ibique</span> <span class='ocrx_word' id='word_1_207' title='bbox 725 1551 826 1581; x_wconf 83' lang='lat' dir='ltr'>Baeh-</span> 
     </span>
     <span class='ocr_line' id='line_1_30' title="bbox 62 1594 825 1626; baseline 0 0"><span class='ocrx_word' id='word_1_208' title='bbox 62 1597 145 1626; x_wconf 87' lang='lat' dir='ltr'>rium</span> <span class='ocrx_word' id='word_1_209' title='bbox 169 1601 202 1625; x_wconf 89' lang='lat' dir='ltr'>et</span> <span class='ocrx_word' id='word_1_210' title='bbox 223 1596 365 1626; x_wconf 81' lang='lat' dir='ltr'>Creuzeri</span> <span class='ocrx_word' id='word_1_211' title='bbox 390 1594 628 1626; x_wconf 79' lang='lat' dir='ltr'>Commentatt.</span> <span class='ocrx_word' id='word_1_212' title='bbox 651 1595 776 1626; x_wconf 87' lang='lat' dir='ltr'>Herod.</span> <span class='ocrx_word' id='word_1_213' title='bbox 800 1596 825 1626; x_wconf 85' lang='grc' dir='ltr'>Ι.</span> 
     </span>
     <span class='ocr_line' id='line_1_31' title="bbox 62 1638 655 1683; baseline 0 -13"><span class='ocrx_word' id='word_1_214' title='bbox 62 1638 178 1683; x_wconf 80' lang='lat' dir='ltr'>p.360</span> <span class='ocrx_word' id='word_1_215' title='bbox 188 1651 281 1682; x_wconf 91' lang='lat' dir='ltr'>sqq.,</span> <span class='ocrx_word' id='word_1_216' title='bbox 306 1651 384 1682; x_wconf 81' lang='lat' dir='ltr'>quas</span> <span class='ocrx_word' id='word_1_217' title='bbox 410 1641 510 1671; x_wconf 82' lang='lat' dir='ltr'>Moser</span> <span class='ocrx_word' id='word_1_218' title='bbox 533 1639 655 1671; x_wconf 86' lang='lat' dir='ltr'>attulit.</span> 
     </span>
    </p>
   </div>
   <div class='ocr_carea' id='block_1_18' title="bbox 60 1694 826 2008">
    <p class='ocr_par' dir='ltr' id='par_1_20' title="bbox 60 1694 826 2008">
     <span class='ocr_line' id='line_1_32' title="bbox 129 1694 825 1738; baseline 0 -11"><span class='ocrx_word' id='word_1_219' title='bbox 129 1695 257 1738; x_wconf 80' lang='lat' dir='ltr'>Persae]</span> <span class='ocrx_word' id='word_1_220' title='bbox 285 1695 335 1726; x_wconf 83' lang='lat' dir='ltr'>Cf.</span> <span class='ocrx_word' id='word_1_221' title='bbox 356 1696 519 1727; x_wconf 86' lang='lat' dir='ltr'>Herodot.</span> <span class='ocrx_word' id='word_1_222' title='bbox 547 1697 569 1734; x_wconf 79' lang='grc' dir='ltr'>Ῐ,</span> <span class='ocrx_word' id='word_1_223' title='bbox 599 1694 668 1727; x_wconf 83' lang='grc'>140.</span> <span class='ocrx_word' id='word_1_224' title='bbox 697 1697 753 1732; x_wconf 83' lang='grc'>111,</span> <span class='ocrx_word' id='word_1_225' title='bbox 776 1695 825 1728; x_wconf 93' lang='grc'>16.</span> 
     </span>
     <span class='ocr_line' id='line_1_33' title="bbox 61 1740 823 1784; baseline 0 -13"><span class='ocrx_word' id='word_1_226' title='bbox 61 1740 171 1783; x_wconf 87' lang='lat' dir='ltr'>ibique</span> <span class='ocrx_word' id='word_1_227' title='bbox 195 1742 376 1779; x_wconf 73' lang='lat' dir='ltr'>Baehrium,</span> <span class='ocrx_word' id='word_1_228' title='bbox 402 1741 555 1772; x_wconf 73' lang='lat' dir='ltr'>Strabon.</span> <span class='ocrx_word' id='word_1_229' title='bbox 579 1742 654 1772; x_wconf 83' lang='lat' dir='ltr'>XV.</span> <span class='ocrx_word' id='word_1_230' title='bbox 679 1753 710 1784; x_wconf 86' lang='lat' dir='ltr'>p.</span> <span class='ocrx_word' id='word_1_231' title='bbox 729 1740 823 1773; x_wconf 44' lang='lat'>106³.</span> 
     </span>
     <span class='ocr_line' id='line_1_34' title="bbox 60 1786 824 1818; baseline -0.001 -1"><span class='ocrx_word' id='word_1_232' title='bbox 60 1787 232 1817; x_wconf 83' lang='lat' dir='ltr'>Praeterea</span> <span class='ocrx_word' id='word_1_233' title='bbox 262 1787 411 1817; x_wconf 65' lang='lat' dir='ltr'>Davisius</span> <span class='ocrx_word' id='word_1_234' title='bbox 442 1786 540 1817; x_wconf 75' lang='lat' dir='ltr'>all&#39;ert</span> <span class='ocrx_word' id='word_1_235' title='bbox 575 1788 611 1817; x_wconf 90' lang='grc' dir='ltr'>Β.</span> <span class='ocrx_word' id='word_1_236' title='bbox 633 1788 824 1818; x_wconf 82' lang='lat' dir='ltr'>Brissonium</span> 
     </span>
     <span class='ocr_line' id='line_1_35' title="bbox 61 1829 826 1875; baseline -0.001 -13"><span class='ocrx_word' id='word_1_237' title='bbox 61 1830 103 1862; x_wconf 90' lang='lat' dir='ltr'>de</span> <span class='ocrx_word' id='word_1_238' title='bbox 127 1842 219 1872; x_wconf 77' lang='lat' dir='ltr'>regn.</span> <span class='ocrx_word' id='word_1_239' title='bbox 243 1831 329 1861; x_wconf 88' lang='lat' dir='ltr'>Pers.</span> <span class='ocrx_word' id='word_1_240' title='bbox 354 1832 390 1861; x_wconf 85' lang='grc' dir='ltr'>ΙΙ.</span> <span class='ocrx_word' id='word_1_241' title='bbox 423 1833 450 1875; x_wconf 48' lang='grc' dir='ltr'>ᾗ.</span> <span class='ocrx_word' id='word_1_242' title='bbox 473 1829 549 1862; x_wconf 69' lang='grc'>249.</span> <span class='ocrx_word' id='word_1_243' title='bbox 603 1830 702 1862; x_wconf 81' lang='lat' dir='ltr'>Addit</span> <span class='ocrx_word' id='word_1_244' title='bbox 727 1833 826 1862; x_wconf 85' lang='lat' dir='ltr'>Moser</span> 
     </span>
     <span class='ocr_line' id='line_1_36' title="bbox 60 1874 824 1918; baseline -0.003 -10"><span class='ocrx_word' id='word_1_245' title='bbox 60 1878 206 1908; x_wconf 77' lang='lat' dir='ltr'>Bocharii</span> <span class='ocrx_word' id='word_1_246' title='bbox 224 1874 408 1907; x_wconf 84' lang='lat' dir='ltr'>Hierozoic.</span> <span class='ocrx_word' id='word_1_247' title='bbox 432 1877 471 1907; x_wconf 88' lang='lat' dir='ltr'>Il.</span> <span class='ocrx_word' id='word_1_248' title='bbox 494 1887 523 1918; x_wconf 88' lang='lat' dir='ltr'>p.</span> <span class='ocrx_word' id='word_1_249' title='bbox 541 1876 664 1917; x_wconf 72' lang='lat' dir='ltr'>530sq.</span> <span class='ocrx_word' id='word_1_250' title='bbox 713 1878 824 1906; x_wconf 76' lang='lat' dir='ltr'>Boelli-</span> 
     </span>
     <span class='ocr_line' id='line_1_37' title="bbox 61 1920 824 1962; baseline -0.001 -10"><span class='ocrx_word' id='word_1_251' title='bbox 61 1923 126 1961; x_wconf 69' lang='lat' dir='ltr'>geri</span> <span class='ocrx_word' id='word_1_252' title='bbox 146 1921 399 1962; x_wconf 78' lang='lat' dir='ltr'>Kunstmythol.</span> <span class='ocrx_word' id='word_1_253' title='bbox 425 1923 446 1951; x_wconf 90' lang='lat' dir='ltr'>l.</span> <span class='ocrx_word' id='word_1_254' title='bbox 471 1920 570 1962; x_wconf 75' lang='lat' dir='ltr'>p.3·0.</span> <span class='ocrx_word' id='word_1_255' title='bbox 606 1922 704 1951; x_wconf 79' lang='lat' dir='ltr'>Rostii</span> <span class='ocrx_word' id='word_1_256' title='bbox 721 1920 824 1951; x_wconf 74' lang='lat' dir='ltr'>Plaut-</span> 
     </span>
     <span class='ocr_line' id='line_1_38' title="bbox 63 1964 510 2008; baseline 0 -12"><span class='ocrx_word' id='word_1_257' title='bbox 63 1965 186 2008; x_wconf 84' lang='lat' dir='ltr'>Cuped.</span> <span class='ocrx_word' id='word_1_258' title='bbox 209 1965 302 1995; x_wconf 84' lang='lat' dir='ltr'>Fere.</span> <span class='ocrx_word' id='word_1_259' title='bbox 333 1964 381 1997; x_wconf 70' lang='lat'>14.</span> <span class='ocrx_word' id='word_1_260' title='bbox 408 1977 440 2007; x_wconf 86' lang='lat' dir='ltr'>p.</span> <span class='ocrx_word' id='word_1_261' title='bbox 457 1968 510 1997; x_wconf 85' lang='grc'>21.</span> 
     </span>
    </p>
   </div>
   <div class='ocr_carea' id='block_1_19' title="bbox 58 2020 824 2646">
    <p class='ocr_par' dir='ltr' id='par_1_21' title="bbox 58 2020 824 2366">
     <span class='ocr_line' id='line_1_39' title="bbox 128 2020 824 2063; baseline -0.001 -11"><span class='ocrx_word' id='word_1_262' title='bbox 128 2023 295 2061; x_wconf 69' lang='lat' dir='ltr'>Magorum</span> <span class='ocrx_word' id='word_1_263' title='bbox 315 2031 381 2052; x_wconf 82' lang='lat' dir='ltr'>mos</span> <span class='ocrx_word' id='word_1_264' title='bbox 397 2020 476 2063; x_wconf 66' lang='lat' dir='ltr'>oto]</span> <span class='ocrx_word' id='word_1_265' title='bbox 504 2020 602 2058; x_wconf 89' lang='lat' dir='ltr'>„Hoc</span> <span class='ocrx_word' id='word_1_266' title='bbox 615 2020 656 2051; x_wconf 89' lang='lat' dir='ltr'>de</span> <span class='ocrx_word' id='word_1_267' title='bbox 673 2020 824 2051; x_wconf 89' lang='lat' dir='ltr'>omnibus</span> 
     </span>
     <span class='ocr_line' id='line_1_40' title="bbox 61 2065 824 2107; baseline -0.001 -10"><span class='ocrx_word' id='word_1_268' title='bbox 61 2065 167 2097; x_wconf 79' lang='lat' dir='ltr'>Persis</span> <span class='ocrx_word' id='word_1_269' title='bbox 192 2065 351 2107; x_wconf 73' lang='lat' dir='ltr'>scripsere</span> <span class='ocrx_word' id='word_1_270' title='bbox 384 2065 552 2102; x_wconf 86' lang='lat' dir='ltr'>nonnulli,</span> <span class='ocrx_word' id='word_1_271' title='bbox 590 2065 824 2097; x_wconf 87' lang='lat' dir='ltr'>Theodoretus</span> 
     </span>
     <span class='ocr_line' id='line_1_41' title="bbox 59 2110 821 2153; baseline -0.003 -10"><span class='ocrx_word' id='word_1_272' title='bbox 59 2110 274 2153; x_wconf 79' lang='lat' dir='ltr'>Therap.IX.</span> <span class='ocrx_word' id='word_1_273' title='bbox 295 2123 325 2153; x_wconf 88' lang='lat' dir='ltr'>p.</span> <span class='ocrx_word' id='word_1_274' title='bbox 346 2112 414 2143; x_wconf 50' lang='lat'>1⁴25.</span> <span class='ocrx_word' id='word_1_275' title='bbox 438 2110 524 2141; x_wconf 82' lang='lat' dir='ltr'>idern</span> <span class='ocrx_word' id='word_1_276' title='bbox 539 2111 638 2142; x_wconf 82' lang='lat' dir='ltr'>Haer.</span> <span class='ocrx_word' id='word_1_277' title='bbox 662 2110 741 2142; x_wconf 87' lang='lat' dir='ltr'>Fab.</span> <span class='ocrx_word' id='word_1_278' title='bbox 765 2111 821 2142; x_wconf 94' lang='lat' dir='ltr'>lib.</span> 
     </span>
     <span class='ocr_line' id='line_1_42' title="bbox 60 2155 822 2198; baseline -0.001 -11"><span class='ocrx_word' id='word_1_279' title='bbox 60 2157 84 2187; x_wconf 85' lang='lat' dir='ltr'>J.</span> <span class='ocrx_word' id='word_1_280' title='bbox 106 2168 133 2187; x_wconf 86' lang='lat' dir='ltr'>c.</span> <span class='ocrx_word' id='word_1_281' title='bbox 147 2155 201 2188; x_wconf 84' lang='grc'>26.</span> <span class='ocrx_word' id='word_1_282' title='bbox 252 2156 292 2186; x_wconf 90' lang='lat' dir='ltr'>Et</span> <span class='ocrx_word' id='word_1_283' title='bbox 310 2167 388 2187; x_wconf 87' lang='lat' dir='ltr'>sane</span> <span class='ocrx_word' id='word_1_284' title='bbox 410 2155 584 2187; x_wconf 86' lang='lat' dir='ltr'>contendit</span> <span class='ocrx_word' id='word_1_285' title='bbox 606 2156 669 2188; x_wconf 89' lang='lat' dir='ltr'>Th.</span> <span class='ocrx_word' id='word_1_286' title='bbox 694 2155 822 2198; x_wconf 85' lang='lat' dir='ltr'>Hydius</span> 
     </span>
     <span class='ocr_line' id='line_1_43' title="bbox 60 2199 821 2243; baseline 0 -11"><span class='ocrx_word' id='word_1_287' title='bbox 60 2200 145 2232; x_wconf 83' lang='lat' dir='ltr'>Hist.</span> <span class='ocrx_word' id='word_1_288' title='bbox 173 2208 253 2233; x_wconf 89' lang='lat' dir='ltr'>vett.</span> <span class='ocrx_word' id='word_1_289' title='bbox 283 2202 370 2231; x_wconf 85' lang='lat' dir='ltr'>l&#39;crs.</span> <span class='ocrx_word' id='word_1_290' title='bbox 410 2212 436 2232; x_wconf 88' lang='lat' dir='ltr'>c.</span> <span class='ocrx_word' id='word_1_291' title='bbox 461 2199 517 2233; x_wconf 74' lang='lat'>34.</span> <span class='ocrx_word' id='word_1_292' title='bbox 548 2212 604 2231; x_wconf 91' lang='lat' dir='ltr'>eos</span> <span class='ocrx_word' id='word_1_293' title='bbox 630 2200 729 2243; x_wconf 84' lang='lat' dir='ltr'>vulgo</span> <span class='ocrx_word' id='word_1_294' title='bbox 755 2213 821 2232; x_wconf 89' lang='lat' dir='ltr'>non</span> 
     </span>
     <span class='ocr_line' id='line_1_44' title="bbox 58 2245 820 2285; baseline 0 -8"><span class='ocrx_word' id='word_1_295' title='bbox 58 2245 222 2277; x_wconf 87' lang='lat' dir='ltr'>humari.“</span> <span class='ocrx_word' id='word_1_296' title='bbox 268 2248 427 2278; x_wconf 73' lang='lat' dir='ltr'>Davisius.</span> <span class='ocrx_word' id='word_1_297' title='bbox 471 2246 530 2276; x_wconf 83' lang='lat' dir='ltr'>His</span> <span class='ocrx_word' id='word_1_298' title='bbox 551 2245 767 2277; x_wconf 79' lang='lat' dir='ltr'>adversantur</span> <span class='ocrx_word' id='word_1_299' title='bbox 789 2246 820 2285; x_wconf 91' lang='lat' dir='ltr'>ii,</span> 
     </span>
     <span class='ocr_line' id='line_1_45' title="bbox 59 2290 822 2333; baseline 0.001 -12"><span class='ocrx_word' id='word_1_300' title='bbox 59 2301 141 2333; x_wconf 91' lang='lat' dir='ltr'>quos</span> <span class='ocrx_word' id='word_1_301' title='bbox 162 2290 195 2322; x_wconf 85' lang='lat' dir='ltr'>in</span> <span class='ocrx_word' id='word_1_302' title='bbox 210 2292 358 2333; x_wconf 85' lang='lat' dir='ltr'>proxime</span> <span class='ocrx_word' id='word_1_303' title='bbox 373 2290 583 2322; x_wconf 77' lang='lat' dir='ltr'>antecedenti</span> <span class='ocrx_word' id='word_1_304' title='bbox 606 2291 822 2323; x_wconf 84' lang='lat' dir='ltr'>adnotatione</span> 
     </span>
     <span class='ocr_line' id='line_1_46' title="bbox 59 2335 261 2366; baseline 0.005 -1"><span class='ocrx_word' id='word_1_305' title='bbox 59 2335 239 2366; x_wconf 83' lang='lat' dir='ltr'>attulimus.</span> <span class='ocrx_word' id='word_1_306' title='bbox 256 2356 261 2359; x_wconf 83' lang='lat'>-</span> 
     </span>
    </p>

    <p class='ocr_par' dir='ltr' id='par_1_22' title="bbox 59 2381 824 2646">
     <span class='ocr_line' id='line_1_47' title="bbox 128 2381 822 2420; baseline 0.001 -9"><span class='ocrx_word' id='word_1_307' title='bbox 128 2382 188 2411; x_wconf 85' lang='lat' dir='ltr'>nisi</span> <span class='ocrx_word' id='word_1_308' title='bbox 213 2399 254 2403; x_wconf 90' lang='lat'>-—</span> <span class='ocrx_word' id='word_1_309' title='bbox 279 2382 339 2411; x_wconf 82' lang='lat' dir='ltr'>sint</span> <span class='ocrx_word' id='word_1_310' title='bbox 364 2383 433 2411; x_wconf 78' lang='lat' dir='ltr'>ante</span> <span class='ocrx_word' id='word_1_311' title='bbox 458 2382 594 2420; x_wconf 71' lang='lat' dir='ltr'>laniata]</span> <span class='ocrx_word' id='word_1_312' title='bbox 627 2381 822 2413; x_wconf 84' lang='lat' dir='ltr'>Coniuncti-</span> 
     </span>
     <span class='ocr_line' id='line_1_48' title="bbox 60 2424 823 2468; baseline 0.003 -13"><span class='ocrx_word' id='word_1_313' title='bbox 60 2436 135 2455; x_wconf 86' lang='lat' dir='ltr'>vum</span> <span class='ocrx_word' id='word_1_314' title='bbox 153 2424 296 2466; x_wconf 89' lang='lat' dir='ltr'>positum</span> <span class='ocrx_word' id='word_1_315' title='bbox 319 2435 388 2455; x_wconf 80' lang='lat' dir='ltr'>esse</span> <span class='ocrx_word' id='word_1_316' title='bbox 401 2426 541 2455; x_wconf 73' lang='lat' dir='ltr'>Klotzius</span> <span class='ocrx_word' id='word_1_317' title='bbox 558 2425 722 2463; x_wconf 82' lang='lat' dir='ltr'>observat,</span> <span class='ocrx_word' id='word_1_318' title='bbox 735 2426 823 2468; x_wconf 88' lang='lat' dir='ltr'>quod</span> 
     </span>
     <span class='ocr_line' id='line_1_49' title="bbox 63 2469 822 2512; baseline 0.003 -12"><span class='ocrx_word' id='word_1_319' title='bbox 63 2469 105 2501; x_wconf 92' lang='lat' dir='ltr'>ob</span> <span class='ocrx_word' id='word_1_320' title='bbox 127 2469 228 2500; x_wconf 83' lang='lat' dir='ltr'>verba</span> <span class='ocrx_word' id='word_1_321' title='bbox 260 2479 326 2500; x_wconf 88' lang='lat' dir='ltr'>mos</span> <span class='ocrx_word' id='word_1_322' title='bbox 350 2473 391 2501; x_wconf 82' lang='lat' dir='ltr'>est</span> <span class='ocrx_word' id='word_1_323' title='bbox 423 2469 586 2500; x_wconf 78' lang='lat' dir='ltr'>sententia</span> <span class='ocrx_word' id='word_1_324' title='bbox 611 2482 628 2500; x_wconf 85' lang='lat' dir='ltr'>e</span> <span class='ocrx_word' id='word_1_325' title='bbox 653 2481 822 2512; x_wconf 85' lang='lat' dir='ltr'>magorum</span> 
     </span>
     <span class='ocr_line' id='line_1_50' title="bbox 59 2513 823 2557; baseline 0 -11"><span class='ocrx_word' id='word_1_326' title='bbox 59 2521 168 2546; x_wconf 80' lang='lat' dir='ltr'>mente</span> <span class='ocrx_word' id='word_1_327' title='bbox 192 2514 319 2557; x_wconf 85' lang='lat' dir='ltr'>prolata</span> <span class='ocrx_word' id='word_1_328' title='bbox 343 2514 396 2544; x_wconf 87' lang='lat' dir='ltr'>sit.</span> <span class='ocrx_word' id='word_1_329' title='bbox 433 2513 575 2545; x_wconf 90' lang='lat' dir='ltr'>Omnino</span> <span class='ocrx_word' id='word_1_330' title='bbox 595 2515 627 2545; x_wconf 88' lang='lat' dir='ltr'>in</span> <span class='ocrx_word' id='word_1_331' title='bbox 649 2514 692 2545; x_wconf 87' lang='lat' dir='ltr'>eis</span> <span class='ocrx_word' id='word_1_332' title='bbox 717 2527 823 2546; x_wconf 90' lang='lat' dir='ltr'>enun-</span> 
     </span>
     <span class='ocr_line' id='line_1_51' title="bbox 60 2559 824 2601; baseline 0.001 -10"><span class='ocrx_word' id='word_1_333' title='bbox 60 2559 251 2591; x_wconf 81' lang='lat' dir='ltr'>tiationibus</span> <span class='ocrx_word' id='word_1_334' title='bbox 275 2559 475 2592; x_wconf 76' lang='lat' dir='ltr'>secundariis</span> <span class='ocrx_word' id='word_1_335' title='bbox 490 2583 499 2597; x_wconf 87' lang='lat'>,</span> <span class='ocrx_word' id='word_1_336' title='bbox 536 2571 619 2601; x_wconf 81' lang='lat' dir='ltr'>quae</span> <span class='ocrx_word' id='word_1_337' title='bbox 645 2560 824 2592; x_wconf 80' lang='lat' dir='ltr'>cohaerent.</span> 
     </span>
     <span class='ocr_line' id='line_1_52' title="bbox 61 2604 821 2646; baseline -0.001 -10"><span class='ocrx_word' id='word_1_338' title='bbox 61 2616 133 2636; x_wconf 89' lang='lat' dir='ltr'>cum</span> <span class='ocrx_word' id='word_1_339' title='bbox 153 2605 335 2643; x_wconf 76' lang='lat' dir='ltr'>infinitivo,</span> <span class='ocrx_word' id='word_1_340' title='bbox 375 2605 452 2646; x_wconf 86' lang='lat' dir='ltr'>poni</span> <span class='ocrx_word' id='word_1_341' title='bbox 476 2605 562 2635; x_wconf 85' lang='lat' dir='ltr'>solet</span> <span class='ocrx_word' id='word_1_342' title='bbox 585 2604 821 2636; x_wconf 88' lang='lat' dir='ltr'>coniunctivus.</span> 
     </span>
    </p>
   </div>
   <div class='ocr_carea' id='block_1_20' title="bbox 61 2648 617 2692">
    <p class='ocr_par' dir='ltr' id='par_1_23' title="bbox 61 2648 617 2692">
     <span class='ocr_line' id='line_1_53' title="bbox 61 2648 617 2692; baseline -0.002 -11"><span class='ocrx_word' id='word_1_343' title='bbox 61 2650 112 2681; x_wconf 83' lang='lat' dir='ltr'>Cf.</span> <span class='ocrx_word' id='word_1_344' title='bbox 136 2661 197 2681; x_wconf 91' lang='lat' dir='ltr'>nos</span> <span class='ocrx_word' id='word_1_345' title='bbox 221 2650 254 2681; x_wconf 86' lang='lat' dir='ltr'>in</span> <span class='ocrx_word' id='word_1_346' title='bbox 281 2650 338 2681; x_wconf 89' lang='lat' dir='ltr'>Gr.</span> <span class='ocrx_word' id='word_1_347' title='bbox 360 2650 398 2681; x_wconf 83' lang='lat' dir='ltr'>L.</span> <span class='ocrx_word' id='word_1_348' title='bbox 424 2651 453 2692; x_wconf 62' lang='grc' dir='ltr'>ξ.</span> <span class='ocrx_word' id='word_1_349' title='bbox 472 2648 564 2682; x_wconf 66' lang='lat'>140¹&gt;</span> <span class='ocrx_word' id='word_1_350' title='bbox 576 2652 617 2686; x_wconf 62' lang='lat' dir='ltr'>cl.</span> 
     </span>
    </p>
   </div>
   <div class='ocr_carea' id='block_1_21' title="bbox 60 2705 826 2974">
    <p class='ocr_par' dir='ltr' id='par_1_24' title="bbox 60 2705 826 2974">
     <span class='ocr_line' id='line_1_54' title="bbox 129 2705 825 2749; baseline -0.001 -12"><span class='ocrx_word' id='word_1_351' title='bbox 129 2707 164 2737; x_wconf 82' lang='lat' dir='ltr'>In</span> <span class='ocrx_word' id='word_1_352' title='bbox 188 2707 363 2746; x_wconf 74' lang='lat' dir='ltr'>Hyrcania]</span> <span class='ocrx_word' id='word_1_353' title='bbox 401 2708 549 2738; x_wconf 84' lang='lat' dir='ltr'>Davisius</span> <span class='ocrx_word' id='word_1_354' title='bbox 573 2717 680 2749; x_wconf 88' lang='lat' dir='ltr'>comp.</span> <span class='ocrx_word' id='word_1_355' title='bbox 711 2705 825 2737; x_wconf 87' lang='lat' dir='ltr'>Silium</span> 
     </span>
     <span class='ocr_line' id='line_1_55' title="bbox 62 2749 825 2787; baseline -0.001 -7"><span class='ocrx_word' id='word_1_356' title='bbox 62 2749 211 2781; x_wconf 88' lang='lat' dir='ltr'>Italicum</span> <span class='ocrx_word' id='word_1_357' title='bbox 229 2752 322 2787; x_wconf 90' lang='lat' dir='ltr'>Xlll</span> <span class='ocrx_word' id='word_1_358' title='bbox 340 2750 414 2784; x_wconf 82' lang='grc'>437.</span> <span class='ocrx_word' id='word_1_359' title='bbox 450 2751 656 2783; x_wconf 89' lang='lat' dir='ltr'>Theodoret.</span> <span class='ocrx_word' id='word_1_360' title='bbox 676 2752 777 2783; x_wconf 89' lang='lat' dir='ltr'>Ther.</span> <span class='ocrx_word' id='word_1_361' title='bbox 791 2751 825 2782; x_wconf 71' lang='lat' dir='ltr'>Q.</span> 
     </span>
     <span class='ocr_line' id='line_1_56' title="bbox 60 2793 824 2840; baseline 0.001 -14"><span class='ocrx_word' id='word_1_362' title='bbox 60 2806 94 2837; x_wconf 91' lang='lat' dir='ltr'>p.</span> <span class='ocrx_word' id='word_1_363' title='bbox 111 2793 184 2827; x_wconf 90' lang='grc'>129.</span> <span class='ocrx_word' id='word_1_364' title='bbox 222 2796 309 2838; x_wconf 89' lang='lat' dir='ltr'>Porp</span> <span class='ocrx_word' id='word_1_365' title='bbox 312 2796 357 2840; x_wconf 92' lang='lat' dir='ltr'>hy</span> <span class='ocrx_word' id='word_1_366' title='bbox 361 2809 384 2827; x_wconf 91' lang='lat' dir='ltr'>r.</span> <span class='ocrx_word' id='word_1_367' title='bbox 408 2796 449 2828; x_wconf 89' lang='lat' dir='ltr'>de</span> <span class='ocrx_word' id='word_1_368' title='bbox 465 2796 593 2829; x_wconf 85' lang='lat' dir='ltr'>Abstin.</span> <span class='ocrx_word' id='word_1_369' title='bbox 620 2794 650 2834; x_wconf 89' lang='grc'>4,</span> <span class='ocrx_word' id='word_1_370' title='bbox 672 2796 725 2828; x_wconf 87' lang='grc'>21.</span> <span class='ocrx_word' id='word_1_371' title='bbox 750 2797 773 2827; x_wconf 90' lang='lat' dir='ltr'>l.</span> <span class='ocrx_word' id='word_1_372' title='bbox 789 2797 824 2828; x_wconf 89' lang='grc' dir='ltr'>Ρ.</span> 
     </span>
     <span class='ocr_line' id='line_1_57' title="bbox 61 2809 825 2883; baseline 0.004 -13"><span class='ocrx_word' id='word_1_373' title='bbox 61 2839 264 2872; x_wconf 88' lang='lat' dir='ltr'>Cotelerium</span> <span class='ocrx_word' id='word_1_374' title='bbox 285 2840 327 2873; x_wconf 85' lang='lat' dir='ltr'>ad</span> <span class='ocrx_word' id='word_1_375' title='bbox 337 2809 509 2873; x_wconf 78' lang='lat' dir='ltr'>y.Clemeut</span> <span class='ocrx_word' id='word_1_376' title='bbox 536 2842 648 2883; x_wconf 80' lang='lat' dir='ltr'>Recog</span> <span class='ocrx_word' id='word_1_377' title='bbox 638 2853 682 2873; x_wconf 78' lang='lat' dir='ltr'>¹.n</span> <span class='ocrx_word' id='word_1_378' title='bbox 704 2840 745 2879; x_wconf 90' lang='lat'>9,</span> <span class='ocrx_word' id='word_1_379' title='bbox 771 2841 825 2874; x_wconf 83' lang='grc'>25.</span> 
     </span>
     <span class='ocr_line' id='line_1_58' title="bbox 62 2885 826 2929; baseline 0.004 -14"><span class='ocrx_word' id='word_1_380' title='bbox 62 2887 148 2926; x_wconf 82' lang='lat' dir='ltr'>Aeg.</span> <span class='ocrx_word' id='word_1_381' title='bbox 172 2885 305 2929; x_wconf 86' lang='lat' dir='ltr'>Menag‚</span> <span class='ocrx_word' id='word_1_382' title='bbox 330 2886 372 2918; x_wconf 85' lang='lat' dir='ltr'>ad</span> <span class='ocrx_word' id='word_1_383' title='bbox 409 2888 519 2918; x_wconf 88' lang='lat' dir='ltr'>Laert.</span> <span class='ocrx_word' id='word_1_384' title='bbox 545 2885 583 2924; x_wconf 88' lang='grc'>6,</span> <span class='ocrx_word' id='word_1_385' title='bbox 611 2886 664 2919; x_wconf 79' lang='lat'>79.</span> <span class='ocrx_word' id='word_1_386' title='bbox 712 2885 826 2918; x_wconf 84' lang='lat' dir='ltr'>Paullo</span> 
     </span>
     <span class='ocr_line' id='line_1_59' title="bbox 60 2931 826 2974; baseline 0 -13"><span class='ocrx_word' id='word_1_387' title='bbox 60 2935 139 2973; x_wconf 86' lang='lat' dir='ltr'>post</span> <span class='ocrx_word' id='word_1_388' title='bbox 161 2940 222 2972; x_wconf 93' lang='lat' dir='ltr'>pro</span> <span class='ocrx_word' id='word_1_389' title='bbox 243 2933 382 2970; x_wconf 81' lang='lat' dir='ltr'>publicos</span> <span class='ocrx_word' id='word_1_390' title='bbox 397 2934 549 2965; x_wconf 79' lang='lat' dir='ltr'>Bentleius</span> <span class='ocrx_word' id='word_1_391' title='bbox 572 2931 747 2974; x_wconf 81' lang='lat' dir='ltr'>legendum</span> <span class='ocrx_word' id='word_1_392' title='bbox 770 2942 826 2962; x_wconf 85' lang='lat' dir='ltr'>su-</span> 
     </span>
    </p>
   </div>
   <div class='ocr_carea' id='block_1_22' title="bbox 857 1045 1628 2974">
    <p class='ocr_par' dir='ltr' id='par_1_25' title="bbox 860 1045 1628 1852">
     <span class='ocr_line' id='line_1_60' title="bbox 865 1045 1627 1090; baseline 0.003 -14"><span class='ocrx_word' id='word_1_393' title='bbox 865 1045 1054 1088; x_wconf 83' lang='lat' dir='ltr'>spicabatur</span> <span class='ocrx_word' id='word_1_394' title='bbox 1073 1048 1207 1086; x_wconf 81' lang='lat' dir='ltr'>publice,</span> <span class='ocrx_word' id='word_1_395' title='bbox 1230 1046 1251 1077; x_wconf 87' lang='lat' dir='ltr'>i.</span> <span class='ocrx_word' id='word_1_396' title='bbox 1265 1057 1293 1077; x_wconf 91' lang='lat' dir='ltr'>e.</span> <span class='ocrx_word' id='word_1_397' title='bbox 1319 1046 1459 1089; x_wconf 86' lang='lat' dir='ltr'>publicis</span> <span class='ocrx_word' id='word_1_398' title='bbox 1483 1048 1627 1090; x_wconf 88' lang='lat' dir='ltr'>sumpti—</span> 
     </span>
     <span class='ocr_line' id='line_1_61' title="bbox 864 1090 1626 1133; baseline 0.004 -12"><span class='ocrx_word' id='word_1_399' title='bbox 864 1090 924 1122; x_wconf 92' lang='lat' dir='ltr'>bus</span> <span class='ocrx_word' id='word_1_400' title='bbox 938 1116 945 1128; x_wconf 82' lang='lat'>,</span> <span class='ocrx_word' id='word_1_401' title='bbox 971 1102 1054 1133; x_wconf 84' lang='lat' dir='ltr'>quae</span> <span class='ocrx_word' id='word_1_402' title='bbox 1078 1090 1193 1129; x_wconf 89' lang='lat' dir='ltr'>notio,</span> <span class='ocrx_word' id='word_1_403' title='bbox 1220 1090 1266 1122; x_wconf 88' lang='lat' dir='ltr'>uti</span> <span class='ocrx_word' id='word_1_404' title='bbox 1288 1098 1379 1122; x_wconf 86' lang='lat' dir='ltr'>recte</span> <span class='ocrx_word' id='word_1_405' title='bbox 1400 1093 1540 1124; x_wconf 74' lang='lat' dir='ltr'>Klotzius</span> <span class='ocrx_word' id='word_1_406' title='bbox 1563 1093 1626 1124; x_wconf 93' lang='lat' dir='ltr'>ob-</span> 
     </span>
     <span class='ocr_line' id='line_1_62' title="bbox 864 1135 1626 1176; baseline 0.004 -10"><span class='ocrx_word' id='word_1_407' title='bbox 864 1142 993 1173; x_wconf 81' lang='lat' dir='ltr'>servat,</span> <span class='ocrx_word' id='word_1_408' title='bbox 1029 1135 1093 1166; x_wconf 85' lang='lat' dir='ltr'>iam</span> <span class='ocrx_word' id='word_1_409' title='bbox 1126 1136 1159 1166; x_wconf 91' lang='lat' dir='ltr'>in</span> <span class='ocrx_word' id='word_1_410' title='bbox 1194 1135 1302 1167; x_wconf 87' lang='lat' dir='ltr'>verbis</span> <span class='ocrx_word' id='word_1_411' title='bbox 1332 1139 1419 1176; x_wconf 81' lang='lat' dir='ltr'>plebs</span> <span class='ocrx_word' id='word_1_412' title='bbox 1446 1139 1503 1168; x_wconf 73' lang='lat' dir='ltr'>alit</span> <span class='ocrx_word' id='word_1_413' title='bbox 1533 1137 1626 1169; x_wconf 83' lang='lat' dir='ltr'>latet.</span> 
     </span>
     <span class='ocr_line' id='line_1_63' title="bbox 867 1181 1626 1224; baseline 0.003 -12"><span class='ocrx_word' id='word_1_414' title='bbox 867 1182 1001 1212; x_wconf 84' lang='lat' dir='ltr'>Orellius</span> <span class='ocrx_word' id='word_1_415' title='bbox 1021 1187 1129 1210; x_wconf 84' lang='lat' dir='ltr'>autem</span> <span class='ocrx_word' id='word_1_416' title='bbox 1146 1182 1288 1219; x_wconf 83' lang='lat' dir='ltr'>publicos</span> <span class='ocrx_word' id='word_1_417' title='bbox 1307 1190 1400 1212; x_wconf 84' lang='lat' dir='ltr'>canes</span> <span class='ocrx_word' id='word_1_418' title='bbox 1420 1181 1544 1213; x_wconf 87' lang='lat' dir='ltr'>dictum</span> <span class='ocrx_word' id='word_1_419' title='bbox 1562 1194 1626 1224; x_wconf 86' lang='lat' dir='ltr'>pu-</span> 
     </span>
     <span class='ocr_line' id='line_1_64' title="bbox 864 1226 1626 1266; baseline 0.005 -11"><span class='ocrx_word' id='word_1_420' title='bbox 864 1231 933 1263; x_wconf 79' lang='lat' dir='ltr'>tat,</span> <span class='ocrx_word' id='word_1_421' title='bbox 980 1231 1016 1255; x_wconf 89' lang='lat' dir='ltr'>ut</span> <span class='ocrx_word' id='word_1_422' title='bbox 1050 1226 1132 1256; x_wconf 84' lang='lat' dir='ltr'>servi</span> <span class='ocrx_word' id='word_1_423' title='bbox 1163 1226 1299 1264; x_wconf 84' lang='lat' dir='ltr'>publici,</span> <span class='ocrx_word' id='word_1_424' title='bbox 1333 1227 1458 1265; x_wconf 84' lang='lat' dir='ltr'>familia</span> <span class='ocrx_word' id='word_1_425' title='bbox 1488 1229 1626 1266; x_wconf 82' lang='lat' dir='ltr'>publica.</span> 
     </span>
     <span class='ocr_line' id='line_1_65' title="bbox 865 1269 1627 1312; baseline 0.004 -12"><span class='ocrx_word' id='word_1_426' title='bbox 865 1269 1042 1311; x_wconf 80' lang='lat' dir='ltr'>Aptissime</span> <span class='ocrx_word' id='word_1_427' title='bbox 1065 1271 1166 1301; x_wconf 86' lang='lat' dir='ltr'>Moser</span> <span class='ocrx_word' id='word_1_428' title='bbox 1198 1269 1291 1300; x_wconf 84' lang='lat' dir='ltr'>addit</span> <span class='ocrx_word' id='word_1_429' title='bbox 1314 1280 1425 1309; x_wconf 86' lang='lat' dir='ltr'>equum</span> <span class='ocrx_word' id='word_1_430' title='bbox 1455 1273 1627 1312; x_wconf 80' lang='lat' dir='ltr'>publicum,</span> 
     </span>
     <span class='ocr_line' id='line_1_66' title="bbox 864 1313 1627 1358; baseline 0.003 -13"><span class='ocrx_word' id='word_1_431' title='bbox 864 1313 918 1356; x_wconf 89' lang='lat' dir='ltr'>qni</span> <span class='ocrx_word' id='word_1_432' title='bbox 947 1325 1045 1356; x_wconf 82' lang='lat' dir='ltr'>saepe</span> <span class='ocrx_word' id='word_1_433' title='bbox 1070 1321 1347 1345; x_wconf 84' lang='lat' dir='ltr'>commemoratur</span> <span class='ocrx_word' id='word_1_434' title='bbox 1375 1314 1408 1345; x_wconf 92' lang='lat' dir='ltr'>in</span> <span class='ocrx_word' id='word_1_435' title='bbox 1431 1314 1627 1358; x_wconf 88' lang='lat' dir='ltr'>inscriptio-</span> 
     </span>
     <span class='ocr_line' id='line_1_67' title="bbox 864 1358 1626 1400; baseline 0.004 -11"><span class='ocrx_word' id='word_1_436' title='bbox 864 1359 978 1398; x_wconf 82' lang='lat' dir='ltr'>nibus,</span> <span class='ocrx_word' id='word_1_437' title='bbox 1019 1369 1124 1400; x_wconf 89' lang='lat' dir='ltr'>comp.</span> <span class='ocrx_word' id='word_1_438' title='bbox 1151 1358 1254 1390; x_wconf 85' lang='lat' dir='ltr'>Indic.</span> <span class='ocrx_word' id='word_1_439' title='bbox 1284 1361 1391 1391; x_wconf 87' lang='lat' dir='ltr'>Orellii</span> <span class='ocrx_word' id='word_1_440' title='bbox 1419 1359 1462 1391; x_wconf 83' lang='lat' dir='ltr'>ad</span> <span class='ocrx_word' id='word_1_441' title='bbox 1488 1361 1626 1393; x_wconf 88' lang='lat' dir='ltr'>Collect.</span> 
     </span>
     <span class='ocr_line' id='line_1_68' title="bbox 863 1403 1626 1447; baseline 0.003 -12"><span class='ocrx_word' id='word_1_442' title='bbox 863 1406 980 1435; x_wconf 88' lang='lat' dir='ltr'>Inscrr.</span> <span class='ocrx_word' id='word_1_443' title='bbox 1029 1405 1174 1435; x_wconf 84' lang='lat' dir='ltr'>Publicos</span> <span class='ocrx_word' id='word_1_444' title='bbox 1197 1403 1228 1435; x_wconf 87' lang='lat' dir='ltr'>l1.</span> <span class='ocrx_word' id='word_1_445' title='bbox 1252 1403 1274 1436; x_wconf 89' lang='lat' dir='ltr'>l.</span> <span class='ocrx_word' id='word_1_446' title='bbox 1304 1410 1420 1446; x_wconf 83' lang='lat' dir='ltr'>aperte</span> <span class='ocrx_word' id='word_1_447' title='bbox 1445 1405 1626 1447; x_wconf 86' lang='lat' dir='ltr'>opponitur</span> 
     </span>
     <span class='ocr_line' id='line_1_69' title="bbox 862 1448 1628 1492; baseline 0.001 -11"><span class='ocrx_word' id='word_1_448' title='bbox 862 1448 1012 1492; x_wconf 87' lang='lat' dir='ltr'>sequenti</span> <span class='ocrx_word' id='word_1_449' title='bbox 1025 1450 1218 1480; x_wconf 84' lang='lat' dir='ltr'>domesticos.</span> <span class='ocrx_word' id='word_1_450' title='bbox 1242 1448 1330 1488; x_wconf 83' lang='lat' dir='ltr'>„Hic</span> <span class='ocrx_word' id='word_1_451' title='bbox 1343 1460 1415 1480; x_wconf 91' lang='lat' dir='ltr'>mos</span> <span class='ocrx_word' id='word_1_452' title='bbox 1428 1449 1527 1481; x_wconf 86' lang='lat' dir='ltr'>etiam</span> <span class='ocrx_word' id='word_1_453' title='bbox 1540 1461 1628 1482; x_wconf 86' lang='lat' dir='ltr'>nunc</span> 
     </span>
     <span class='ocr_line' id='line_1_70' title="bbox 862 1493 1625 1538; baseline 0.001 -12"><span class='ocrx_word' id='word_1_454' title='bbox 862 1494 950 1538; x_wconf 82' lang='lat' dir='ltr'>apud</span> <span class='ocrx_word' id='word_1_455' title='bbox 971 1494 1058 1525; x_wconf 89' lang='lat' dir='ltr'>hunc</span> <span class='ocrx_word' id='word_1_456' title='bbox 1078 1493 1237 1536; x_wconf 88' lang='lat' dir='ltr'>populum</span> <span class='ocrx_word' id='word_1_457' title='bbox 1255 1500 1316 1525; x_wconf 85' lang='lat' dir='ltr'>est.</span> <span class='ocrx_word' id='word_1_458' title='bbox 1351 1495 1391 1526; x_wconf 88' lang='lat' dir='ltr'>V.</span> <span class='ocrx_word' id='word_1_459' title='bbox 1416 1496 1460 1526; x_wconf 85' lang='lat'>10.</span> <span class='ocrx_word' id='word_1_460' title='bbox 1472 1497 1625 1535; x_wconf 69' lang='lat' dir='ltr'>Potozshy</span> 
     </span>
     <span class='ocr_line' id='line_1_71' title="bbox 861 1539 1625 1572; baseline 0.001 -1"><span class='ocrx_word' id='word_1_461' title='bbox 861 1540 894 1571; x_wconf 88' lang='lat' dir='ltr'>iu</span> <span class='ocrx_word' id='word_1_462' title='bbox 918 1539 1000 1570; x_wconf 91' lang='lat' dir='ltr'>Clio</span> <span class='ocrx_word' id='word_1_463' title='bbox 1005 1551 1019 1570; x_wconf 91' lang='lat' dir='ltr'>s</span> <span class='ocrx_word' id='word_1_464' title='bbox 1046 1539 1319 1570; x_wconf 74' lang='lat' dir='ltr'>Blumenko&#39;rbch.</span> <span class='ocrx_word' id='word_1_465' title='bbox 1341 1550 1372 1570; x_wconf 89' lang='lat' dir='ltr'>v.</span> <span class='ocrx_word' id='word_1_466' title='bbox 1390 1541 1429 1570; x_wconf 90' lang='lat' dir='ltr'>A.</span> <span class='ocrx_word' id='word_1_467' title='bbox 1446 1551 1477 1571; x_wconf 92' lang='lat' dir='ltr'>v.</span> <span class='ocrx_word' id='word_1_468' title='bbox 1492 1540 1625 1572; x_wconf 80' lang='lat' dir='ltr'>Kotze—</span> 
     </span>
     <span class='ocr_line' id='line_1_72' title="bbox 860 1581 1622 1628; baseline -0.001 -11"><span class='ocrx_word' id='word_1_469' title='bbox 860 1585 924 1617; x_wconf 88' lang='lat' dir='ltr'>bue</span> <span class='ocrx_word' id='word_1_470' title='bbox 951 1581 1278 1626; x_wconf 66' lang='lat' dir='ltr'>s&amp;.Darmst.1csl-i.)</span> <span class='ocrx_word' id='word_1_471' title='bbox 1304 1585 1343 1616; x_wconf 94' lang='grc' dir='ltr'>Τ.</span> <span class='ocrx_word' id='word_1_472' title='bbox 1363 1585 1386 1615; x_wconf 85' lang='lat' dir='ltr'>l.</span> <span class='ocrx_word' id='word_1_473' title='bbox 1410 1596 1442 1627; x_wconf 90' lang='lat' dir='ltr'>p.</span> <span class='ocrx_word' id='word_1_474' title='bbox 1463 1584 1525 1618; x_wconf 82' lang='grc'>137</span> <span class='ocrx_word' id='word_1_475' title='bbox 1537 1597 1622 1628; x_wconf 87' lang='lat' dir='ltr'>sqq.,</span> 
     </span>
     <span class='ocr_line' id='line_1_73' title="bbox 862 1609 1623 1672; baseline 0 -11"><span class='ocrx_word' id='word_1_476' title='bbox 862 1630 917 1661; x_wconf 90' lang='lat' dir='ltr'>ubi</span> <span class='ocrx_word' id='word_1_477' title='bbox 939 1609 980 1660; x_wconf 83' lang='lat' dir='ltr'>de</span> <span class='ocrx_word' id='word_1_478' title='bbox 1004 1628 1188 1671; x_wconf 81' lang='lat' dir='ltr'>Calmaquis</span> <span class='ocrx_word' id='word_1_479' title='bbox 1210 1628 1296 1660; x_wconf 85' lang='lat' dir='ltr'>circa</span> <span class='ocrx_word' id='word_1_480' title='bbox 1317 1629 1429 1660; x_wconf 76' lang='lat' dir='ltr'>uibem</span> <span class='ocrx_word' id='word_1_481' title='bbox 1451 1631 1623 1672; x_wconf 79' lang='lat' dir='ltr'>Sareptain</span> 
     </span>
     <span class='ocr_line' id='line_1_74' title="bbox 860 1674 1623 1717; baseline 0 -11"><span class='ocrx_word' id='word_1_482' title='bbox 860 1675 915 1717; x_wconf 92' lang='lat' dir='ltr'>loq</span> <span class='ocrx_word' id='word_1_483' title='bbox 921 1675 1017 1707; x_wconf 84' lang='lat' dir='ltr'>uitur.</span> <span class='ocrx_word' id='word_1_484' title='bbox 1055 1674 1107 1706; x_wconf 88' lang='lat' dir='ltr'>Cf.</span> <span class='ocrx_word' id='word_1_485' title='bbox 1126 1674 1290 1707; x_wconf 84' lang='lat' dir='ltr'>Plutarch.</span> <span class='ocrx_word' id='word_1_486' title='bbox 1312 1685 1353 1705; x_wconf 89' lang='lat' dir='ltr'>an</span> <span class='ocrx_word' id='word_1_487' title='bbox 1375 1674 1484 1706; x_wconf 80' lang='lat' dir='ltr'>vitios.</span> <span class='ocrx_word' id='word_1_488' title='bbox 1506 1675 1576 1706; x_wconf 83' lang='lat' dir='ltr'>ad&#39;</span> <span class='ocrx_word' id='word_1_489' title='bbox 1568 1687 1623 1706; x_wconf 82' lang='lat' dir='ltr'>in-</span> 
     </span>
     <span class='ocr_line' id='line_1_75' title="bbox 862 1687 1623 1762; baseline 0.001 -11"><span class='ocrx_word' id='word_1_490' title='bbox 862 1687 949 1751; x_wconf 78' lang='lat' dir='ltr'>felqic.</span> <span class='ocrx_word' id='word_1_491' title='bbox 973 1719 1080 1750; x_wconf 75' lang='lat' dir='ltr'>suffic.</span> <span class='ocrx_word' id='word_1_492' title='bbox 1108 1731 1133 1750; x_wconf 92' lang='lat' dir='ltr'>c.</span> <span class='ocrx_word' id='word_1_493' title='bbox 1157 1719 1190 1751; x_wconf 84' lang='lat'>3.</span> <span class='ocrx_word' id='word_1_494' title='bbox 1242 1716 1347 1751; x_wconf 84' lang='grc'>4-99.</span> <span class='ocrx_word' id='word_1_495' title='bbox 1368 1720 1407 1750; x_wconf 92' lang='lat' dir='ltr'>D.</span> <span class='ocrx_word' id='word_1_496' title='bbox 1441 1726 1476 1750; x_wconf 91' lang='lat' dir='ltr'>et</span> <span class='ocrx_word' id='word_1_497' title='bbox 1501 1719 1556 1762; x_wconf 90' lang='lat' dir='ltr'>qui</span> <span class='ocrx_word' id='word_1_498' title='bbox 1581 1720 1623 1752; x_wconf 90' lang='lat' dir='ltr'>de</span> 
     </span>
     <span class='ocr_line' id='line_1_76' title="bbox 864 1731 1622 1803; baseline 0.001 -7"><span class='ocrx_word' id='word_1_499' title='bbox 864 1764 1042 1796; x_wconf 75' lang='lat' dir='ltr'>Bactrianis</span> <span class='ocrx_word' id='word_1_500' title='bbox 1064 1764 1129 1795; x_wconf 85' lang='lat' dir='ltr'>hoe</span> <span class='ocrx_word' id='word_1_501' title='bbox 1154 1764 1257 1795; x_wconf 84' lang='lat' dir='ltr'>refert</span> <span class='ocrx_word' id='word_1_502' title='bbox 1277 1731 1622 1803; x_wconf 75' lang='lat' dir='ltr'>st1ab0n.X1q11,3.</span> 
     </span>
     <span class='ocr_line' id='line_1_77' title="bbox 862 1808 1547 1852; baseline -0.001 -12"><span class='ocrx_word' id='word_1_503' title='bbox 862 1809 1009 1852; x_wconf 74' lang='lat' dir='ltr'>p.517.“</span> <span class='ocrx_word' id='word_1_504' title='bbox 1058 1811 1198 1840; x_wconf 75' lang='lat' dir='ltr'>Menkius</span> <span class='ocrx_word' id='word_1_505' title='bbox 1221 1808 1253 1839; x_wconf 88' lang='lat' dir='ltr'>in</span> <span class='ocrx_word' id='word_1_506' title='bbox 1279 1808 1434 1840; x_wconf 88' lang='lat' dir='ltr'>Observv.</span> <span class='ocrx_word' id='word_1_507' title='bbox 1459 1808 1547 1839; x_wconf 89' lang='lat' dir='ltr'>ined.</span> 
     </span>
    </p>

    <p class='ocr_par' dir='ltr' id='par_1_26' title="bbox 859 1854 1623 2121">
     <span class='ocr_line' id='line_1_78' title="bbox 927 1854 1623 1896; baseline 0 -11"><span class='ocrx_word' id='word_1_508' title='bbox 927 1856 1026 1886; x_wconf 83' lang='lat' dir='ltr'>nobile</span> <span class='ocrx_word' id='word_1_509' title='bbox 1049 1858 1150 1884; x_wconf 79' lang='lat' dir='ltr'>aulem</span> <span class='ocrx_word' id='word_1_510' title='bbox 1176 1863 1273 1892; x_wconf 84' lang='lat' dir='ltr'>9enus</span> <span class='ocrx_word' id='word_1_511' title='bbox 1289 1854 1366 1894; x_wconf 85' lang='lat' dir='ltr'>etc.]</span> <span class='ocrx_word' id='word_1_512' title='bbox 1394 1854 1434 1884; x_wconf 90' lang='lat' dir='ltr'>H.</span> <span class='ocrx_word' id='word_1_513' title='bbox 1453 1865 1478 1885; x_wconf 77' lang='lat' dir='ltr'>e.</span> <span class='ocrx_word' id='word_1_514' title='bbox 1503 1865 1623 1896; x_wconf 87' lang='lat' dir='ltr'>quam-</span> 
     </span>
     <span class='ocr_line' id='line_1_79' title="bbox 861 1897 1622 1939; baseline 0 -10"><span class='ocrx_word' id='word_1_515' title='bbox 861 1899 908 1929; x_wconf 69' lang='lat' dir='ltr'>vis.</span> <span class='ocrx_word' id='word_1_516' title='bbox 926 1899 990 1929; x_wconf 83' lang='lat' dir='ltr'>hoc</span> <span class='ocrx_word' id='word_1_517' title='bbox 1013 1909 1128 1928; x_wconf 81' lang='lat' dir='ltr'>canum</span> <span class='ocrx_word' id='word_1_518' title='bbox 1149 1909 1251 1939; x_wconf 76' lang='lat' dir='ltr'>genus</span> <span class='ocrx_word' id='word_1_519' title='bbox 1275 1897 1387 1929; x_wconf 90' lang='lat' dir='ltr'>nobile</span> <span class='ocrx_word' id='word_1_520' title='bbox 1407 1897 1450 1929; x_wconf 87' lang='lat' dir='ltr'>sit</span> <span class='ocrx_word' id='word_1_521' title='bbox 1471 1909 1531 1929; x_wconf 82' lang='lat' dir='ltr'>nec</span> <span class='ocrx_word' id='word_1_522' title='bbox 1551 1898 1622 1930; x_wconf 85' lang='lat' dir='ltr'>sine</span> 
     </span>
     <span class='ocr_line' id='line_1_80' title="bbox 860 1942 1621 1986; baseline 0.001 -12"><span class='ocrx_word' id='word_1_523' title='bbox 860 1954 978 1985; x_wconf 75' lang='lat' dir='ltr'>magno</span> <span class='ocrx_word' id='word_1_524' title='bbox 1004 1942 1111 1984; x_wconf 81' lang='lat' dir='ltr'>pretio</span> <span class='ocrx_word' id='word_1_525' title='bbox 1137 1942 1244 1983; x_wconf 81' lang='lat' dir='ltr'>parari</span> <span class='ocrx_word' id='word_1_526' title='bbox 1269 1942 1395 1985; x_wconf 86' lang='lat' dir='ltr'>possit,</span> <span class='ocrx_word' id='word_1_527' title='bbox 1424 1949 1534 1974; x_wconf 83' lang='lat' dir='ltr'>tamen</span> <span class='ocrx_word' id='word_1_528' title='bbox 1560 1955 1621 1986; x_wconf 89' lang='lat' dir='ltr'>pro</span> 
     </span>
     <span class='ocr_line' id='line_1_81' title="bbox 859 1986 1621 2030; baseline 0.001 -12"><span class='ocrx_word' id='word_1_529' title='bbox 859 2000 916 2019; x_wconf 84' lang='lat' dir='ltr'>sua</span> <span class='ocrx_word' id='word_1_530' title='bbox 952 1988 1088 2030; x_wconf 81' lang='lat' dir='ltr'>quisque</span> <span class='ocrx_word' id='word_1_531' title='bbox 1123 1986 1301 2023; x_wconf 65' lang='lat' dir='ltr'>facultate,</span> <span class='ocrx_word' id='word_1_532' title='bbox 1336 1987 1368 2018; x_wconf 93' lang='lat' dir='ltr'>h.</span> <span class='ocrx_word' id='word_1_533' title='bbox 1395 1999 1424 2018; x_wconf 87' lang='lat' dir='ltr'>e.</span> <span class='ocrx_word' id='word_1_534' title='bbox 1463 1995 1621 2030; x_wconf 84' lang='lat' dir='ltr'>quantum</span> 
     </span>
     <span class='ocr_line' id='line_1_82' title="bbox 860 2031 1621 2075; baseline 0.001 -11"><span class='ocrx_word' id='word_1_535' title='bbox 860 2032 1013 2075; x_wconf 87' lang='lat' dir='ltr'>cuiusque</span> <span class='ocrx_word' id='word_1_536' title='bbox 1046 2031 1221 2063; x_wconf 81' lang='lat' dir='ltr'>facultates</span> <span class='ocrx_word' id='word_1_537' title='bbox 1255 2038 1310 2063; x_wconf 88' lang='lat' dir='ltr'>aut</span> <span class='ocrx_word' id='word_1_538' title='bbox 1336 2043 1415 2074; x_wconf 88' lang='lat' dir='ltr'>opes</span> <span class='ocrx_word' id='word_1_539' title='bbox 1440 2032 1621 2075; x_wconf 87' lang='lat' dir='ltr'>patiuntur,</span> 
     </span>
     <span class='ocr_line' id='line_1_83' title="bbox 860 2077 1335 2121; baseline -0.002 -12"><span class='ocrx_word' id='word_1_540' title='bbox 860 2084 974 2121; x_wconf 82' lang='lat' dir='ltr'>parat,</span> <span class='ocrx_word' id='word_1_541' title='bbox 1001 2089 1018 2108; x_wconf 89' lang='lat' dir='ltr'>a</span> <span class='ocrx_word' id='word_1_542' title='bbox 1043 2077 1158 2119; x_wconf 89' lang='lat' dir='ltr'>quibus</span> <span class='ocrx_word' id='word_1_543' title='bbox 1183 2077 1335 2108; x_wconf 84' lang='lat' dir='ltr'>lanietur.</span> 
     </span>
    </p>

    <p class='ocr_par' dir='ltr' id='par_1_27' title="bbox 857 2122 1621 2703">
     <span class='ocr_line' id='line_1_84' title="bbox 927 2122 1620 2165; baseline -0.001 -11"><span class='ocrx_word' id='word_1_544' title='bbox 927 2125 958 2154; x_wconf 84' lang='lat' dir='ltr'>in</span> <span class='ocrx_word' id='word_1_545' title='bbox 981 2125 1065 2154; x_wconf 87' lang='lat' dir='ltr'>omni</span> <span class='ocrx_word' id='word_1_546' title='bbox 1088 2122 1230 2165; x_wconf 80' lang='lat' dir='ltr'>historia]</span> <span class='ocrx_word' id='word_1_547' title='bbox 1267 2124 1405 2154; x_wconf 74' lang='lat' dir='ltr'>Historia</span> <span class='ocrx_word' id='word_1_548' title='bbox 1439 2122 1471 2154; x_wconf 88' lang='lat' dir='ltr'>h.</span> <span class='ocrx_word' id='word_1_549' title='bbox 1497 2122 1518 2153; x_wconf 94' lang='lat' dir='ltr'>l.</span> <span class='ocrx_word' id='word_1_550' title='bbox 1553 2134 1620 2154; x_wconf 90' lang='lat' dir='ltr'>non</span> 
     </span>
     <span class='ocr_line' id='line_1_85' title="bbox 857 2167 1621 2210; baseline -0.001 -10.976"><span class='ocrx_word' id='word_1_551' title='bbox 857 2167 1021 2210; x_wconf 82' lang='lat' dir='ltr'>significat</span> <span class='ocrx_word' id='word_1_552' title='bbox 1054 2167 1277 2199; x_wconf 81' lang='lat' dir='ltr'>narrationem</span> <span class='ocrx_word' id='word_1_553' title='bbox 1310 2173 1344 2198; x_wconf 91' lang='lat' dir='ltr'>et</span> <span class='ocrx_word' id='word_1_554' title='bbox 1379 2167 1621 2210; x_wconf 81' lang='lat' dir='ltr'>expositionem</span> 
     </span>
     <span class='ocr_line' id='line_1_86' title="bbox 857 2212 1620 2255; baseline -0.003 -11"><span class='ocrx_word' id='word_1_555' title='bbox 857 2224 965 2244; x_wconf 87' lang='lat' dir='ltr'>rerum</span> <span class='ocrx_word' id='word_1_556' title='bbox 1000 2219 1183 2255; x_wconf 81' lang='lat' dir='ltr'>gestarum:</span> <span class='ocrx_word' id='word_1_557' title='bbox 1225 2224 1289 2255; x_wconf 85' lang='lat' dir='ltr'>qua</span> <span class='ocrx_word' id='word_1_558' title='bbox 1326 2212 1356 2243; x_wconf 89' lang='lat' dir='ltr'>vi</span> <span class='ocrx_word' id='word_1_559' title='bbox 1390 2212 1455 2243; x_wconf 87' lang='lat' dir='ltr'>hoc</span> <span class='ocrx_word' id='word_1_560' title='bbox 1487 2212 1620 2243; x_wconf 77' lang='lat' dir='ltr'>veibum</span> 
     </span>
     <span class='ocr_line' id='line_1_87' title="bbox 859 2255 1621 2301; baseline -0.004 -12"><span class='ocrx_word' id='word_1_561' title='bbox 859 2259 957 2301; x_wconf 70' lang='grc' dir='ltr'>1111ἕο</span> <span class='ocrx_word' id='word_1_562' title='bbox 980 2258 1058 2300; x_wconf 86' lang='lat' dir='ltr'>poni</span> <span class='ocrx_word' id='word_1_563' title='bbox 1090 2257 1177 2288; x_wconf 81' lang='lat' dir='ltr'>solet</span> <span class='ocrx_word' id='word_1_564' title='bbox 1207 2268 1224 2287; x_wconf 81' lang='lat' dir='ltr'>a</span> <span class='ocrx_word' id='word_1_565' title='bbox 1250 2256 1415 2288; x_wconf 73' lang='lat' dir='ltr'>veteiibus</span> <span class='ocrx_word' id='word_1_566' title='bbox 1444 2255 1621 2298; x_wconf 83' lang='lat' dir='ltr'>scriptoii-</span> 
     </span>
     <span class='ocr_line' id='line_1_88' title="bbox 857 2300 1619 2343; baseline -0.005 -8"><span class='ocrx_word' id='word_1_567' title='bbox 857 2304 937 2340; x_wconf 87' lang='lat' dir='ltr'>bus;</span> <span class='ocrx_word' id='word_1_568' title='bbox 962 2303 1021 2334; x_wconf 88' lang='lat' dir='ltr'>sed</span> <span class='ocrx_word' id='word_1_569' title='bbox 1044 2314 1151 2334; x_wconf 69' lang='lat' dir='ltr'>rtrum</span> <span class='ocrx_word' id='word_1_570' title='bbox 1172 2301 1438 2343; x_wconf 81' lang='lat' dir='ltr'>indagationem,</span> <span class='ocrx_word' id='word_1_571' title='bbox 1463 2300 1619 2343; x_wconf 83' lang='lat' dir='ltr'>disquisi-</span> 
     </span>
     <span class='ocr_line' id='line_1_89' title="bbox 857 2326 1620 2388; baseline -0.004 -8"><span class='ocrx_word' id='word_1_572' title='bbox 857 2349 1004 2385; x_wconf 83' lang='lat' dir='ltr'>tionem,</span> <span class='ocrx_word' id='word_1_573' title='bbox 1029 2348 1074 2379; x_wconf 81' lang='lat' dir='ltr'>ita</span> <span class='ocrx_word' id='word_1_574' title='bbox 1097 2353 1131 2378; x_wconf 85' lang='lat' dir='ltr'>ut</span> <span class='ocrx_word' id='word_1_575' title='bbox 1153 2326 1471 2388; x_wconf 62' lang='lat' dir='ltr'>5›11ue²³respo11deut</span> <span class='ocrx_word' id='word_1_576' title='bbox 1493 2345 1540 2376; x_wconf 89' lang='lat' dir='ltr'>Gr</span> <span class='ocrx_word' id='word_1_577' title='bbox 1542 2357 1620 2377; x_wconf 61' lang='lat' dir='ltr'>leco</span> 
     </span>
     <span class='ocr_line' id='line_1_90' title="bbox 858 2390 1620 2432; baseline -0.004 -8"><span class='ocrx_word' id='word_1_578' title='bbox 858 2393 1020 2425; x_wconf 86' lang='lat' dir='ltr'>vocabulo</span> <span class='ocrx_word' id='word_1_579' title='bbox 1049 2391 1207 2432; x_wconf 76' lang='grc' dir='ltr'>ἱστορίας.</span> <span class='ocrx_word' id='word_1_580' title='bbox 1258 2390 1382 2421; x_wconf 69' lang='lat' dir='ltr'>Eadem</span> <span class='ocrx_word' id='word_1_581' title='bbox 1415 2390 1485 2422; x_wconf 79' lang='lat' dir='ltr'>fere</span> <span class='ocrx_word' id='word_1_582' title='bbox 1514 2390 1620 2432; x_wconf 86' lang='lat' dir='ltr'>signi-</span> 
     </span>
     <span class='ocr_line' id='line_1_91' title="bbox 860 2435 1620 2478; baseline -0.004 -9"><span class='ocrx_word' id='word_1_583' title='bbox 860 2438 1011 2469; x_wconf 79' lang='lat' dir='ltr'>ficationc</span> <span class='ocrx_word' id='word_1_584' title='bbox 1035 2436 1170 2467; x_wconf 84' lang='lat' dir='ltr'>verbum</span> <span class='ocrx_word' id='word_1_585' title='bbox 1187 2438 1332 2467; x_wconf 72' lang='lat' dir='ltr'>historiae</span> <span class='ocrx_word' id='word_1_586' title='bbox 1348 2435 1498 2466; x_wconf 87' lang='lat' dir='ltr'>indutum</span> <span class='ocrx_word' id='word_1_587' title='bbox 1519 2447 1620 2478; x_wconf 87' lang='lat' dir='ltr'>repe-</span> 
     </span>
     <span class='ocr_line' id='line_1_92' title="bbox 858 2480 1619 2522; baseline -0.004 -8"><span class='ocrx_word' id='word_1_588' title='bbox 858 2483 941 2514; x_wconf 85' lang='lat' dir='ltr'>ritur</span> <span class='ocrx_word' id='word_1_589' title='bbox 964 2482 1005 2512; x_wconf 85' lang='lat' dir='ltr'>ad</span> <span class='ocrx_word' id='word_1_590' title='bbox 1022 2481 1122 2512; x_wconf 69' lang='lat' dir='ltr'>Attio.</span> <span class='ocrx_word' id='word_1_591' title='bbox 1148 2482 1185 2511; x_wconf 90' lang='lat' dir='ltr'>ll.</span> <span class='ocrx_word' id='word_1_592' title='bbox 1210 2486 1248 2511; x_wconf 53' lang='lat' dir='ltr'>b:</span> <span class='ocrx_word' id='word_1_593' title='bbox 1277 2480 1309 2511; x_wconf 80' lang='lat' dir='ltr'>Si</span> <span class='ocrx_word' id='word_1_594' title='bbox 1333 2480 1410 2522; x_wconf 88' lang='lat' dir='ltr'>quid</span> <span class='ocrx_word' id='word_1_595' title='bbox 1430 2480 1462 2511; x_wconf 88' lang='lat' dir='ltr'>in</span> <span class='ocrx_word' id='word_1_596' title='bbox 1486 2492 1524 2512; x_wconf 83' lang='lat' dir='ltr'>ea</span> <span class='ocrx_word' id='word_1_597' title='bbox 1545 2480 1619 2522; x_wconf 85' lang='lat' dir='ltr'>epi-</span> 
     </span>
     <span class='ocr_line' id='line_1_93' title="bbox 858 2525 1620 2568; baseline -0.001 -10"><span class='ocrx_word' id='word_1_598' title='bbox 858 2527 944 2558; x_wconf 78' lang='lat' dir='ltr'>stola</span> <span class='ocrx_word' id='word_1_599' title='bbox 976 2526 1038 2557; x_wconf 86' lang='lat' dir='ltr'>snit</span> <span class='ocrx_word' id='word_1_600' title='bbox 1068 2528 1196 2557; x_wconf 75' lang='lat' dir='ltr'>historia</span> <span class='ocrx_word' id='word_1_601' title='bbox 1221 2525 1355 2568; x_wconf 84' lang='lat' dir='ltr'>dignum</span> <span class='ocrx_word' id='word_1_602' title='bbox 1393 2525 1438 2567; x_wconf 82' lang='grc'>(11.</span> <span class='ocrx_word' id='word_1_603' title='bbox 1464 2537 1491 2557; x_wconf 93' lang='lat' dir='ltr'>e.</span> <span class='ocrx_word' id='word_1_604' title='bbox 1516 2528 1620 2566; x_wconf 66' lang='lat' dir='ltr'>cogni-</span> 
     </span>
     <span class='ocr_line' id='line_1_94' title="bbox 859 2570 1620 2613; baseline -0.003 -10"><span class='ocrx_word' id='word_1_605' title='bbox 859 2575 938 2603; x_wconf 75' lang='lat' dir='ltr'>{ione</span> <span class='ocrx_word' id='word_1_606' title='bbox 962 2570 1127 2610; x_wconf 62' lang='lat' dir='ltr'>dionunt),</span> <span class='ocrx_word' id='word_1_607' title='bbox 1152 2570 1258 2602; x_wconf 85' lang='lat' dir='ltr'>scribe</span> <span class='ocrx_word' id='word_1_608' title='bbox 1282 2582 1378 2613; x_wconf 86' lang='lat' dir='ltr'>qnam</span> <span class='ocrx_word' id='word_1_609' title='bbox 1402 2570 1554 2613; x_wconf 87' lang='lat' dir='ltr'>primum,</span> <span class='ocrx_word' id='word_1_610' title='bbox 1579 2582 1620 2602; x_wconf 88' lang='lat' dir='ltr'>ne</span> 
     </span>
     <span class='ocr_line' id='line_1_95' title="bbox 858 2615 1619 2658; baseline 0 -12"><span class='ocrx_word' id='word_1_611' title='bbox 858 2616 1056 2656; x_wconf 77' lang='lat' dir='ltr'>ignoremus,</span> <span class='ocrx_word' id='word_1_612' title='bbox 1071 2634 1111 2640; x_wconf 88' lang='lat'><em>-</em></span> <span class='ocrx_word' id='word_1_613' title='bbox 1139 2617 1186 2646; x_wconf 79' lang='lat' dir='ltr'>De</span> <span class='ocrx_word' id='word_1_614' title='bbox 1201 2627 1236 2647; x_wconf 89' lang='lat' dir='ltr'>re</span> <span class='ocrx_word' id='word_1_615' title='bbox 1258 2616 1328 2658; x_wconf 87' lang='lat' dir='ltr'>ipsa</span> <span class='ocrx_word' id='word_1_616' title='bbox 1353 2616 1396 2647; x_wconf 85' lang='lat' dir='ltr'>cf.</span> <span class='ocrx_word' id='word_1_617' title='bbox 1411 2627 1471 2647; x_wconf 88' lang='lat' dir='ltr'>nos</span> <span class='ocrx_word' id='word_1_618' title='bbox 1493 2615 1526 2646; x_wconf 91' lang='lat' dir='ltr'>in</span> <span class='ocrx_word' id='word_1_619' title='bbox 1551 2615 1572 2647; x_wconf 92' lang='lat' dir='ltr'>l.</span> <span class='ocrx_word' id='word_1_620' title='bbox 1587 2615 1619 2646; x_wconf 92' lang='lat' dir='ltr'>d.</span> 
     </span>
     <span class='ocr_line' id='line_1_96' title="bbox 858 2660 1241 2703; baseline -0.003 -11"><span class='ocrx_word' id='word_1_621' title='bbox 858 2663 895 2692; x_wconf 78' lang='lat' dir='ltr'>de</span> <span class='ocrx_word' id='word_1_622' title='bbox 919 2663 1014 2693; x_wconf 78' lang='lat' dir='ltr'>Cicer.</span> <span class='ocrx_word' id='word_1_623' title='bbox 1038 2663 1113 2700; x_wconf 81' lang='lat' dir='ltr'>phil.</span> <span class='ocrx_word' id='word_1_624' title='bbox 1139 2673 1171 2703; x_wconf 90' lang='lat' dir='ltr'>p.</span> <span class='ocrx_word' id='word_1_625' title='bbox 1188 2660 1241 2693; x_wconf 52' lang='lat'>256.</span> 
     </span>
    </p>

    <p class='ocr_par' dir='ltr' id='par_1_28' title="bbox 860 2707 1622 2974">
     <span class='ocr_line' id='line_1_97' title="bbox 926 2707 1621 2747; baseline -0.001 -11"><span class='ocrx_word' id='word_1_626' title='bbox 926 2709 971 2737; x_wconf 79' lang='lat' dir='ltr'>iia</span> <span class='ocrx_word' id='word_1_627' title='bbox 993 2710 1072 2738; x_wconf 76' lang='lat' dir='ltr'>tetra</span> <span class='ocrx_word' id='word_1_628' title='bbox 1088 2724 1129 2730; x_wconf 93' lang='lat'>—</span> <span class='ocrx_word' id='word_1_629' title='bbox 1153 2708 1331 2746; x_wconf 74' lang='lat' dir='ltr'>reformidet</span> <span class='ocrx_word' id='word_1_630' title='bbox 1355 2707 1468 2747; x_wconf 78' lang='lat' dir='ltr'>oratio]</span> <span class='ocrx_word' id='word_1_631' title='bbox 1496 2707 1621 2737; x_wconf 86' lang='lat' dir='ltr'>Locum</span> 
     </span>
     <span class='ocr_line' id='line_1_98' title="bbox 861 2750 1622 2793; baseline -0.003 -12"><span class='ocrx_word' id='word_1_632' title='bbox 861 2757 975 2782; x_wconf 81' lang='lat' dir='ltr'>nostro</span> <span class='ocrx_word' id='word_1_633' title='bbox 997 2750 1094 2792; x_wconf 79' lang='lat' dir='ltr'>plane</span> <span class='ocrx_word' id='word_1_634' title='bbox 1118 2751 1284 2793; x_wconf 87' lang='lat' dir='ltr'>geminum</span> <span class='ocrx_word' id='word_1_635' title='bbox 1307 2753 1407 2782; x_wconf 88' lang='lat' dir='ltr'>Moser</span> <span class='ocrx_word' id='word_1_636' title='bbox 1428 2750 1583 2782; x_wconf 86' lang='lat' dir='ltr'>excitavit</span> <span class='ocrx_word' id='word_1_637' title='bbox 1606 2761 1622 2777; x_wconf 82' lang='lat' dir='ltr'>e</span> 
     </span>
     <span class='ocr_line' id='line_1_99' title="bbox 863 2794 1618 2835; baseline -0.004 -8"><span class='ocrx_word' id='word_1_638' title='bbox 863 2795 930 2827; x_wconf 90' lang='lat' dir='ltr'>Cic.</span> <span class='ocrx_word' id='word_1_639' title='bbox 949 2796 1013 2828; x_wconf 83' lang='lat' dir='ltr'>off.</span> <span class='ocrx_word' id='word_1_640' title='bbox 1035 2797 1060 2827; x_wconf 89' lang='lat'>1.</span> <span class='ocrx_word' id='word_1_641' title='bbox 1082 2794 1135 2835; x_wconf 73' lang='lat'>45,</span> <span class='ocrx_word' id='word_1_642' title='bbox 1153 2796 1233 2830; x_wconf 79' lang='lat'>159:</span> <span class='ocrx_word' id='word_1_643' title='bbox 1260 2798 1306 2827; x_wconf 87' lang='lat' dir='ltr'>Ea</span> <span class='ocrx_word' id='word_1_644' title='bbox 1327 2795 1522 2827; x_wconf 88' lang='lat' dir='ltr'>Posidonius</span> <span class='ocrx_word' id='word_1_645' title='bbox 1546 2794 1618 2824; x_wconf 89' lang='lat' dir='ltr'>col—</span> 
     </span>
     <span class='ocr_line' id='line_1_100' title="bbox 860 2838 1619 2883; baseline -0.005 -11"><span class='ocrx_word' id='word_1_646' title='bbox 860 2841 941 2883; x_wconf 84' lang='lat' dir='ltr'>legit</span> <span class='ocrx_word' id='word_1_647' title='bbox 967 2841 1148 2883; x_wconf 81' lang='lat' dir='ltr'>permulta,</span> <span class='ocrx_word' id='word_1_648' title='bbox 1187 2841 1246 2873; x_wconf 90' lang='lat' dir='ltr'>sed</span> <span class='ocrx_word' id='word_1_649' title='bbox 1269 2841 1316 2872; x_wconf 87' lang='lat' dir='ltr'>ita</span> <span class='ocrx_word' id='word_1_650' title='bbox 1339 2847 1426 2872; x_wconf 86' lang='lat' dir='ltr'>tetra</span> <span class='ocrx_word' id='word_1_651' title='bbox 1449 2838 1619 2882; x_wconf 84' lang='lat' dir='ltr'>quaedam,</span> 
     </span>
     <span class='ocr_line' id='line_1_101' title="bbox 862 2884 1621 2928; baseline -0.005 -11"><span class='ocrx_word' id='word_1_652' title='bbox 862 2886 907 2917; x_wconf 87' lang='lat' dir='ltr'>ita</span> <span class='ocrx_word' id='word_1_653' title='bbox 927 2886 1101 2926; x_wconf 81' lang='lat' dir='ltr'>obscoena,</span> <span class='ocrx_word' id='word_1_654' title='bbox 1127 2893 1162 2918; x_wconf 86' lang='lat' dir='ltr'>ut</span> <span class='ocrx_word' id='word_1_655' title='bbox 1183 2886 1273 2918; x_wconf 83' lang='lat' dir='ltr'>dictu</span> <span class='ocrx_word' id='word_1_656' title='bbox 1296 2896 1426 2928; x_wconf 86' lang='lat' dir='ltr'>quoque</span> <span class='ocrx_word' id='word_1_657' title='bbox 1449 2884 1621 2915; x_wconf 82' lang='lat' dir='ltr'>videantur</span> 
     </span>
     <span class='ocr_line' id='line_1_102' title="bbox 863 2931 981 2974; baseline 0.008 -12"><span class='ocrx_word' id='word_1_658' title='bbox 863 2931 981 2974; x_wconf 85' lang='lat' dir='ltr'>turpia.</span> 
     </span>
    </p>
   </div>
  </div>
 </body>
</html>
