1863 3221
231 95 312 138 426

229 185 364 225 simam
389 190 494 224 certe
520 190 677 236 negant.

812 102 977 134 LIBER
1004 103 1042 134 V.
1071 100 1130 140 16,
1157 100 1209 136 48.

738 180 827 221 Nos
848 186 979 220 autem
1006 180 1184 220 volumus
1210 181 1496 234 beatissimam,
1529 183 1642 238 idque
1673 182 1784 224 nobis

229 255 432 299 Socratica
453 256 518 296 illa
542 253 793 295 conclusione
817 253 1082 292 confirmatur.
1147 251 1214 294 Sic
1240 253 1342 294 enim
1367 256 1546 310 princeps
1573 255 1637 297 ille
1661 254 1782 310 philo—

228 330 384 384 sophiae
416 327 654 377 disserebat,
695 325 819 379 qualis
843 325 1030 379 cuiusque
1055 325 1173 365 animi
1199 327 1360 367 affectus
1386 335 1512 379 esset,
1556 328 1672 368 talem
1697 341 1785 369 esse

228 402 420 442 hominem
439 417 449 451 ς
483 399 604 453 qualis
622 407 748 438 autem
768 398 883 438 homo
904 399 1011 453 ipse4
1035 406 1155 448 esset,
1191 399 1306 439 talem
1331 400 1413 440 eius
1434 415 1523 441 esse
1545 401 1783 452 orationem,

228 474 394 515 orationi
419 480 547 513 autem
574 473 674 512 facta
707 471 870 521 similia,
913 471 1024 513 factis
1048 472 1185 512 vitam.
1248 472 1426 513 Affectus
1451 480 1578 513 autem
1606 473 1723 513 animi
1746 473 1785 514 in

226 547 328 587 bono
351 547 435 586 viro
466 545 691 595 laudabilis,
735 552 773 584 ct
803 545 882 586 vita
914 545 1031 599 igitur
1063 544 1265 584 laudabilis
1291 545 1382 585 boni
1409 546 1508 597 viri,
1554 553 1592 586 et
1625 546 1787 587 honesta

227 633 345 673 ergo,
381 619 561 672 qnoniam
582 618 800 658 laudabilis.
862 617 928 657 Ex
949 617 1108 672 quibus,
1150 618 1339 658 bonorum
1364 618 1515 659 beatam
1538 620 1654 660 vitam
1680 633 1784 669 esse,

229 691 488 732 concluditur.
521 715 577 721 -———
607 697 677 732 48.
710 690 892 742 Etenim,
926 705 995 745 pro
1018 692 1179 731 deorum
1198 698 1311 745 atque
1331 691 1527 732 bominum
1551 692 1685 732 fidem!
1721 706 1787 746 pa-

227 778 366 805 rumne
392 765 587 819 cognitum
617 771 678 805 est
701 763 967 817 superioribus
991 764 1135 804 nostris
1160 764 1508 819 disputationibus,
1542 780 1591 805 an
1619 765 1788 806 delecta-

227 838 343 878 tionis
366 845 404 878 et
426 837 492 877 otii
514 837 766 877 consumendi
788 851 928 878 caussa
947 837 1065 877 locuti
1085 851 1233 888 sumus,
1269 837 1482 892 sapientem
1504 839 1549 878 ab
1573 839 1676 878 omni
1695 853 1788 878 con-

227 910 410 951 citatione
429 910 568 959 animi,
611 924 724 963 quam
749 910 1080 964 perturbationem
1105 925 1226 961 voco,
1260 924 1415 964 semper
1435 912 1607 951 vacare?
1636 924 1790 966 semper

225 983 265 1023 in
285 983 413 1023 animo
435 983 519 1023 eius
541 996 630 1022 esse
650 982 949 1036 placidissimam
973 984 1134 1037 pacem?
1180 981 1255 1023 Vir
1272 983 1390 1036 igitur
1409 990 1662 1038 temperatus,
1697 998 1789 1024 con-

226 1062 359 1106 stans,
392 1055 476 1096 sine
502 1062 630 1105 metu,
665 1055 749 1095 sine
775 1055 1044 1108 aegritudine,
1078 1055 1164 1095 sine
1191 1055 1400 1096 alacritate
1419 1056 1526 1097 ulla⁵
1547 1087 1558 1107 ,
1593 1056 1677 1097 sine
1704 1056 1789 1096 libi-

227 1128 315 1168 dine
339 1141 468 1168 nonne
491 1127 658 1168 beatus?
717 1127 770 1168 At
791 1141 946 1182 semper
964 1128 1121 1183 sapiens
1143 1128 1246 1168 talis.
1309 1127 1476 1183 Semper
1496 1129 1616 1182 igitur
1631 1129 1784 1170 beatus.

228 1199 307 1241 Iam
336 1215 432 1242 vero
458 1199 523 1254 qui
544 1207 672 1255 potest
696 1200 757 1241 vir
781 1200 906 1241 honus
931 1215 1009 1241 non
1035 1201 1081 1241 ad
1105 1200 1164 1251 id,
1209 1202 1308 1255 quod
1332 1201 1522 1242 laudabile
1546 1202 1620 1252 sit,
1662 1203 1792 1243 omnia

226 1275 404 1324 referre,
439 1287 537 1327 quae
566 1274 646 1327 agit
669 1287 844 1327 quaeque
871 1274 1015 1314 sentit?
1057 1273 1197 1314 Refert
1217 1282 1345 1314 autem
1371 1275 1499 1315 omnia
1525 1275 1569 1315 ad
1595 1275 1708 1315 beate
1732 1275 1790 1315 vi-

227 1347 418 1397 vendum,
452 1346 566 1387 beata
595 1347 715 1400 igitur
736 1346 817 1386 vita
845 1346 1070 1398 laudabilis3
1105 1360 1176 1387 nee
1200 1348 1401 1402 qulequam
1432 1347 1516 1388 siue
1543 1348 1686 1389 virtute
1709 1347 1790 1389 lau·

228 1419 378 1469 dabile3
411 1419 526 1459 beata
557 1419 677 1472 igitur
706 1419 787 1460 vita
817 1419 962 1459 virtute
996 1419 1213 1459 conficitur.

318 1523 340 1557 4
364 1525 419 1556 Sic
442 1525 529 1557 Gud.
551 1525 579 1557 1.
605 1525 725 1568 aliique
749 1525 863 1563 multi3
899 1527 953 1557 Or.
976 1538 1002 1557 c.
1026 1526 1115 1568 vulg.
1143 1526 1261 1562 (etiam
1284 1526 1321 1558 R.
1344 1538 1396 1569 up.
1417 1528 1510 1558 Wes.
1536 1529 1606 1558 Em.
1631 1528 1699 1570 111.)
1726 1531 1790 1568 ipse

230 1573 339 1611 homo‚·
358 1581 404 1646 (3211
427 1570 531 1602 altero
555 1570 730 1602 verborum
755 1569 871 1601 ordine
893 1572 982 1602 homo
1004 1578 1036 1602 et
1060 1574 1229 1603 oralionem
1252 1571 1381 1613 gravius
1402 1571 1487 1603 iuter
1507 1584 1541 1603 se
1566 1580 1790 1616 opponuntur.

230 1615 250 1647 5
275 1627 305 1648 v.
329 1617 352 1646 A
383 1626 413 1646 n.

297 1684 400 1722 qualis
419 1675 578 1725 cuiusque]
607 1682 782 1725 Respicere
797 1682 929 1714 Davisio
944 1682 995 1713 vi-

1030 1686 1140 1723 sliens,
1166 1683 1213 1714 ut'i
1237 1695 1335 1726 supra
1358 1685 1411 1715 IV.
1438 1695 1464 1717 c,
1487 1681 1518 1716 4.
1541 1682 1572 1717 6.
1597 1684 1636 1718 7:
1660 1687 1790 1725 profusa

233 1726 331 1758 detur
354 1726 483 1757 Platon.
498 1727 538 1757 de
563 1728 642 1769 Rep.
666 1729 720 1759 111.
741 1739 773 1770 p.
786 1726 861 1760 400.
887 1729 923 1758 D.
941 1726 995 1758 ubi

1031 1731 1183 1760 hilaritas.
1221 1741 1248 1760 c.
1274 1729 1330 1761 16:
1356 1731 1460 1760 inanis
1480 1731 1638 1761 alacritas.
1674 1742 1700 1761 c.
1722 1731 1786 1763 33:

233 1773 404 1803 Socrates:
442 1770 487 1803 Τί
518 1768 548 1805 δ’
581 1769 598 1805 ὁ
629 1769 750 1813 τρόπος
780 1773 844 1814 τῆς
874 1771 996 1811 λέξεως

230 1815 288 1849 καὶ
322 1813 339 1850 ὁ
371 1815 487 1858 λόγος;
528 1812 566 1849 οὗ
588 1817 636 1859 τῷ
671 1818 738 1859 τῆς
768 1818 884 1860 ψυχῆς
916 1813 997 1858 {ibet

231 1859 364 1899 ἒ’πεται;
389 1879 433 1885 --
456 1860 500 1903 τῇ
525 1859 563 1894 δὲ
591 1861 677 1900 λέξει
695 1861 821 1900 τάλλα;
857 1864 996 1894 Menhius

231 1905 263 1936 in
284 1906 441 1937 Observv.
463 1905 550 1936 ined.
568 1917 674 1948 comp.
689 1907 825 1949 Dionys,
837 1907 910 1938 Hal.
926 1911 996 1937 An-

227 1950 311 1993 tiqq.
336 1951 358 1980 Ι.
386 1962 412 1981 c.
428 1950 456 1982 1.
480 1961 512 1992 p.
535 1950 574 1982 3:
612 1950 768 1989 ἐπιεικῶς
789 1950 852 1993 γὰρ
886 1948 992 1985 ἅπαν·

229 2005 285 2032 τες
305 1994 491 2036 νομίζουσιν
512 1992 644 2033 εἰκόνας
664 1993 746 2029 εἶναι
765 1996 828 2038 τῆς
850 1995 993 2030 ἑκάστου

232 2040 347 2082 ψυχῆς
368 2037 446 2075 τούς
468 2038 596 2080 λόγους.
634 2041 782 2082 Lennep.
809 2041 851 2071 ad
872 2041 992 2072 Phala-

230 2083 293 2114 rid.
319 2082 414 2124 epist.
439 2084 492 2114 92.
520 2083 645 2125 psum.

298 2131 324 2158 et
349 2130 415 2158 vila
438 2129 534 2166 ἐρίων
556 2147 599 2151 —
624 2132 650 2158 et
674 2130 799 2159 honesta
823 2129 916 2172 er90]
957 2132 994 2161 Ei

231 2174 327 2212 iyitur
346 2191 383 2195 —
401 2175 428 2202 et
452 2181 523 2211 erqo
545 2171 605 2202 sibi
631 2173 844 2215 respondent.
886 2173 994 2205 Affert

231 2216 318 2293 hugo
352 2216 460 2247 locum
491 2217 636 2248 Handins
668 2217 701 2248 in
727 2218 867 2249 Tursell.
893 2220 933 2249 ΙΙ.
960 2229 992 2260 p.

300 2302 395 2349 §.45
422 2305 556 2348 Etenim]
582 2308 620 2337 Et
641 2312 732 2338 recte
752 2307 799 2339 sic
822 2307 993 2339 concludi—

230 2356 304 2389 tur;
332 2349 410 2381 satis
436 2353 516 2382 enim
543 2351 711 2392 cognitum
738 2359 788 2383 est
811 2352 993 2394 superiori-

231 2395 291 2426 bus
316 2394 605 2437 disputationibus,
631 2396 813 2438 sapientem
838 2397 878 2428 ab
904 2398 993 2429 omni

232 2440 482 2482 perturbatione
507 2440 606 2472 animi
630 2453 759 2484 semper
783 2453 909 2473 vacare.
954 2444 992 2475 V.

233 2483 274 2515 ad
298 2486 353 2516 IV.
386 2484 436 2523 17,
454 2484 507 2517 40.
558 2487 607 2517 De
631 2498 666 2518 re
687 2486 758 2528 ipsa
783 2486 827 2518 es.
854 2498 924 2529 cap.
943 2487 993 2519 15.

290 2538 355 2567 spro
375 2530 502 2561 deorum
525 2534 614 2571 alque
639 2533 796 2563 hominum
820 2532 927 2575 fidem]
954 2533 992 2562 V.

234 2574 406 2604 Gernhard.
445 2574 486 2604 ad
511 2575 602 2606 Lael.
626 2575 685 2614 15,
711 2577 773 2608 52:
813 2578 898 2608 Nam
924 2576 994 2620 quis

232 2623 292 2654 est,
317 2627 374 2656 pro
397 2618 488 2648 deum
511 2621 603 2657 sidem
626 2624 715 2659 alque
735 2623 914 2653 hominum!
940 2621 995 2664 qui

235 2661 336 2699 velit,
364 2667 398 2691 ut
423 2673 528 2703 neque
553 2663 668 2705 diligat
693 2677 907 2709 quemquam,
935 2677 995 2697 nec

233 2706 304 2748 ipse
317 2706 357 2737 ab
373 2705 438 2737 ullo
451 2705 617 2747 diligatur.
642 2711 782 2742 Menltz'us
793 2711 827 2741 in
840 2711 996 2743 Observv.

237 2750 323 2782 ined.
350 2761 458 2792 comp.
486 2751 594 2783 Divin.
626 2752 658 2782 in
696 2754 813 2786 Caecil.
837 2754 879 2794 3,
904 2756 936 2789 7·
965 2761 997 2787 et

239 2796 375 2827 Cortium
399 2795 441 2826 ad
467 2795 544 2827 Sall.
571 2795 639 2827 Cat.
663 2795 707 2828 20
728 2823 734 2835 ,
766 2800 816 2831 10.

303 2843 366 2872 sine
381 2843 543 2872 alacriiale
559 2842 639 2882 ulla]
665 2844 820 2875 Alam-ilas
845 2844 865 2874 h
892 2845 911 2875 1.
930 2856 996 2877 non

236 2884 359 2927 vulgari
401 2884 586 2924 sententia,
636 2886 694 2917 sed
730 2887 770 2917 de
811 2888 997 2921 Stoicorum

242 2936 351 2960 mente
371 2929 582 2972 intelligenda
606 2937 665 2969 est,
692 2937 726 2962 ut
747 2931 787 2962 sit
809 2934 924 2965 laetitia
947 2944 997 2974 ye-

1030 1776 1188 1805 exsullans
1211 1776 1398 1813 9esliensque
1420 1776 1547 1805 laetitia.
1581 1775 1634 1805 1V.
1659 1772 1716 1806 14:
1741 1778 1789 1807 in-

1030 1820 1128 1849 solens
1150 1821 1309 1850 alacritas.
1359 1830 1386 1849 c.
1414 1819 1471 1851 17:
1508 1821 1657 1850 alacritas
1681 1821 1789 1859 sutilis.

1031 1862 1118 1894 Hinc
1132 1863 1308 1902 Bentleius‚
1333 1862 1426 1894 simul
1442 1863 1597 1902 offensm,
1616 1863 1703 1906 quod
1721 1866 1788 1895 ala-

1031 1910 1124 1939 critas
1141 1908 1291 1950 epitheto
1312 1910 1378 1940 ulla
1395 1908 1518 1939 donata
1537 1908 1589 1944 sit,
1616 1919 1713 1950 quum
1732 1920 1788 1940 ce-

1029 1959 1099 1984 tera
1129 1953 1185 1984 illa
1206 1957 1323 1993 melas,
1348 1954 1528 1993 aeyriludo,
1551 1955 1645 1984 libido
1669 1964 1707 1984 eo
1733 1966 1789 1984 ca-

1028 2003 1143 2037 reant,
1169 1997 1342 2039 legendum
1365 1997 1516 2029 coniicit:
1542 2000 1606 2029 sine
1630 2000 1790 2030 alacritate

1028 2043 1130 2082 sutili,
1176 2046 1240 2074 sine
1272 2044 1408 2074 libidine.
1463 2043 1601 2084 Propius
1640 2054 1658 2073 a
1691 2042 1787 2075 codd.

1029 2086 1189 2128 scriptura
1209 2087 1382 2118 discedunt
1401 2087 1463 2118 hae
1482 2087 1706 2118 coniecturae:
1734 2090 1788 2118 illa

1032 2130 1187 2173 (Nissen.)
1203 2155 1210 2168 ‚
1246 2134 1340 2162 stulta
1366 2131 1518 2174 ffloulr),
1556 2142 1641 2163 vana
1667 2133 1789 2174 (Dav)

1030 2178 1094 2213 At,
1131 2175 1347 2206 renitentibus
1372 2176 1521 2206 omnibus
1546 2176 1636 2207 libris
1661 2183 1694 2207 et
1717 2176 1790 2207 cdi-

1030 2218 1072 2249 tis
1096 2226 1130 2250 et
1149 2219 1291 2261 sci·iptiS‚
1317 2226 1351 2250 et
1375 2220 1481 2251 Nonio
1506 2218 1624 2261 p.457‚
1645 2219 1689 2259 6.,
1715 2220 1790 2251 vnl—

1030 2270 1105 2304 gata
1128 2276 1193 2295 non
1215 2264 1438 2303 sollicitanda,
1473 2264 1668 2305 praesertim
1692 2275 1790 2307 quum

1029 2308 1110 2339 illud
1134 2312 1212 2348 ulla,
1236 2309 1289 2340 ubi
1313 2309 1512 2340 contrarium
1533 2320 1633 2351 genus
1656 2315 1790 2351 pertur—

1028 2353 1197 2385 bationum
1220 2353 1385 2396 sequitur,
1420 2353 1568 2385 additum
1588 2353 1650 2392 sit,
1673 2360 1706 2385 et
1728 2354 1790 2385 hac

1029 2398 1215 2430 adiectione
1239 2398 1462 2430 membrorum
1493 2398 1660 2441 oppositio
1686 2399 1788 2441 magis

1029 2443 1195 2475 efferatur.

1100 2488 1296 2520 CARXVII.
1323 2490 1351 2532 §.
1367 2484 1420 2520 49.
1442 2490 1502 2520 Nec
1524 2490 1556 2520 in
1574 2490 1686 2519 misera
1708 2488 1788 2530 vila]

1030 2533 1102 2564 Nec
1120 2532 1153 2564 in
1175 2532 1293 2564 misera
1313 2532 1381 2564 vita
1404 2543 1467 2564 nec
1488 2532 1522 2563 in
1544 2544 1602 2570 ea,
1629 2543 1712 2575 quae
1728 2544 1789 2563 nec

1030 2577 1148 2609 misera
1181 2577 1224 2608 sit
1272 2589 1332 2609 nec
1367 2577 1485 2614 beata,
1525 2577 1695 2620 quicquam
1740 2584 1789 2608 est

1030 2622 1270 2665 praedicabile3
1307 2629 1340 2653 et
1363 2623 1420 2664 (τε
1432 2624 1537 2661 atqui,
1561 2633 1590 2654 v.
1612 2621 1653 2652 ad
1677 2622 1732 2652 111.
1756 2621 1788 2663 7,

1033 2665 1096 2708 14.)
1121 2667 1155 2698 id
1176 2666 1287 2709 negari
1306 2666 1438 2710 nequit,
1464 2677 1534 2697 esse
1554 2666 1586 2696 in
1610 2665 1789 2696 nonnullo-

1031 2723 1102 2743 rum
1133 2711 1301 2743 hominum
1325 2710 1544 2754 praedicabile
1576 2710 1716 2752 aliquid3
1755 2710 1789 2741 id

1034 2756 1281 2799 (praedicabile)
1317 2755 1416 2798 igitur
1450 2754 1530 2786 nihil
1561 2755 1649 2786 aliud
1677 2761 1789 2797 potest

1033 2812 1113 2840 esse,
1139 2801 1199 2832 nisi
1221 2800 1288 2832 vita
1309 2801 1415 2832 beata.
1450 2799 1525 2830 Vita
1549 2806 1659 2831 autem
1681 2800 1788 2836 beata,

1033 2857 1116 2888 quae
1146 2845 1374 2888 praedicetur,
1411 2843 1525 2875 eadem
1558 2851 1606 2876 est
1630 2845 1788 2878 honestaz

1034 2890 1123 2933 quod
1157 2890 1219 2922 nisi
1250 2897 1318 2929 est,
1354 2889 1442 2921 aliud
1474 2889 1587 2920 melius
1618 2901 1688 2921 esse
1722 2889 1791 2920 vitei

1033 2934 1130 2966 beata
1168 2945 1301 2967 necesse
1329 2939 1398 2973 θεῖς
1438 2933 1501 2965 hoc
1533 2940 1641 2966 autem
1677 2934 1789 2966 melius
