1863 3221
207 85 290 129 456

211 173 356 215 iudicet
380 173 590 228 pertinere.
653 166 750 207 Item
775 166 821 206 de
857 165 991 205 dolore
1015 172 1122 205 certa
1146 165 1286 215 habet,
1332 179 1431 219 quae
1455 174 1664 221 sequatur,
1710 181 1777 207 cu-

215 247 309 288 ius1
347 243 648 299 magnitudinem
688 239 879 279 brevitate
912 238 1160 288 consolatur,
1204 238 1525 292 longinquitatem
1563 240 1776 280 levitate¹.

710 88 872 122 LIBER
897 88 937 120 V.
961 87 1026 127 31,
1051 84 1105 118 89.
1132 86 1195 126 32,
1221 86 1277 120 90.

217 326 287 361 89.
323 317 435 371 Qui2
464 314 613 355 tandem
639 313 702 352 isti
725 310 971 365 grandiloqui
994 317 1131 350 contra
1152 311 1245 350 haec
1268 311 1365 360 duo,
1399 326 1496 365 quae
1520 312 1688 352 maxime
1713 326 1782 351 au—

219 399 337 446 gunt,
377 388 515 429 melius
541 388 616 425 sc³
644 384 808 434 habent,
843 398 953 437 quam
976 382 1195 438 Epicurus?
1228 397 1276 423 an
1300 383 1345 422 ad
1370 391 1525 434 cetera,
1560 397 1658 437 quae
1682 384 1782 423 mala

221 469 425 519 putantur,
459 473 536 499 non
560 465 598 497 et
622 456 816 511 Epicurus
843 463 882 496 et
907 456 1046 510 reliqui
1066 455 1280 510 philosophi
1305 456 1400 496 satis
1425 456 1549 510 parati
1575 456 1785 496 videntur?

222 535 321 589 Quis
356 547 431 573 non
460 536 723 586 paupertatem
748 529 998 570 extimescit?
1056 527 1198 582 Neque
1224 535 1352 568 tamen
1382 529 1583 583 quisquam
1615 528 1784 583 philoso—

223 608 400 661 phorum.

332 675 520 718 XXXII.

224 752 332 793 tenui
349 751 455 792 victu
481 750 591 804 plura
616 748 728 788 dixit.

583 675 657 716 Hic
684 689 778 717 vero
803 675 886 729 ipse
914 689 1025 728 quam
1055 688 1176 728 parvo
1210 681 1269 714 est
1301 675 1534 714 contentus!
1578 672 1708 714 Nemo
1741 674 1787 713 de

791 746 948 787 Etenim
977 760 1076 801 quae
1101 761 1165 787 res
1196 747 1383 802 pecuniae
1418 746 1665 801 cupiditatem
1692 747 1787 786 affe·

227 831 340 874 runt,
374 831 415 864 ut
435 822 583 872 amori,
618 828 658 862 ut
680 820 903 870 ambitioni,
939 827 979 860 ut
999 820 1233 873 quotidianis
1256 819 1471 874 sumptibus
1492 820 1627 874 copiae
1649 833 1787 874 suppe-

227 904 331 947 tant,
365 911 480 950 quum
504 894 638 949 procul
658 894 704 933 ab
728 893 805 933 iisl
832 892 1009 932 omnibus
1034 892 1151 932 rebus
1173 893 1297 942 absit,
1332 906 1401 932 cur
1421 892 1623 947 pecuniam
1647 906 1787 946 magno

227 983 344 1024 opere
375 968 569 1008 desideret
607 967 669 1006 vel
708 965 859 1019 potius,
903 968 1006 1004 cur²
1042 972 1153 1004 curet
1184 965 1367 1004 omnino?
1426 971 1495 1004 90.
1530 964 1594 1004 An
1619 963 1788 1019 Scythes

227 1039 469 1082 Anacharsis
488 1039 611 1094 potuit
630 1052 698 1092 pro
719 1038 837 1077 nihilo
857 1036 1059 1091 pecuniam
1080 1037 1247 1088 ducere3
1280 1044 1476 1077 nostrates
1495 1036 1789 1100 philosophixfa-

322 1152 337 1184 1
366 1164 396 1185 v.
420 1150 503 1182 Adn.
550 1149 572 1181 2
597 1149 651 1181 Sic
673 1151 727 1181 Or.
743 1161 770 1180 c.
784 1150 821 1180 R.
838 1150 873 1180 P.
893 1148 980 1179 Gud.
997 1147 1027 1179 1.
1051 1149 1091 1180 II.
1113 1148 1248 1191 aliisque
1266 1147 1377 1179 multis
1399 1159 1460 1190 pro
1482 1147 1568 1191 vulg.
1590 1151 1675 1200 quid.
1720 1150 1789 1181 Ea-

229 1198 305 1230 dem
326 1197 359 1228 in
383 1196 480 1228 codd.
505 1195 656 1227 confusio
680 1196 704 1226 Ι.
724 1191 756 1232 6,
784 1192 834 1226 12.
873 1193 925 1225 Cf.
949 1195 1088 1233 Madvig.
1104 1195 1222 1236 Opusc.
1247 1192 1339 1224 acad.
1362 1192 1418 1224 alt.
1438 1204 1471 1234 p.
1490 1190 1567 1224 265.
1613 1193 1635 1225 ὀ
1660 1206 1689 1224 v.
1704 1194 1788 1226 Adn.

230 1243 380 1275 XXXII.
432 1241 446 1272 1
477 1241 514 1272 R.
540 1241 574 1271 P.
600 1239 685 1271 Gud.
703 1238 731 1270 1.
759 1239 844 1270 11.b.
867 1238 986 1280 aliique
1011 1240 1078 1277 his;
1101 1245 1135 1269 at
1158 1250 1186 1268 v.
1207 1238 1249 1269 ad
1273 1239 1296 1269 l.
1315 1236 1347 1276 3,
1374 1238 1406 1269 5.
1452 1236 1474 1268 2
1501 1237 1555 1269 Sic
1573 1240 1627 1269 Or.
1653 1250 1678 1270 c.
1700 1239 1737 1270 R.
1751 1240 1786 1271 P.

233 1287 300 1331 (hic
318 1289 451 1319 curreret
472 1296 533 1328 pro
554 1295 609 1317 cur
630 1284 726 1326 curet)
751 1283 835 1315 Gud.
860 1283 890 1314 1.
914 1284 953 1314 ΙΙ.
981 1282 1011 1313 b.
1036 1282 1171 1325 aliisque
1190 1282 1317 1321 multis3
1345 1282 1430 1324 vulg.
1456 1292 1520 1313 om.
1546 1293 1612 1314 cur.

1027 1361 1101 1392 sidii
1125 1360 1167 1392 ad
1190 1360 1291 1392 vitam
1318 1361 1460 1392 beatam.
1511 1360 1609 1399 Quod
1641 1360 1687 1392 ita
1720 1372 1789 1392 esse

1029 1417 1068 1436 ex
1093 1416 1130 1436 eo
1153 1405 1368 1447 intelligitur,
1404 1404 1493 1448 quod
1518 1405 1792 1447 philosophorum

1028 1460 1125 1481 nemo
1149 1449 1333 1481 extimescit
1358 1462 1415 1488 ea,
1452 1461 1534 1491 quae
1567 1449 1608 1480 ab
1641 1450 1698 1488 iis,
1737 1450 1791 1492 qui

232 1367 321 1397 Orat.
346 1366 397 1403 Il,
425 1363 485 1397 35:
524 1374 639 1401 omne,
677 1361 766 1404 quod
799 1360 990 1404 eloquimur,

232 1412 402 1449 eloquimur
424 1412 486 1447 sic,
522 1415 557 1439 ut
581 1418 651 1438 esse
679 1409 821 1438 dicamus
846 1406 900 1443 id,
937 1411 993 1436 aut

234 1465 300 1485 nou
325 1465 405 1484 esse.
452 1453 494 1483 N.
519 1454 559 1483 D.
585 1453 625 1482 ΙΙ.
649 1450 711 1485 ¹23.
737 1450 798 1483 61:
834 1461 886 1481 res
910 1449 993 1492 ipsa,

232 1498 264 1529 in
287 1509 349 1540 qua
369 1497 417 1528 vis
438 1497 524 1528 inest
543 1496 647 1527 maior
669 1495 786 1537 aliqua,
812 1497 855 1526 sic
875 1494 994 1536 appel-

232 1543 328 1579 latur,
354 1549 389 1572 ut
411 1554 448 1573 ca
470 1542 540 1583 ipsa
561 1542 734 1572 nominetur
755 1539 843 1570 deus.
887 1540 936 1569 De
960 1550 994 1570 re

235 1587 279 1619 cf.
305 1586 400 1628 Diog.
425 1587 463 1617 L.
486 1587 538 1623 X,
570 1583 767 1616 124—126.
792 1583 862 1616 159.

299 1634 386 1663 cuius
418 1631 662 1671 magnitudinem
690 1631 834 1660 brevitate
857 1630 995 1660 consola-

234 1676 296 1719 tur]
324 1676 377 1707 Sic
402 1678 455 1706 Or.
479 1674 520 1705 de
547 1673 651 1704 Bentl.
678 1673 885 1711 coniectura,
912 1683 995 1715 quae

234 1720 445 1752 confirmatur
467 1719 572 1749 tribus
598 1720 677 1748 Oxx.
726 1717 855 1760 Reliqui
881 1729 994 1748 omnes

234 1776 295 1808 pro
320 1768 408 1796 cuius
431 1763 554 1795 habent
577 1772 717 1802 quorum.
764 1763 856 1793 Haec
879 1773 995 1793 corru—

234 1809 322 1852 ptela
355 1821 394 1840 ex
426 1808 559 1850 antiqua
591 1806 754 1848 scriptura
777 1809 887 1846 quoius
919 1812 996 1837 nata

233 1853 364 1884 videtur
388 1851 573 1885 Bouhierio.
620 1853 760 1882 Klotzius
781 1851 813 1882 in
837 1851 887 1882 ed.
910 1851 994 1883 reti-

234 1898 304 1929 nuit
327 1908 457 1938 quorum
488 1897 586 1939 idque
614 1896 659 1926 ita
685 1895 857 1934 defendit,
894 1902 930 1926 ut
954 1895 997 1926 ad

233 1947 316 1974 certa
336 1953 414 1982 quae
434 1946 581 1982 sequatur
601 1940 799 1977 referretur3
832 1940 890 1971 sed
910 1951 997 1971 nunc

233 1987 265 2018 in
287 1987 372 2018 Add.
395 1999 427 2029 p.
446 1987 510 2018 20¹3
523 1997 570 2028 sq.
598 1985 639 2016 ad
664 1985 801 2016 Bentleii
825 1985 996 2017 coniectu—

233 2043 302 2062 ram
326 2031 484 2062 inclinare
508 2030 648 2061 videtur.

301 2077 437 2116 levitate]
471 2074 525 2105 Sic
553 2076 607 2104 Or.
633 2085 658 2105 c.
683 2075 715 2104 P.
742 2073 826 2104 Gud.
853 2074 881 2105 1.
904 2075 943 2104 Π.
963 2073 994 2105 2.

233 2118 369 2161 aliisque
387 2118 499 2149 multis
516 2124 549 2148 et
566 2117 713 2148 omnibus
733 2118 803 2147 fere
824 2117 899 2148 edd.
915 2125 995 2149 vett.

234 2170 311 2195 ante
334 2163 458 2201 Gebh.3
495 2162 567 2200 alii,
604 2161 702 2192 etiam
725 2163 819 2200 Vah,
855 2164 995 2201 lenitat65

234 2208 274 2239 R.
300 2210 464 2247 laenitate5
497 2213 530 2238 at
555 2212 644 2237 recte
671 2208 802 2238 Orellius
827 2213 996 2247 comparat

237 2252 306 2283 Fin.
336 2253 374 2283 II.
399 2252 460 2289 29,
486 2249 546 2283 94:
582 2253 783 2290 lonyinquum
817 2250 993 2293 (dolorem)

235 2299 331 2329 levem
351 2295 471 2327 dicitis.
506 2295 601 2326 Adde
623 2295 735 2325 Pin.1.
756 2296 806 2333 1⁴2,
825 2294 885 2327 40:
911 2297 997 2326 dolor

234 2343 264 2372 in
289 2343 510 2381 longinquitate
531 2342 616 2372 levis.
646 2340 684 2370 II.
706 2339 736 2376 7,
758 2340 818 2371 ⁴22:
844 2339 869 2370 si
891 2339 997 2381 gravis

236 2385 367 2426 tdolor)
389 2385 507 2421 brevis,
530 2385 555 2415 si
572 2386 777 2425 longuslevis.
818 2385 866 2415 De
879 2395 913 2415 re
928 2384 998 2425 ipsa

236 2430 279 2461 cf.
304 2429 399 2471 Diog.
420 2430 458 2460 L.
481 2430 526 2470 X,
548 2427 619 2461 140.
645 2435 677 2460 et
697 2430 837 2469 Madvig.
863 2428 905 2460 ad
926 2429 997 2460 Fin.

237 2475 259 2504 1.
291 2475 349 2512 12,
375 2474 428 2506 40.
452 2485 483 2516 p.
502 2475 544 2505 δι’)
561 2485 608 2515 sq.

303 2517 395 2559 §09-
419 2518 631 2560 grandiloqui]
655 2517 769 2558 Stoici,
795 2517 850 2560 qui
868 2517 997 2560 magni-

236 2560 296 2592 fice
321 2561 362 2591 de
387 2562 507 2593 virtute
532 2562 759 2604 loquebantur.
806 2565 974 2595 Erneslius.

300 2607 410 2637 melius
423 2616 453 2636 se
468 2607 591 2647 habent]
615 2608 690 2637 Ern.
709 2606 832 2637 delevit
844 2617 886 2647 se,
907 2607 997 2650 quod

235 2650 328 2682 abest
350 2661 367 2681 a
391 2649 476 2680 Gud.
492 2653 522 2680 22.
548 2650 644 2681 Vind.
664 2654 693 2681 2.
718 2659 749 2682 et
774 2652 995 2693 compluribus

235 2696 316 2725 Oxx.
361 2698 403 2725 At
422 2693 475 2724 hic
495 2694 666 2724 reflexivus
689 2706 763 2726 usus
788 2696 876 2738 apud
901 2696 997 2727 Cice-

235 2748 350 2771 ronem
373 2738 553 2770 rarissimus
576 2744 635 2768 est.
677 2739 726 2769 Cf.
753 2740 781 2774 G.
799 2742 862 2773 &55
888 2742 998 2772 habere

235 2793 266 2815 se
290 2782 441 2816 videntur
464 2785 636 2822 anyustius.

1028 1494 1238 1537 philosophia
1262 1506 1328 1526 non
1353 1501 1428 1525 sunt
1451 1494 1585 1532 imbuti,
1618 1494 1703 1525 mala
1726 1506 1792 1536 pu·-

1028 1546 1159 1573 tantum
1186 1546 1220 1569 ut
1238 1539 1301 1570 hoc
1317 1545 1408 1570 utar:
1436 1550 1549 1570 omnes
1568 1539 1687 1569 timent
1707 1550 1792 1581 pau-

1030 1591 1213 1626 pertatem,
1238 1583 1532 1625 philosophorum,
1566 1595 1791 1626 quamcunque

1029 1635 1198 1659 sectantur
1222 1627 1448 1669 disciplinam,
1473 1639 1579 1659 nemo.

1108 1672 1184 1704 CAP.
1205 1674 1358 1704 XXXII.
1396 1674 1423 1715 §.
1446 1673 1500 1705 90.
1549 1675 1675 1712 Scythes
1706 1675 1792 1705 Ana-

1030 1717 1161 1760 charsis]
1176 1717 1411 1748 Attributivum
1426 1719 1550 1755 Scythes
1563 1728 1635 1748 cum
1648 1717 1678 1748 vi
1692 1729 1792 1760 prae—

1030 1762 1163 1793 missum
1186 1768 1254 1803 est,
1290 1761 1364 1804 quia
1388 1761 1568 1804 opponitur
1589 1762 1695 1793 verbis
1720 1773 1789 1804 seq.

1029 1810 1179 1838 nostrates
1199 1809 1392 1846 philosophi,
1425 1806 1458 1837 h.
1484 1817 1511 1836 e.
1543 1817 1609 1837 non
1634 1807 1791 1838 barbarae

1031 1851 1138 1893 gentis
1161 1851 1217 1893 ph.
1265 1850 1424 1893 Postponi
1448 1850 1534 1882 solet
1561 1862 1680 1882 nomen
1708 1862 1790 1893 pro—

1030 1895 1154 1938 prium,
1184 1896 1236 1927 ubi
1261 1906 1325 1927 non
1347 1895 1380 1926 in
1405 1905 1464 1933 e0,
1495 1895 1553 1926 sed
1575 1895 1607 1926 in
1631 1896 1791 1927 attributo

1029 1940 1214 1971 sententiae
1238 1941 1367 1982 pondus
1393 1940 1610 1979 collocatum,
1649 1947 1682 1972 et
1710 1940 1790 1971 illud

1030 1985 1105 2016 huic
1130 1985 1357 2027 explicationis
1382 1996 1493 2016 caussa
1517 1985 1704 2026 appositum
1730 1992 1788 2016 est.

1032 2032 1136 2071 Supra
1158 2042 1184 2062 c.
1206 2030 1255 2068 19,
1279 2031 1339 2062 55:
1367 2029 1468 2060 Cinna
1492 2032 1624 2070 collegae
1639 2032 1698 2070 sui,
1722 2040 1793 2062 con-

1030 2077 1105 2105 sulis
1130 2077 1186 2106 Gn.
1211 2077 1351 2114 Octauii,
1387 2074 1532 2115 praecidi
1564 2081 1660 2116 caput
1690 2074 1793 2106 iussit.

1031 2118 1125 2149 Offic.
1154 2120 1174 2149 I.
1203 2120 1258 2156 10,
1283 2120 1343 2151 32:
1371 2121 1499 2151 Theseus
1522 2121 1577 2160 (sc.
1599 2119 1706 2161 pater)
1731 2121 1795 2159 filio

1029 2165 1196 2202 Hippolyto
1232 2174 1297 2194 non
1334 2170 1419 2193 esset
1453 2163 1595 2194 orbatus.
1654 2163 1723 2194 Fin.
1751 2165 1791 2195 ΙΙ.

1034 2206 1084 2243 16,
1100 2205 1161 2238 54:
1187 2207 1320 2238 decreta
1335 2218 1353 2237 a
1369 2211 1478 2238 senatu
1495 2214 1543 2237 est
1556 2210 1673 2238 consuli
1691 2219 1791 2250 quae-—

1031 2250 1095 2281 stio
1121 2250 1177 2283 Cn.
1203 2251 1371 2293 Caepioni.
1408 2252 1447 2282 V.
1470 2254 1611 2283 Beierum
1632 2251 1674 2282 ad
1694 2252 1791 2283 offic.

1033 2296 1073 2326 II.
1101 2293 1152 2333 14,
1174 2296 1228 2327 50.
1255 2296 1354 2338 p.97.
1383 2298 1535 2327 Krilzium
1559 2295 1601 2326 ad
1622 2296 1700 2328 Sall.
1721 2297 1791 2328 Cat.

1033 2340 1085 2377 51,
1110 2340 1140 2371 5.
1168 2341 1233 2382 Ing.
1260 2340 1310 2376 19,
1328 2340 1358 2372 7.
1384 2352 1415 2381 p.
1434 2341 1511 2371 125:
1539 2341 1660 2372 Mauris
1683 2341 1793 2373 omni-

1033 2384 1092 2415 bus
1127 2395 1182 2416 rex
1214 2387 1352 2417 Bocchus
1383 2384 1595 2426 imperitabat
1632 2386 1794 2428 (,‚quippe

1033 2429 1196 2460 sententia
1219 2436 1285 2460 est:
1323 2430 1454 2460 Mauros
1474 2432 1558 2469 re9io
1579 2432 1708 2470 imperz'o
1730 2442 1793 2472 gu—

1033 2473 1172 2511 bernari,
1198 2473 1297 2516 idque
1316 2481 1395 2505 tunc
1416 2474 1559 2505 tenuisse
1579 2475 1793 2515 Bocchum“).

1034 2520 1174 2550 Oetonem
1202 2518 1245 2549 ad
1274 2518 1344 2549 Fin.
1372 2520 1425 2550 III.
1449 2519 1490 2557 2,
1515 2519 1544 2552 7.
1593 2521 1727 2551 Kzthner.
1753 2519 1791 2550 L.

1034 2563 1090 2595 Gr.
1118 2563 1145 2604 §.
1167 2561 1247 2601 166,
1273 2560 1304 2595 4.
1326 2563 1368 2601 e).

1098 2609 1199 2647 facere
1220 2618 1282 2640 non
1301 2607 1505 2650 potuerunt?]
1529 2607 1671 2639 Verbum
1692 2608 1793 2646 facere

1034 2652 1167 2684 Davisio
1191 2663 1261 2683 cum
1285 2652 1355 2683 aliis
1379 2652 1583 2693 glossematis
1605 2658 1793 2694 suspectum

1033 2696 1180 2732 videtur,
1210 2703 1242 2727 et
1263 2708 1341 2727 sane
1365 2696 1457 2727 abest
1480 2696 1519 2727 ab
1544 2707 1607 2726 uno
1631 2698 1690 2726 Ox.
1738 2700 1791 2735 At,

1032 2747 1065 2772 ut
1090 2741 1132 2771 ad
1153 2742 1207 2772 IV.
1227 2739 1276 2778 14,
1294 2741 1348 2773 31.
1371 2741 1548 2777 docuimus,
1574 2740 1638 2771 hoc
1657 2740 1792 2772 verbum

1030 2797 1129 2827 saepe
1149 2785 1229 2816 alius
1249 2785 1340 2816 verbi
1356 2785 1443 2816 vices
1462 2784 1612 2817 sustinet.
1646 2787 1792 2828 Sequens

300 2830 401 2868 Neque
421 2831 523 2858 lamen
543 2829 722 2867 quisquam]
751 2829 993 2860 Sententiarum
1027 2834 1214 2870 potuerunt,
1239 2829 1329 2873 quod
1350 2836 1398 2860 est
1420 2829 1453 2860 in
1475 2829 1514 2859 R.
1537 2830 1568 2860 P.
1597 2829 1681 2861 Gud.
1703 2831 1731 2862 1.
1754 2831 1793 2861 11.

233 2883 352 2903 nexus:
379 2872 490 2904 Virtus
507 2870 686 2902 secundum
708 2881 820 2902 omnes
840 2873 993 2914 philoso-
1030 2874 1165 2917 aliisque
1199 2880 1232 2905 et
1264 2874 1298 2905 in
1332 2872 1479 2916 plurimis
1511 2873 1586 2904 edd.
1619 2881 1699 2905 vett.
1732 2885 1793 2916 ego

233 2916 374 2958 phorum
387 2915 575 2960 disciplinas
591 2914 669 2947 satis
683 2914 716 2946 in
730 2926 765 2946 se
780 2915 879 2947 habet
892 2928 991 2958 prae-

1029 2918 1200 2957 revoeavi,
1237 2925 1270 2951 et
1291 2929 1394 2960 nuper
1423 2917 1521 2949 etiam
1543 2929 1562 2950 a
1590 2920 1797 2959 Wesenberyio
