1832 3137
600 108 765 141 Lmen
791 109 829 141 v.
855 107 919 148 37,
947 106 1021 142 106.
1046 107 1119 142 107.
1552 105 1633 148 467

182 182 410 226 XXXVII.
447 191 542 227 106.
578 184 814 242 Contempto
839 188 958 241 igitur
977 188 1141 239 honore,
1175 195 1395 245 contempta
1419 191 1534 232 etiam
1562 208 1627 248 pe-

68 257 205 308 cunia,
239 258 329 311 quid
352 258 608 312 relinquitur,
643 261 742 312 quod
761 260 1093 301 extimescendum
1119 261 1197 302 sit?
1237 261 1456 315 Exsilium,
1491 266 1624 317 credo,

67 330 165 384 quod
190 329 227 370 in
252 330 434 371 maximis
458 331 568 372 malis
591 332 756 372 ducitur.
819 330 860 372 Id
879 333 910 372 si
934 340 1092 387 propter
1111 334 1276 375 alienam
1299 343 1339 376 et
1355 337 1539 377 offensam
1560 353 1626 392 po-

66 403 142 457 puli
170 403 408 443 voluntatem
444 404 586 444 malum
617 411 698 454 est,
742 418 854 458 quam
884 405 935 444 sit
962 419 1007 445 ea
1035 408 1341 457 contemnenda,
1387 410 1514 463 paullo
1535 418 1625 452 ante

66 475 208 515 dictum
231 483 306 516 est.

65 548 218 589 vinciae
243 555 355 598 sunt,
399 563 450 589 ex
480 550 616 603 quibus
642 550 842 589 admodum
868 550 977 603 pauci
1009 551 1047 589 iu
1077 553 1238 604 patriam
1269 567 1338 593 rev
1344 561 1536 595 eituntur.
1570 580 1623 586 —

370 475 440 517 Sin
467 477 605 517 abesse
629 477 749 532 patria
766 481 782 504 1
806 477 988 517 miserum
1011 485 1069 518 est
1084 510 1094 528 ,
1128 480 1263 533 plenae
1284 480 1513 522 miserorum
1536 497 1624 538 pro-

64 620 119 660 At
144 621 355 661 multantur
383 622 494 662 bonis
521 623 696 662 exsules.
720 646 776 651 —-
829 628 922 662 107.
958 621 1059 675 Quid
1087 625 1192 663 t.um
1223 639 1406 678 parumne
1432 629 1547 667 multa
1576 629 1622 669 de

65 694 265 734 toleranda
286 702 512 748 paupertate
532 694 738 734 dicuntur?
785 692 866 734 Iam
888 707 983 734 vero
1001 695 1200 745 exsilium,
1227 697 1258 735 si
1279 710 1408 737 rerum
1428 706 1619 751 naturam,

62 780 139 806 non
158 767 406 820 ignominiam
428 767 594 806 nominis
612 766 850 820 quaerimus,
885 774 1066 826 quantum
1089 768 1240 807 demum
1260 771 1312 806 :12
1335 777 1518 823 perpetua
1535 785 1622 825 per·

62 839 305 892 egrinatione
331 839 487 879 differt?
530 839 568 878 in
604 853 675 892 qua
702 846 850 879 aetates
886 853 976 879 suas
1011 840 1226 894 philosophi
1263 840 1491 881 nobilissimi
1529 857 1622 883 con-

59 919 333 966 sumpserunt,
368 910 641 961 Xenocrates,
678 910 872 963 Crantor,
906 913 1130 962 Arcesilas,
1173 911 1379 967 Lacydes,
1423 915 1620 956 Aristote-

58 984 137 1034 les,
169 984 489 1039 Theophrastus,
524 983 660 1035 Zeno,
695 983 931 1035 Cleanthes,
966 983 1225 1039 Chrysippus,
1260 985 1484 1038 Antipater,
1520 985 1618 1028 Car-

58 1057 217 1107 neades,
250 1056 479 1107 Panaetius,
515 1055 797 1107 Clitomachus,
830 1056 959 1108 Philo,
993 1057 1235 1108 Antiochus,
1269 1056 1526 1109 Posidonius,
1560 1060 1618 1100 iu-

58 1130 319 1170 numerabiles
340 1130 403 1170 alii
421 1133 457 1180 ³,
497 1129 559 1184 qui
585 1130 706 1169 semel
728 1130 878 1183 egressi
903 1145 1095 1184 nunquam
1125 1131 1276 1170 domum
1313 1134 1612 1172 reverterunt4.

56 1201 113 1242 At
132 1205 234 1242 enim
260 1202 344 1243 sine
364 1203 608 1256 ignominia5
645 1204 666 1227 ¹*
698 1203 719 1226 *
751 1203 771 1226 *
802 1203 954 1243 afficere
978 1204 1220 1256 sapientem?
1251 1203 1296 1242 de
1316 1204 1491 1257 sapiente
1512 1204 1614 1244 enim

122 1315 302 1346 XXXVII.
323 1313 337 1346 1
364 1326 393 1346 v.
411 1314 494 1347 Adn.
530 1313 629 1345 2P10
642 1316 765 1346 demum
788 1325 807 1346 a
829 1325 914 1354 perp.
929 1314 1051 1345 habent
1073 1316 1192 1346 damna
1213 1325 1300 1354 perp.
1321 1316 1356 1346 R.
1372 1316 1404 1346 P.
1427 1315 1511 1346 Gud.
1528 1315 1554 1346 1.
1572 1318 1611 1346 Π.

56 1358 126 1399 (hic
145 1360 302 1401 dampna)
328 1359 597 1390 Mon.1.h‘t·.lub
612 1359 749 1401 iliique·
774 1360 803 1389 V
805 1366 848 1390 lt.
870 1361 1126 1398 damnaaperp.
1151 1360 1189 1390 V
1207 1359 1290 1389 A.tlu
1337 1359 1358 1390 3
1384 1360 1485 1392 Rehd.
1504 1360 1613 1392 Duisb.

53 1407 81 1435 et
101 1406 220 1436 innam.
232 1414 242 1443 ‚·
277 1415 357 1434 unus
387 1405 445 1434 Ox.
465 1406 784 1445 innumerabilesque;
819 1409 854 1434 at
877 1414 906 1434 v.
927 1402 969 1433 ad
993 1404 1045 1433 [V.
1067 1402 1133 1440 31,
1157 1399 1211 1433 66.
1270 1402 1292 1434 4
1316 1403 1370 1433 Sic
1392 1405 1445 1435 Or.
1470 1416 1496 1434 c.
1519 1405 1554 1434 R.
1579 1406 1611 1435 Ρ.

56 1447 141 1479 Gud.
168 1447 195 1479 1.
220 1449 261 1479 11.
286 1448 394 1480 Mai-b.
420 1447 521 1479 Rehd.
547 1447 658 1479 Duisb.
681 1455 714 1479 et
740 1447 791 1478 ed.
817 1448 856 1478 D.
887 1458 948 1489 pro
980 1446 1065 1488 vulg.
1090 1450 1248 1478 revertere.
1306 1447 1410 1478 V.ad
1444 1449 1484 1479 Il.
1512 1447 1549 1486 1,
1573 1447 1613 1486 45

55 1504 136 1524 unus
161 1492 244 1524 Gud.
266 1490 298 1523 2.
323 1495 437 1524 reversi
458 1496 548 1524 sunt:
582 1491 623 1524 dc
650 1504 713 1535 qua
736 1492 841 1523 forma
862 1503 880 1523 a
904 1471 1069 1523 Ciceronois
1092 1490 1330 1522 consuetudine
1352 1503 1484 1533 prorsus
1508 1492 1614 1525 aliena

55 1549 88 1569 v.
113 1548 173 1569 nos
194 1537 227 1568 in
254 1537 311 1568 Gr.
336 1538 374 1568 L.
400 1539 427 1581 ξ.
451 1535 505 1568 61.
532 1537 613 1568 Not.
659 1537 680 1569 ὃ
704 1549 735 1569 v.
754 1537 839 1568 Adn.

119 1606 228 1644 paullo
250 1603 334 1646 ante]
362 1604 400 1634 V.
426 1602 565 1646 cap.36.

123 1651 227 1680 abesse
246 1647 367 1691 patria]
394 1647 478 1679 Edd.
501 1654 582 1680 vett.
608 1648 678 1679 sere
703 1659 815 1680 omnes

55 1700 90 1725 et
108 1699 264 1736 quattuor
286 1693 364 1724 Pall.
377 1695 426 1724 ab.
449 1703 469 1724 α
491 1697 594 1732 patr..
591 1704 597 1710 ·
622 1692 711 1743 quofl
734 1704 814 1735 pro-

850 1603 917 1646 psit
938 1606 1025 1635 nobis
1043 1602 1113 1634 sine
1136 1613 1168 1642 a,
1194 1614 1264 1633 cum
1283 1604 1416 1634 Wesenb.
1437 1602 1502 1634 l.d.
1527 1606 1614 1636 nobis

850 1659 911 1690 pro
934 1648 1047 1679 dativo
1069 1647 1297 1690 accipiendum
1317 1654 1376 1684 est,
1404 1654 1438 1678 ut
1458 1650 1497 1680 iis
1520 1648 1612 1680 Caes.

853 1693 893 1724 G.
920 1692 1022 1730 1,36
1046 1694 1136 1723 verbo
1163 1692 1233 1724 Liv.
1260 1691 1476 1728 1Χ.1)15.

53 1738 112 1770 bat
129 1740 314 1777 wesenberg.
329 1739 398 1768 Em.
420 1739 475 1769 Ill.
500 1749 533 1779 p.
547 1740 613 1776 25„
639 1737 713 1780 quia
729 1745 815 1768 stru-

53 1790 144 1815 ctura
179 1785 283 1814 abesse
305 1792 338 1814 re
369 1784 478 1822 aliqua
509 1781 597 1824 apud
625 1782 816 1813 Ciceronem

51 1827 230 1859 admodum
272 1826 371 1858 dubia
411 1826 464 1858 sit.
522 1828 561 1857 V.
597 1826 737 1858 eundem
783 1827 816 1858 in

53 1871 242 1904 Emendatt.
267 1871 334 1903 Cic.
355 1871 451 1914 epist.
474 1883 508 1914 p.
518 1870 572 1904 61.
611 1871 748 1914 Legitur
771 1870 813 1902 ‘ul

52 1917 145 1949 Fam.
167 1917 207 1947 V.
231 1917 287 1954 15,
313 1915 352 1948 4:
389 1916 476 1954 „hic
507 1922 543 1947 tu
575 1926 612 1947 ea
636 1928 688 1947 me
712 1918 815 1947 abesse

54 1961 133 1993 urbe
166 1960 317 1992 miraris‘
352 1960 384 1991 in
418 1960 569 1992 omnibus
595 1960 716 1999 codd,
752 1960 813 1993 uisi

54 2006 144 2050 quod
174 2006 207 2036 in
229 2004 320 2036 Med.
340 2011 494 2048 corrupte
516 2011 566 2036 est
596 2009 667 2037 tuae
689 2007 813 2044 abesse;

53 2052 146 2083 VVes.
171 2049 256 2081 coni.
281 2054 314 2081 tu
335 2052 374 2081 ab
397 2059 433 2081 ea
462 2060 510 2082 me
531 2052 581 2081 ab.
616 2056 672 2081 aut
704 2049 813 2092 potius

53 2099 86 2127 tu
108 2105 156 2127 me
179 2096 324 2126 ubeaa.
359 2094 558 2132 Acad.1.1‚
585 2095 620 2126 1:
647 2094 812 2136 paullum-

54 2151 117 2183 que
129 2150 228 2182 quum
248 2138 315 2170 eius
335 2141 412 2170 villa
427 2142 601 2171 abessemus
620 2139 664 2180 (in
689 2138 812 2170 omnib.

55 2184 174 2222 codd.;
204 2185 280 2215 Wes.
294 2183 379 2215 coni.
400 2186 440 2214 ab
465 2183 532 2215 eius
554 2184 610 2224 v.).
640 2184 747 2223 Quum
763 2183 812 2214 his

54 2228 182 2261 duobus
204 2227 285 2260 locis
305 2227 404 2260 codd.
417 2227 459 2260 ad
482 2240 580 2260 unum
602 2239 715 2260 omnes
727 2228 814 2259 hanc

53 2281 251 2305 structuram
275 2280 448 2311 tueantur,
482 2285 524 2304 ne
553 2273 586 2304 in
610 2284 649 2305 eo
681 2272 813 2315 quidem

55 2329 150 2361 quem
182 2325 360 2349 tractamus
404 2317 480 2349 loco
513 2323 626 2349 contra
670 2317 813 2348 omnium

53 2364 125 2394 fere
146 2362 242 2394 codd.
266 2361 498 2392 auctoritatem
519 2364 559 2393 ab
580 2361 814 2392 intrudendum

53 2406 193 2438 videtur.
242 2410 283 2437 At.
315 2406 378 2437 Ott'.
406 2408 428 2437 1.
457 2404 514 2444 14,
540 2404 596 2437 43.
619 2406 688 2437 sine
713 2405 813 2436 dubio

55 2463 127 2483 cum
159 2450 378 2482 deterioribus
413 2449 510 2481 codd.
535 2450 710 2492 legendum
742 2456 812 2480 est:

56 2502 208 2535 „tantum
229 2495 322 2526 abest
341 2498 380 2527 ab
403 2494 532 2532 officio,
560 2501 594 2525 ut
616 2494 695 2526 nihil
711 2493 812 2535 magis

55 2540 169 2572 officio
189 2540 294 2583 possit
315 2551 386 2571 esse
407 2538 650 2576 contrarium,“
675 2538 749 2581 quia
768 2538 810 2569 ihi

54 2588 94 2616 ab
130 2585 172 2617 ob
204 2596 271 2627 seq.
303 2587 340 2616 ob
372 2584 469 2615 facile
506 2583 657 2614 excidere
693 2583 812 2625 potuit.

55 2630 146 2661 Fam.
165 2631 220 2661 IV.
233 2629 266 2668 6,
281 2630 315 2661 2:
343 2635 402 2667 „et
425 2630 515 2660 domo
535 2628 647 2659 absum
673 2635 705 2658 et
723 2629 801 2667 soro‘
805 2630 814 2645 ‘

55 2673 120 2706 abl.
143 2675 209 2714 foro
240 2685 300 2716 per
320 2673 552 2705 attractionem
574 2672 737 2715 quandam
769 2671 811 2702 ob

56 2718 207 2749 anteced.
226 2720 318 2750 domo
342 2718 465 2749 dictum
489 2724 538 2748 est
559 2728 620 2759 pro
646 2719 706 2757 af.
739 2716 810 2746 Ne-

56 2773 118 2805 que
151 2763 241 2794 Fam.
264 2764 340 2794 Xll.
366 2763 425 2802 1.),
448 2762 486 2795 T:
523 2761 719 2804 „tquntiitlui
750 2760 813 2791 iter

57 2808 214 2838 Laodicea
235 2808 374 2847 afuisse“
390 2807 422 2839 in
446 2806 532 2837 urbis
556 2805 688 2837 nomine
709 2804 812 2836 omis—

57 2862 127 2883 sum
152 2861 172 2882 a
195 2850 367 2883 offensioni
382 2858 495 2894 potest
511 2862 592 2882 esse.
630 2849 709 2881 lbid.
721 2850 811 2880 XX!

57 2898 98 2934 ὅ,
127 2896 153 2927 l.
186 2895 284 2937 vulgo
306 2895 445 2938 legitur:
480 2906 525 2935 ,,α
548 2895 641 2927 nobis
663 2895 812 2926 afuturus

56 2944 149 2978 est“‚
174 2939 233 2971 sed
255 2939 343 2971 Med.
367 2952 430 2973 om.
453 2951 494 2979 α.-
528 2940 554 2971 si
575 2942 616 2979 Q.
642 2938 709 2971 Cic.
729 2938 811 2970 scri-

918 1737 1036 1778 §.102
1061 1746 1163 1767 rerum
1182 1735 1344 1777 naturam]
1372 1736 1549 1778 Exspectes
1568 1740 1612 1769 rei

849 1785 1016 1820 naturam;
1040 1780 1097 1811 sed
1116 1779 1306 1822 pluralissig
1290 1779 1438 1810 oniflcazt
1457 1780 1611 1819 sirei-um,

851 1826 945 1868 quale
970 1832 1018 1856 est
1042 1824 1211 1863 exsilium,
1240 1831 1389 1855 naturam
1414 1824 1610 1866 quaerimus.

850 1872 890 1901 V.
917 1872 1076 1909 Wopkens.
1100 1869 1208 1900 Lectt.
1229 1869 1316 1901 Tull.
1342 1870 1373 1906 1,
1405 1869 1454 1901 16.
1484 1880 1514 1910 p.
1536 1868 1607 1902 1'9.

849 1915 928 1957 ibiq.
951 1916 1122 1946 nandium.

915 1963 1066 1999 quantum
1089 1959 1236 1999 demum]
1275 1954 1353 1991 όσο)
1377 1955 1421 1999 δὴ
1446 1959 1478 1991 δ’.
1470 1969 1546 2000 uqa:
1540 1957 1599 1999 ἐρ-

848 2007 990 2043 Demum,
1014 2009 1049 2034 ut
1065 2003 1121 2034 Gr.
1134 2001 1192 2044 δη
1217 2002 1316 2034 habet
1338 2002 1402 2032 vim
1423 2004 1609 2033 determina-

847 2052 955 2080 livam.
991 2046 1300 2099 Supra1.19‚-l.5:
1327 2056 1422 2086 eaque
1441 2058 1469 2077 e1
1483 2048 1607 2078 demum

848 2092 1004 2124 naturalis
1028 2100 1078 2123 est
1098 2091 1204 2131 sedes,
1222 2087 1309 2133 αὕτη
1331 2089 1389 2132 δη.
1423 2090 1518 2133 Apud
1533 2090 1608 2121 Stl-

848 2138 923 2169 lust.
955 2137 987 2168 in
1025 2137 1093 2169 Cat.
1119 2138 1182 2176 20,
1207 2134 1247 2168 4.
1285 2146 1321 2167 ea
1357 2137 1482 2167 demum
1516 2135 1607 2166 tuma

847 2182 991 2214 amicitia
1009 2188 1068 2221 est,
1085 2182 1172 2213 idem
1193 2180 1277 2212 velle
1292 2187 1389 2222 atque
1402 2180 1489 2210 idem
1506 2180 1606 2211 nolle.

848 2227 902 2259 Sic
924 2238 1005 2259 nunc
1028 2228 1171 2264 demum,
1204 2225 1258 2258 νῦν
1283 2222 1350 2265 δή,
1387 2228 1451 2254 lum
1474 2225 1609 2262 demum,

847 2269 925 2305 τότε
948 2274 967 2304 δ
969 2269 1010 2312 ’,
1036 2273 1080 2302 ita
1104 2273 1248 2310 demum,
1274 2265 1360 2302 οὕτω
1386 2266 1429 2308 δή
1444 2291 1452 2305 ,
1477 2267 1605 2299 similia.

847 2317 887 2347 V.
910 2318 1063 2353 Hartunq.
1085 2313 1217 2345 Griech.
1245 2313 1362 2344 Partik.
1389 2313 1427 2343 T.
1452 2312 1472 2342 l.
1496 2323 1528 2353 p.
1541 2313 1607 2343 2220

847 2372 939 2402 sq‹1-‚
975 2361 1135 2390 nandium
1156 2357 1472 2388 in'turse11.r.11.
1498 2368 1526 2386 v.
1553 2358 1605 2387 tle-

847 2415 944 2443 mum,
960 2403 1013 2445 qui
1034 2405 1078 2445 (p.
1090 2402 1178 2442 ²59.)
1202 2408 1280 2432 extr
1275 2415 1291 2432 ι
1311 2402 1456 2441 iuter-gio
1460 2400 1570 2431 (ἰῑίοηι
1575 2412 1604 2431 ιη

850 2449 1041 2480 Ciceronem
1062 2447 1224 2478 dictuium
1250 2446 1348 2476 luisse
1367 2445 1486 2475 docet:
1512 2448 1538 2476 si
1556 2455 1603 2476 rc-

846 2504 917 2525 rum
939 2496 1088 2524 naturam
1108 2493 1306 2531 quaerimus,
1343 2491 1420 2521 nihil
1441 2491 1561 2521 demu
1575 2499 1606 2521 m

849 2538 884 2580 [i.
909 2549 936 2568 e.
965 2548 998 2567 ne
1021 2548 1117 2573 xe1a,
1153 2532 1212 2577 δη]
1247 2537 1354 2585 differt
1380 2544 1444 2566 exs.
1467 2544 1486 2564 α
1516 2544 1548 2573 p.
1570 2544 1603 2573 p.

848 2586 890 2613 At
912 2581 1027 2612 observ
1031 2561 1152 2611 anthim
1175 2586 1244 2615 est
1279 2579 1310 2610 in
1344 2578 1604 2620 inttriogatiouc

848 2637 1005 2668 nusquam
1026 2625 1102 2656 alibi
1128 2623 1191 2665 legi
1213 2626 1358 2663 demum,
1391 2623 1449 2654 sed
1473 2634 1604 2665 sempm

845 2672 980 2702 tandem.
1038 2671 1146 2709 Quare
1169 2670 1312 2700 Davisius
1342 2668 1516 2710 legendum
1545 2678 1603 2696 su-

845 2714 1008 2756 spicatur·
1026 2718 1177 2754 quantum
1196 2714 1383 2745 tandem.-
1407 2724 1502 2754 quam
1524 2722 1600 2741 ‹ou-

846 2759 1003 2790 iecturam
1034 2759 1153 2801 probat
1180 2760 1367 2797 llesenbery.
1397 2758 1463 2787 Em.
1492 2756 1542 2785 ΙΙΙ.
1570 2766 1600 2795 p.

846 2803 911 2840 32„
936 2803 1059 2841 dicens,
1083 2814 1122 2834 ex
1145 2804 1410 2853 quanti-ttandema
1437 2799 1604 2841 tquunli'tn-

846 2849 950 2889 clema)
986 2847 1112 2880 facilius
1134 2847 1280 2890 potuisse
1304 2845 1371 2876 lieri
1392 2843 1602 2883 quemadmm-

845 2903 906 2933 na,
930 2904 1026 2945 quam
1048 2904 1087 2924 ex
1107 2891 1416 2942 quantilmdemuma.

916 2940 951 2970 Ac
973 2940 1054 2970 enim
1073 2940 1137 2970 sine
1160 2937 1328 2975 iynoiniuiu
1347 2952 1387 2956 -
1408 2933 1530 2971 afficere
1553 2941 1603 2962 ςα-

1183 2979 1284 3019 50*
