1832 3137
0 0 5 117 l

1558 85 1615 127 69

50 183 170 218 totum
199 176 340 225 inane,
376 176 595 229 frustraque
614 178 631 202 ⁷
663 176 842 216 animalia
872 183 910 216 et
933 175 1151 216 animantes
1179 175 1386 230 appellari3
1420 188 1546 229 neque
1569 176 1608 216 iu

643 95 807 129 LIBER
834 99 858 129 1.
890 96 952 137 10,
977 95 1031 130 22.

46 250 203 291 homine
238 250 368 289 inesse
400 249 568 290 animum
606 249 668 289 vel
692 248 885 301 animam,
929 248 1063 289 necin
1092 249 1240 300 bestia3
1274 248 1428 303 vimque
1456 262 1609 289 omnem

0 320 1 378 J
45 337 157 375 eam,
202 337 275 377 qua
308 323 370 363 vel
399 336 559 376 agamus
594 322 706 376 quid,
752 322 814 362 vet
841 322 1080 373 sentiamus,
1114 322 1151 362 in
1178 322 1356 363 omnibus
1379 321 1608 377 corporibus

44 397 146 437 vivis
172 396 427 450 aequabiliter
447 410 533 436 esse
558 397 678 436 fusam
707 409 778 435 nec
801 394 1058 449 separabilem
1083 409 1103 435 a
1129 410 1293 450 corpore
1317 409 1431 446 esse,
1466 396 1606 450 quippe

43 483 142 524 quae
166 470 269 509 nulla
291 470 366 520 sit,
411 482 482 509 uec
506 469 555 508 sit
580 468 781 522 quic-quam
798 499 808 518 ,
853 467 926 507 nisi
950 481 1091 522 corpus
1119 483 1236 509 unum
1263 476 1302 509 et
1323 469 1511 523 simplex,
1554 469 1606 510 ita

45 542 266 597 figuratum,
301 550 343 583 ut
364 542 644 597 temperatione
664 548 826 580 naturae
846 540 979 594 vigeat
998 547 1035 580 et
1054 542 1212 581 sentiat.
1266 549 1336 582 22.
1369 542 1606 583 Aristoteles

44 615 160 670 longe
194 617 372 656 omnibus
410 614 631 669 (Platonem
652 628 807 669 semper
830 613 1004 668 excipio)
1037 621 1241 668 praestans
1273 622 1313 654 et
1344 615 1525 668 ingenio,
1569 623 1607 656 et

43 689 267 742 diligentia,
314 703 426 742 quum
454 695 637 742 quattuor
663 694 754 727 nota
783 687 847 727 illa
874 700 1019 741 genera
1049 687 1326 741 principiorum
1361 695 1467 728 esset
1502 703 1607 729 com-

43 762 206 817 plexus,
241 775 261 801 e
287 761 423 815 quibus
448 761 576 801 onmia
602 763 844 800 orerentur⁸
863 792 873 811 ,
908 760 1080 814 quintam
1105 761 1295 814 quandam
1319 768 1494 801 naturam
1515 774 1606 801 een-

42 842 103 875 set
125 848 238 886 esse,
273 848 294 874 e
313 848 388 888 qua
412 834 461 874 sit
480 848 606 875 mens.
669 831 859 888 Cogitare
882 833 984 874 enim
1001 865 1011 885 ,
1047 841 1086 874 et
1107 834 1315 889 providere
1330 865 1340 884 ,
1375 841 1414 874 et
1436 834 1604 885 discere,

41 915 82 949 et
101 908 258 960 docere,
295 915 332 948 et
351 908 530 948 invenire
555 908 714 963 aliquid,
750 915 788 948 et
812 914 888 948 tam
911 908 1030 948 multa
1055 907 1146 958 alia,
1181 907 1421 958 meminisse,
1455 921 1603 960 amare,

131 1024 152 1058 7
178 1026 232 1058 Sic
250 1026 379 1069 plurimi
403 1026 520 1064 codd.,

43 1071 219 1103 terioribus
242 1071 339 1104 codd.
363 1078 396 1102 et
415 1071 535 1103 omnib.
562 1072 631 1102 fere
656 1071 731 1102 edd.
760 1078 840 1102 vett.
866 1078 941 1113 post
966 1073 1084 1111 frustra
1106 1070 1199 1102 addit
1223 1075 1259 1103 et.

41 1149 153 1193 χείωκή
187 1149 228 1180 de
253 1149 370 1181 eodem
393 1149 593 1192 philosopho
618 1149 803 1180 traduntur.

43 1194 141 1225 Unde
165 1197 368 1227 Teuuemann.
393 1194 510 1225 Gesch.
535 1194 567 1225 d.
591 1194 672 1225 Phil.
696 1195 804 1226 T.llt.

42 1251 74 1282 p.
94 1237 173 1270 337.
199 1239 350 1277 coniicit,
392 1239 583 1270 Dicaearchi
606 1239 803 1269 s‹›ntentiam

43 1295 108 1315 non
126 1284 203 1314 satis
220 1291 308 1314 recte
323 1296 340 1315 a
357 1284 513 1314 Cicerone
528 1284 709 1326 expositam
722 1295 802 1314 esse.

110 1330 240 1370 frustra]
266 1329 304 1359 H.
320 1341 345 1359 e.
370 1329 439 1359 sine
463 1340 593 1359 caussa:
620 1340 716 1370 quern
738 1328 801 1359 hu-

41 1374 90 1405 ius
115 1373 262 1404 vocabuli
296 1385 388 1404 usum
423 1373 539 1404 iniuria
564 1375 725 1404 Ilandium
760 1373 802 1403 ad

40 1419 179 1451 Turseli.
195 1420 234 1450 ll.
257 1430 288 1461 p.
301 1416 376 1450 747.
397 1430 414 1449 a
429 1418 586 1449 Cicerone
599 1417 800 1455 abiudicare,

39 1470 129 1496 recte
150 1470 263 1494 monet
277 1465 453 1504 Madvigius
474 1462 515 1494 ad
528 1463 598 1494 Fin.
615 1464 654 1494 ll.
672 1462 722 1501 12,
746 1460 800 1494 36.

109 1511 261 1540 animalia
285 1513 311 1539 et
335 1508 521 1548 ani-mantes]
559 1508 622 1538 Ubi
647 1510 801 1539 animalia

39 1560 252 1596 oppqnuntur
268 1556 490 1591 animantibus,
510 1549 565 1583 illa
586 1552 739 1584 dicuntur
759 1552 801 1583 de

40 1597 226 1630 homiuibus
251 1605 283 1629 et
308 1599 439 1635 bestiis,
478 1598 510 1629 hi
536 1598 801 1640 complectuntur

41 1642 141 1674 etiam
160 1643 520 1685 plantas.1tlenhiusin
537 1643 693 1674 Observv.
712 1642 798 1674 ined.

41 1687 119 1718 illud
147 1688 339 1720 vocabulum
372 1695 539 1731 compaiat
575 1700 646 1719 cum
674 1689 800 1719 Graeco

44 1734 124 1772 ζῶα,
149 1733 213 1764 hoc
233 1745 304 1764 cum
326 1733 471 1777 ἔψῲυγα.
522 1735 660 1765 Verteie
682 1745 801 1775 possu-

40 1789 109 1809 mus
133 1779 255 1810 lebende
277 1780 442 1818 Grscho'pse
465 1781 530 1810 und
552 1781 661 1810 belebte
688 1781 722 1808 u
723 1788 801 1809 esen.

43 1822 93 1853 Cf.
119 1824 277 1855 Forcellin
306 1823 463 1855 Thesam.
489 1824 520 1855 h
547 1835 574 1853 v

105 1870 245 1900 animum
258 1871 305 1899 ‘rel
321 1871 475 1909 animam]
497 1867 624 1898 Weder
640 1867 712 1898 eine
728 1866 797 1908 gei-

38 1911 146 1954 stige,
189 1913 275 1944 noell
308 1913 380 1944 eine
406 1913 598 1955 physisclie,
636 1924 701 1942 ιὀιι
727 1912 800 1941 dem

39 1957 141 1988 Leibe
166 1958 342 1988 trennbare
367 1958 478 1994 Seele,
514 1956 576 1987 will
605 1957 719 1988 Cicero
744 1968 798 1987 sa-

38 2013 112 2044 gen,
139 2002 225 2033 oline
245 2002 314 2033 sicli
335 2014 374 2033 ιιι
397 2002 454 2033 das
475 2002 548 2033 eine
567 2003 611 2033 W
615 2009 666 2032 oit
687 2001 799 2044 ῴαχη)

37 2057 77 2077 zu
102 2046 233 2084 halten,
262 2053 295 2077 ut
321 2053 409 2078 recte
434 2047 576 2090 explicat
603 2049 744 2078 (Jrellius.

106 2093 335 2132 temperatione]
371 2092 424 2123 Sic
456 2089 798 2129 i11sraIV.13‚39.

39 2142 74 2167 ut
99 2136 246 2179 corporis
271 2140 471 2177 temperatio,
513 2148 610 2180 quum
645 2148 681 2168 ει
716 2148 800 2167 con-

37 2188 156 2223 gruunt
189 2182 275 2213 inter
307 2194 361 2218 56,
400 2194 417 2213 e
452 2182 566 2225 quihus
601 2188 798 2219 constamus,

37 2226 159 2257 sanitas
181 2227 227 2258 sic
247 2227 346 2258 animi
368 2227 498 2259 dicitur.
548 2227 598 2258 Cf.
626 2228 648 2257 1.
665 2227 718 2261 2&
735 2225 796 2257 68.

38 2274 216 2310 temperatio
242 2283 427 2314 corporum
476 2272 658 2309 1V.1,1:
697 2271 796 2302 disri-

39 2314 128 2356 plina
160 2327 197 2347 ac
230 2320 407 2356 temperatio
439 2317 578 2348 civitatis
640 2317 719 2359 Leg.
745 2318 798 2348 lll.

39 2357 71 2395 5,
104 2358 161 2392 12:
188 2363 435 2400 temerationem
460 2362 504 2392 iei
531 2341 708 2403 publicae,0
716 2373 798 2404 quae

39 2403 127 2435 effici
149 2415 213 2435 nou
235 2405 406 2446 potuisset
428 2405 487 2435 nisi
502 2405 559 2436 tali
576 2405 798 2448 descriptione

39 2448 297 2490 magistratuum.
338 2451 441 2491 Supra
466 2449 590 2487 c.1‚2:
618 2461 682 2481 rem
707 2450 795 2492 publ.

37 2511 81 2517 -—
107 2494 294 2525 melioribus
317 2498 561 2534 temperaverunt
586 2500 618 2525 et
642 2494 798 2527 institutis

38 2544 71 2569 et
95 2537 230 2581 legibus.
282 2540 335 2570 Est
361 2546 508 2570 nostium
535 2541 764 2579 organisation.

106 2584 134 2626 §.
146 2583 199 2616 22.
223 2588 422 2624 quattuor—
433 2594 545 2624 yenera
558 2585 796 2636 principiorum]

39 2628 120 2660 Sunt
142 2635 297 2672 quattuoi
315 2629 487 2667 elementa,
505 2640 598 2671 aqna,
617 2631 682 2665 aer,
704 2628 797 2679 ις’-,τιὴ

40 2677 137 2705 terra.
174 2674 328 2706 Academ.
356 2676 379 2706 l.
458 2671 519 2705 26.-
548 2675 633 2715 Eigo
656 2672 710 2703 illa
731 2673 798 2703 ini-

39 2715 86 2747 tia
109 2725 161 2756 et,
197 2725 231 2750 ut
257 2731 274 2750 e
301 2719 428 2750 Graeco
453 2726 599 2757 vertam,
637 2717 797 2749 elementa

42 2759 208 2795 dicuntur:
235 2776 253 2796 e
274 2764 388 2808 quibus
409 2767 464 2796 ae'r
485 2771 517 2795 et
539 2763 622 2806 ignis
642 2774 718 2794 mov
712 2762 796 2794 endi

42 2804 108 2836 vim
122 2806 242 2840 habent
262 2816 295 2841 et
311 2808 499 2845 efficiendi;
527 2808 672 2851 reliquae
687 2814 796 2850 partes

40 2849 220 2893 accipiendi
241 2861 274 2886 et
291 2855 382 2898 quasi
401 2833 558 2898 patiendi,
585 2865 701 2896 aquam
721 2852 796 2885 dico

41 2900 76 2925 et
98 2900 219 2929 terram
242 2918 283 2923 —
309 2899 457 2943 quintum
478 2910 591 2942 genuS,
617 2910 635 2930 e
654 2909 720 2942 quo
741 2909 796 2930 es-

39 2945 114 2972 sent
136 2947 223 2974 astra
241 2950 430 2988 mentesque
443 2970 450 2984 ,
475 2943 640 2987 singulare
661 2954 795 2975 eorum-

546 1026 643 1058 etiam
670 1027 708 1058 R.
735 1026 821 1058 Gud.
836 1025 864 1058 1.
891 1027 929 1058 ΙΙ.
950 1026 1069 1068 aliique
1092 1026 1264 1064 meliores3
1290 1028 1344 1058 Or.
1359 1038 1384 1058 c.
1410 1027 1521 1069 paucis
1543 1026 1603 1058 de-

1309 1072 1330 1103 ὅ
1354 1072 1394 1103 V.
1419 1072 1503 1103 Adn.

841 1160 904 1192 que
926 1156 1092 1192 quattuor,
1123 1161 1205 1191 quae
1224 1161 1320 1191 supra
1342 1148 1421 1187 dixi,
1447 1149 1604 1181 dissimile

841 1193 1036 1226 Aristoteles
1063 1194 1217 1236 quiddam
1244 1205 1314 1225 esse
1339 1194 1481 1225 rebatur.

907 1240 1078 1281 orerentur]
1095 1239 1149 1270 Sic
1160 1238 1277 1281 scripsi
1291 1251 1317 1270 c.
1332 1238 1460 1280 optimo
1477 1240 1562 1271 Gud.
1575 1240 1602 1271 1.

839 1289 872 1314 et
907 1284 987 1314 Dav.
1018 1283 1051 1313 in
1083 1283 1134 1316 ed.
1156 1283 1187 1315 2.
1218 1295 1279 1326 pro
1311 1283 1396 1325 vulg.
1431 1287 1602 1316 orirentur:

839 1327 927 1371 quod
951 1327 976 1358 si
1002 1327 1032 1358 in
1057 1328 1239 1370 archetypo
1263 1329 1383 1360 lectum
1410 1335 1513 1367 esset,
1551 1329 1603 1360 vix

839 1372 995 1404 credibile
1020 1381 1088 1411 est,
1115 1385 1131 1403 a
1157 1373 1292 1404 librario
1316 1380 1477 1404 mutatum
1503 1374 1603 1405 fuisse

836 1418 868 1448 in
891 1417 1088 1449 rarissimam
1114 1418 1256 1449 formam
1280 1422 1446 1450 orerentur.
1496 1418 1601 1450 Etiam

836 1462 923 1494 infra
941 1464 979 1493 V.
997 1461 1036 1500 4,
1064 1463 1113 1495 10.
1134 1465 1170 1494 D.
1191 1463 1224 1494 in
1245 1463 1297 1494 ed.
1314 1463 1345 1496 ὅΔ
1372 1471 1404 1494 et
1419 1469 1485 1494 tres
1503 1476 1600 1506 prae-

835 1508 1026 1539 stantissimi
1050 1508 1146 1539 codd.
1170 1509 1261 1539 ΒΛ).
1287 1508 1420 1539 Gud.1.
1445 1509 1601 1541 exhibent

837 1558 1003 1585 orerentur.
1032 1553 1072 1583 Hi
1093 1553 1158 1584 duo
1179 1553 1244 1584 loci
1264 1561 1443 1598 piaeteiiei
1447 1560 1504 1584 unt
1521 1554 1600 1586 dili-

835 1598 979 1640 gentiam
994 1600 1027 1630 C.
1041 1600 1073 1631 L.
1087 1598 1369 1630 Straziiinlibro:
1386 1592 1476 1630 Uber
1489 1599 1520 1629 d.
1529 1601 1600 1631 Lat.

838 1643 928 1675 Decl.
952 1655 982 1674 u.
1006 1643 1143 1685 Conjug.
1183 1642 1457 1685 Konigsb.1>·5·’3
1481 1656 1511 1686 p.
1524 1644 1599 1676 201.

903 1691 1042 1729 quintam
1064 1691 1225 1728 quandam
1240 1694 1390 1720 naturam
1406 1694 1504 1720 censet
1527 1700 1601 1729 esse,

836 1744 850 1765 e
870 1744 932 1773 qua
957 1736 995 1764 sit
1015 1736 1114 1775 mitens]
1146 1734 1234 1764 luffa
1259 1746 1285 1765 e.
1305 1732 1356 1771 17,
1380 1731 1441 1764 41:
1469 1734 1507 1775 (si
1526 1735 1601 1765 ani—

836 1790 906 1809 mus
932 1779 994 1816 est)
1022 1778 1134 1820 quinta
1158 1778 1213 1808 illa
1244 1790 1309 1809 non
1333 1778 1501 1809 nominata
1527 1791 1600 1810 ma·-

836 1823 903 1864 gis,
930 1834 1025 1865 quam
1053 1835 1116 1853 uon
1142 1823 1311 1853 intellecta
1336 1829 1461 1855 natura.
1501 1835 1527 1854 c.
1544 1823 1598 1862 26,

836 1866 895 1898 65:
932 1868 980 1897 sin
1006 1874 1115 1898 autem
1141 1874 1191 1898 est
1215 1867 1329 1908 quinta
1353 1868 1513 1909 quaedam
1536 1880 1599 1900 ua*

836 1920 918 1949 tura,
943 1912 982 1943 al)
999 1911 1177 1943 Aristotele
1191 1911 1326 1943 inducta
1342 1912 1493 1954 primum.
1515 1913 1599 1945 haec

836 1964 867 1987 et
890 1957 1025 1988 deorum
1049 1964 1096 1988 est
1118 1964 1149 1987 vt
1172 1957 1366 1989 animorum.
1416 1969 1442 1988 c.
1458 1956 1513 1996 27,
1533 1956 1595 1990 66;

834 2002 1006 2044 singularis
1030 2009 1073 2031 rst
1103 2002 1202 2043 igitur
1223 2002 1382 2044 quaedum
1406 2009 1520 2034 natura
1543 2011 1598 2035 at-

835 2058 898 2090 que
922 2047 968 2077 vis
994 2046 1111 2082 animi,
1149 2047 1295 2078 seiuncta
1328 2048 1369 2078 ab
1395 2046 1443 2078 his
1470 2048 1598 2080 usitatis

835 2092 986 2135 notisque
1011 2092 1145 2123 naturis.
1197 2093 1263 2127 lta,
1300 2092 1455 2135 quicquid
1481 2100 1529 2124 est
1554 2094 1597 2124 it-

834 2137 901 2176 lud,
925 2136 1013 2180 quod
1030 2137 1140 2174 sentit,
1167 2137 1255 2180 quod
1273 2138 1364 2173 vivit,
1389 2138 1480 2180 quod
1497 2139 1596 2181 viget,

836 2182 975 2214 caeleste
995 2189 1027 2213 et
1052 2182 1200 2213 divinum
1221 2182 1262 2213 ob
1289 2194 1425 2225 eamque
1449 2195 1515 2214 rem
1537 2195 1596 2215 ae-

834 2235 963 2259 trinum
985 2227 1027 2258 sit
1054 2239 1186 2258 necesse
1209 2234 1268 2258 nst
1319 2228 1419 2260 Acad.
1439 2230 1463 2258 Ι.
1481 2225 1513 2267 7,
1532 2226 1594 2258 26:

834 2273 983 2316 quintum
1005 2284 1117 2314 geuuS,
1141 2284 1157 2303 e
1177 2284 1242 2313 quo
1263 2284 1332 2302 ess«
1337 2278 1371 2302 nt
1391 2278 1479 2302 astra
1499 2284 1594 2302 meu-

834 2325 968 2360 tesque‚
1018 2316 1181 2358 singulne
1215 2327 1391 2358 corumque
1426 2323 1593 2358 qua-,sttuoi

834 2374 917 2405 qliae
947 2374 1046 2404 supia
1080 2361 1170 2397 dixi,
1210 2361 1258 2390 dis
1262 2361 1366 2391 simile
1401 2361 1595 2393 Aiistoteles

833 2406 989 2450 quiddam
1007 2417 1075 2436 esse
1098 2405 1230 2436 rebatur
1248 2405 1316 2446 (ubi
1333 2407 1375 2437 cf.
1393 2407 1595 2439 Hillsemann.

833 2464 864 2494 p.
881 2449 955 2481 369
962 2452 985 2489 ξ.
1025 2450 1076 2480 CF.
1094 2450 1164 2480 Fin.
1180 2450 1233 2480 lv.
1250 2450 1351 2487 5,12.
1376 2450 1486 2492 ibique
1502 2453 1595 2483 Mad-

831 2498 949 2535 vigium
975 2506 1005 2536 p.
1022 2494 1097 2525 501.
1134 2495 1175 2525 Es
1195 2494 1243 2525 his
1263 2495 1343 2526 locis
1364 2502 1514 2547 appaiet‚
1537 2496 1594 2527 Ci-

834 2550 985 2572 ceronem
1005 2550 1041 2570 ea
1062 2539 1222 2571 imbutum
1245 2540 1344 2571 fuisse
1365 2541 1534 2584 opinione,
1558 2548 1594 2572 ut

833 2583 1045 2616 Aristotelem
1070 2584 1212 2616 animum
1239 2597 1278 2616 ex
1306 2585 1369 2617 hac
1393 2586 1505 2629 quinta
1531 2597 1594 2618 na—

835 2637 906 2661 tura
931 2635 1038 2661 ortum
1068 2641 1138 2661 esse
1163 2637 1332 2668 censeret3
1373 2639 1408 2663 at
1440 2642 1491 2662 res
1523 2630 1594 2673 ipsa

833 2675 929 2706 alitei
959 2685 1029 2705 sese
1054 2674 1165 2706 habet.
1222 2676 1299 2708 Non
1326 2676 1413 2707 enim
1438 2676 1591 2713 animum,

832 2719 891 2751 sed
926 2718 1078 2751 caelestia
1113 2727 1242 2752 tantum
1279 2732 1420 2764 corpora
1458 2732 1497 2751 ex
1537 2720 1591 2750 illa

833 2765 944 2807 quinta
964 2771 1078 2796 natura
1101 2776 1189 2803 esse,
1216 2765 1359 2797 animum
1380 2772 1489 2797 autem
1510 2764 1590 2795 nihil

830 2809 952 2841 habere
977 2820 1156 2852 corporeae
1180 2817 1337 2848 naturae
1371 2811 1485 2842 statuit
1515 2808 1590 2840 Ari—

831 2854 977 2886 stoteles.
1026 2854 1121 2898 Diog.
1139 2856 1249 2888 Laert.
1262 2857 1301 2893 V,
1322 2855 1376 2887 32.
1399 2855 1439 2885 de
1462 2854 1591 2885 Aiisto—

829 2899 914 2931 tele:
940 2897 1023 2933 εἶναι
1043 2899 1081 2934 δὲ
1100 2899 1191 2942 παρὰ
1212 2898 1255 2934 τὰ
1274 2899 1424 2953 τέσσαρα
1430 2902 1593 2951 στοιχεῖα

831 2943 890 2978 καὶ
910 2940 992 2979 ἄλλο
1012 2944 1226 2988 πέμπτον,
1253 2943 1298 2984 ἐξ
1322 2938 1367 2977 οὗ
1391 2940 1442 2978 τὰ
1469 2942 1593 2978 αἰῆέ·
