<?xml version="1.0" encoding="UTF-8"?>
<!DOCTYPE html PUBLIC "-//W3C//DTD XHTML 1.0 Transitional//EN"
    "http://www.w3.org/TR/xhtml1/DTD/xhtml1-transitional.dtd">
<html xmlns="http://www.w3.org/1999/xhtml" xml:lang="en" lang="en">
 <head>
  <title>
</title>
<meta http-equiv="Content-Type" content="text/html;charset=utf-8" />
  <meta name='ocr-system' content='tesseract 3.04.00' />
  <meta name='ocr-capabilities' content='ocr_page ocr_carea ocr_par ocr_line ocrx_word'/>
</head>
<body>
  <div class='ocr_page' id='page_1' title='image "./tusculanaedisput00ciceuoft_0327.png"; bbox 0 0 1832 3137; ppageno 0'>
   <div class='ocr_carea' id='block_1_1' title="bbox 648 89 1642 154">
    <p class='ocr_par' dir='ltr' id='par_1_1' title="bbox 648 89 1642 154">
     <span class='ocr_line' id='line_1_1' title="bbox 648 89 1642 154; baseline 0.005 -8"><span class='ocrx_word' id='word_1_1' title='bbox 648 114 738 147; x_wconf 60' lang='grc' dir='ltr'>[ΑΒ</span> <span class='ocrx_word' id='word_1_2' title='bbox 755 89 826 147; x_wconf 72' lang='lat' dir='ltr'>aa</span> <span class='ocrx_word' id='word_1_3' title='bbox 843 116 900 147; x_wconf 84' lang='lat'>111.</span> <span class='ocrx_word' id='word_1_4' title='bbox 929 111 988 154; x_wconf 85' lang='lat'>16,</span> <span class='ocrx_word' id='word_1_5' title='bbox 1012 114 1067 148; x_wconf 71' lang='lat'>34.</span> <span class='ocrx_word' id='word_1_6' title='bbox 1559 108 1642 152; x_wconf 77' lang='lat'>279</span> 
     </span>
    </p>
   </div>
   <div class='ocr_carea' id='block_1_2' title="bbox 66 191 1633 985">
    <p class='ocr_par' dir='ltr' id='par_1_2' title="bbox 73 191 1633 323">
     <span class='ocr_line' id='line_1_2' title="bbox 77 191 1633 250; baseline 0.003 -16"><span class='ocrx_word' id='word_1_7' title='bbox 77 199 202 248; x_wconf 83' lang='lat' dir='ltr'>putat.</span> <span class='ocrx_word' id='word_1_8' title='bbox 263 191 373 233; x_wconf 85' lang='lat' dir='ltr'>Haec</span> <span class='ocrx_word' id='word_1_9' title='bbox 397 199 532 246; x_wconf 81' lang='lat' dir='ltr'>nostro</span> <span class='ocrx_word' id='word_1_10' title='bbox 561 207 669 234; x_wconf 84' lang='lat' dir='ltr'>more</span> <span class='ocrx_word' id='word_1_11' title='bbox 697 208 767 234; x_wconf 90' lang='lat' dir='ltr'>nos</span> <span class='ocrx_word' id='word_1_12' title='bbox 790 194 982 246; x_wconf 84' lang='lat' dir='ltr'>diximus,</span> <span class='ocrx_word' id='word_1_13' title='bbox 1016 193 1224 250; x_wconf 68' lang='lat' dir='ltr'>Epicurii-²</span> <span class='ocrx_word' id='word_1_14' title='bbox 1247 195 1378 237; x_wconf 88' lang='lat' dir='ltr'>dicunt</span> <span class='ocrx_word' id='word_1_15' title='bbox 1402 211 1488 238; x_wconf 91' lang='lat' dir='ltr'>suo.</span> <span class='ocrx_word' id='word_1_16' title='bbox 1553 196 1633 239; x_wconf 87' lang='lat' dir='ltr'>Sed</span> 
     </span>
     <span class='ocr_line' id='line_1_3' title="bbox 73 266 1183 323; baseline 0.004 -17"><span class='ocrx_word' id='word_1_17' title='bbox 73 280 172 320; x_wconf 83' lang='lat' dir='ltr'>quae</span> <span class='ocrx_word' id='word_1_18' title='bbox 204 266 353 317; x_wconf 85' lang='lat' dir='ltr'>dicant,</span> <span class='ocrx_word' id='word_1_19' title='bbox 387 266 611 318; x_wconf 80' lang='lat' dir='ltr'>videamus3</span> <span class='ocrx_word' id='word_1_20' title='bbox 645 282 721 322; x_wconf 94' lang='lat' dir='ltr'>quo</span> <span class='ocrx_word' id='word_1_21' title='bbox 752 268 890 319; x_wconf 86' lang='lat' dir='ltr'>modo,</span> <span class='ocrx_word' id='word_1_22' title='bbox 925 269 1183 323; x_wconf 86' lang='lat' dir='ltr'>negligamus.</span> 
     </span>
    </p>

    <p class='ocr_par' dir='ltr' id='par_1_3' title="bbox 66 337 1632 985">
     <span class='ocr_line' id='line_1_4' title="bbox 182 337 1630 397; baseline 0.004 -18"><span class='ocrx_word' id='word_1_23' title='bbox 182 337 301 380; x_wconf 78' lang='lat' dir='ltr'>th.</span> <span class='ocrx_word' id='word_1_24' title='bbox 362 346 432 381; x_wconf 78' lang='lat'>34.</span> <span class='ocrx_word' id='word_1_25' title='bbox 473 338 673 395; x_wconf 84' lang='lat' dir='ltr'>Principio</span> <span class='ocrx_word' id='word_1_26' title='bbox 706 341 804 382; x_wconf 86' lang='lat' dir='ltr'>male</span> <span class='ocrx_word' id='word_1_27' title='bbox 832 341 1123 395; x_wconf 83' lang='lat' dir='ltr'>reprehendunt</span> <span class='ocrx_word' id='word_1_28' title='bbox 1153 344 1536 397; x_wconf 70' lang='lat' dir='ltr'><strong>praemeditationem</strong></span> <span class='ocrx_word' id='word_1_29' title='bbox 1570 360 1630 385; x_wconf 84' lang='lat' dir='ltr'>re-</span> 
     </span>
     <span class='ocr_line' id='line_1_5' title="bbox 72 412 1631 472; baseline 0.004 -20"><span class='ocrx_word' id='word_1_30' title='bbox 72 427 153 453; x_wconf 89' lang='lat' dir='ltr'>rum</span> <span class='ocrx_word' id='word_1_31' title='bbox 176 413 405 453; x_wconf 82' lang='lat' dir='ltr'>suturarum.</span> <span class='ocrx_word' id='word_1_32' title='bbox 469 412 577 454; x_wconf 82' lang='lat' dir='ltr'>Nihil</span> <span class='ocrx_word' id='word_1_33' title='bbox 595 421 654 454; x_wconf 88' lang='lat' dir='ltr'>est</span> <span class='ocrx_word' id='word_1_34' title='bbox 673 414 791 465; x_wconf 90' lang='lat' dir='ltr'>enim,</span> <span class='ocrx_word' id='word_1_35' title='bbox 826 415 925 467; x_wconf 90' lang='lat' dir='ltr'>quod</span> <span class='ocrx_word' id='word_1_36' title='bbox 948 422 1024 454; x_wconf 89' lang='lat' dir='ltr'>tam</span> <span class='ocrx_word' id='word_1_37' title='bbox 1046 415 1232 456; x_wconf 78' lang='lat' dir='ltr'>obtundat</span> <span class='ocrx_word' id='word_1_38' title='bbox 1248 417 1480 472; x_wconf 81' lang='lat' dir='ltr'>elevetque¹</span> <span class='ocrx_word' id='word_1_39' title='bbox 1504 421 1631 472; x_wconf 82' lang='lat' dir='ltr'>aegri-</span> 
     </span>
     <span class='ocr_line' id='line_1_6' title="bbox 70 486 1630 546; baseline 0.004 -20"><span class='ocrx_word' id='word_1_40' title='bbox 70 486 259 537; x_wconf 75' lang='lat' dir='ltr'>tudinem,</span> <span class='ocrx_word' id='word_1_41' title='bbox 293 500 407 540; x_wconf 85' lang='lat' dir='ltr'>quam</span> <span class='ocrx_word' id='word_1_42' title='bbox 429 494 614 542; x_wconf 89' lang='lat' dir='ltr'>perpetua</span> <span class='ocrx_word' id='word_1_43' title='bbox 636 488 675 528; x_wconf 92' lang='lat' dir='ltr'>in</span> <span class='ocrx_word' id='word_1_44' title='bbox 697 487 800 527; x_wconf 88' lang='lat' dir='ltr'>omni</span> <span class='ocrx_word' id='word_1_45' title='bbox 824 486 905 527; x_wconf 89' lang='lat' dir='ltr'>vita</span> <span class='ocrx_word' id='word_1_46' title='bbox 926 487 1133 540; x_wconf 73' lang='lat' dir='ltr'>cogitatio,</span> <span class='ocrx_word' id='word_1_47' title='bbox 1174 490 1268 530; x_wconf 89' lang='lat' dir='ltr'>nihil</span> <span class='ocrx_word' id='word_1_48' title='bbox 1290 504 1395 542; x_wconf 81' lang='lat' dir='ltr'>esse,</span> <span class='ocrx_word' id='word_1_49' title='bbox 1428 493 1527 546; x_wconf 88' lang='lat' dir='ltr'>quod</span> <span class='ocrx_word' id='word_1_50' title='bbox 1556 507 1630 532; x_wconf 87' lang='lat' dir='ltr'>nou</span> 
     </span>
     <span class='ocr_line' id='line_1_7' title="bbox 72 560 1632 618; baseline 0.003 -18"><span class='ocrx_word' id='word_1_51' title='bbox 72 560 252 600; x_wconf 83' lang='lat' dir='ltr'>accidere</span> <span class='ocrx_word' id='word_1_52' title='bbox 283 561 465 614; x_wconf 80' lang='lat' dir='ltr'>possit2,</span> <span class='ocrx_word' id='word_1_53' title='bbox 511 575 624 614; x_wconf 86' lang='lat' dir='ltr'>quam</span> <span class='ocrx_word' id='word_1_54' title='bbox 650 560 848 600; x_wconf 79' lang='lat' dir='ltr'>meditatio</span> <span class='ocrx_word' id='word_1_55' title='bbox 875 560 1110 601; x_wconf 89' lang='lat' dir='ltr'>conditionis</span> <span class='ocrx_word' id='word_1_56' title='bbox 1136 562 1350 615; x_wconf 82' lang='lat' dir='ltr'>humanae,</span> <span class='ocrx_word' id='word_1_57' title='bbox 1392 580 1504 618; x_wconf 80' lang='lat' dir='ltr'>quain</span> <span class='ocrx_word' id='word_1_58' title='bbox 1529 567 1632 606; x_wconf 85' lang='lat' dir='ltr'>vitae</span> 
     </span>
     <span class='ocr_line' id='line_1_8' title="bbox 69 633 1631 691; baseline 0.003 -18"><span class='ocrx_word' id='word_1_59' title='bbox 69 633 135 673; x_wconf 86' lang='lat' dir='ltr'>lex</span> <span class='ocrx_word' id='word_1_60' title='bbox 159 634 512 687; x_wconf 61' lang='lat' dir='ltr'>commentatioque</span> <span class='ocrx_word' id='word_1_61' title='bbox 547 633 730 688; x_wconf 83' lang='lat' dir='ltr'>parendi,</span> <span class='ocrx_word' id='word_1_62' title='bbox 774 647 873 687; x_wconf 88' lang='lat' dir='ltr'>quae</span> <span class='ocrx_word' id='word_1_63' title='bbox 903 647 979 673; x_wconf 90' lang='lat' dir='ltr'>nou</span> <span class='ocrx_word' id='word_1_64' title='bbox 1006 633 1079 673; x_wconf 88' lang='lat' dir='ltr'>hoc</span> <span class='ocrx_word' id='word_1_65' title='bbox 1104 635 1241 685; x_wconf 83' lang='lat' dir='ltr'>affert,</span> <span class='ocrx_word' id='word_1_66' title='bbox 1287 644 1327 677; x_wconf 92' lang='lat' dir='ltr'>ut</span> <span class='ocrx_word' id='word_1_67' title='bbox 1349 652 1505 691; x_wconf 77' lang='lat' dir='ltr'>semper</span> <span class='ocrx_word' id='word_1_68' title='bbox 1529 653 1631 679; x_wconf 74' lang='lat' dir='ltr'>mae-</span> 
     </span>
     <span class='ocr_line' id='line_1_9' title="bbox 69 705 1629 766; baseline 0.003 -20"><span class='ocrx_word' id='word_1_69' title='bbox 69 720 247 756; x_wconf 87' lang='lat' dir='ltr'>reamus,</span> <span class='ocrx_word' id='word_1_70' title='bbox 293 707 360 746; x_wconf 91' lang='lat' dir='ltr'>sed</span> <span class='ocrx_word' id='word_1_71' title='bbox 393 714 433 747; x_wconf 88' lang='lat' dir='ltr'>ut</span> <span class='ocrx_word' id='word_1_72' title='bbox 465 720 672 760; x_wconf 85' lang='lat' dir='ltr'>uunquam.</span> <span class='ocrx_word' id='word_1_73' title='bbox 731 705 874 760; x_wconf 86' lang='lat' dir='ltr'>Neque</span> <span class='ocrx_word' id='word_1_74' title='bbox 910 706 1013 746; x_wconf 90' lang='lat' dir='ltr'>enim</span> <span class='ocrx_word' id='word_1_75' title='bbox 1049 706 1113 761; x_wconf 87' lang='lat' dir='ltr'>qui</span> <span class='ocrx_word' id='word_1_76' title='bbox 1150 721 1277 748; x_wconf 86' lang='lat' dir='ltr'>rerum</span> <span class='ocrx_word' id='word_1_77' title='bbox 1315 717 1521 762; x_wconf 80' lang='lat' dir='ltr'>naturam,</span> <span class='ocrx_word' id='word_1_78' title='bbox 1566 714 1629 766; x_wconf 88' lang='lat' dir='ltr'>qui</span> 
     </span>
     <span class='ocr_line' id='line_1_10' title="bbox 66 779 1626 836; baseline 0.003 -16"><span class='ocrx_word' id='word_1_79' title='bbox 66 779 171 820; x_wconf 77' lang='lat' dir='ltr'>vitae</span> <span class='ocrx_word' id='word_1_80' title='bbox 197 780 449 830; x_wconf 78' lang='lat' dir='ltr'>varietatem,</span> <span class='ocrx_word' id='word_1_81' title='bbox 485 779 548 833; x_wconf 89' lang='lat' dir='ltr'>qui</span> <span class='ocrx_word' id='word_1_82' title='bbox 574 779 875 820; x_wconf 70' lang='lat' dir='ltr'>imbecillitatem</span> <span class='ocrx_word' id='word_1_83' title='bbox 897 780 1056 834; x_wconf 85' lang='lat' dir='ltr'>generis</span> <span class='ocrx_word' id='word_1_84' title='bbox 1080 781 1236 822; x_wconf 87' lang='lat' dir='ltr'>humani</span> <span class='ocrx_word' id='word_1_85' title='bbox 1257 783 1426 836; x_wconf 82' lang='lat' dir='ltr'>cogitat,</span> <span class='ocrx_word' id='word_1_86' title='bbox 1462 792 1626 834; x_wconf 82' lang='lat' dir='ltr'>maeret,</span> 
     </span>
     <span class='ocr_line' id='line_1_11' title="bbox 67 853 1629 909; baseline 0.003 -16"><span class='ocrx_word' id='word_1_87' title='bbox 67 867 182 907; x_wconf 80' lang='lat' dir='ltr'>quum</span> <span class='ocrx_word' id='word_1_88' title='bbox 211 853 306 893; x_wconf 87' lang='lat' dir='ltr'>haec</span> <span class='ocrx_word' id='word_1_89' title='bbox 330 853 497 907; x_wconf 79' lang='lat' dir='ltr'>cogitat3</span> <span class='ocrx_word' id='word_1_90' title='bbox 533 853 601 893; x_wconf 90' lang='lat' dir='ltr'>sed</span> <span class='ocrx_word' id='word_1_91' title='bbox 627 859 705 893; x_wconf 87' lang='lat' dir='ltr'>tum</span> <span class='ocrx_word' id='word_1_92' title='bbox 732 853 793 893; x_wconf 89' lang='lat' dir='ltr'>vel</span> <span class='ocrx_word' id='word_1_93' title='bbox 820 853 991 894; x_wconf 77' lang='lat' dir='ltr'>maxime</span> <span class='ocrx_word' id='word_1_94' title='bbox 1013 854 1226 908; x_wconf 76' lang='lat' dir='ltr'>sapientiae</span> <span class='ocrx_word' id='word_1_95' title='bbox 1255 856 1428 909; x_wconf 84' lang='lat' dir='ltr'>fungitur</span> <span class='ocrx_word' id='word_1_96' title='bbox 1453 871 1629 897; x_wconf 80' lang='lat' dir='ltr'>munere.</span> 
     </span>
     <span class='ocr_line' id='line_1_12' title="bbox 66 925 1632 985; baseline 0.003 -18"><span class='ocrx_word' id='word_1_97' title='bbox 66 925 281 980; x_wconf 75' lang='lat' dir='ltr'>Utrumque</span> <span class='ocrx_word' id='word_1_98' title='bbox 309 927 410 966; x_wconf 80' lang='lat' dir='ltr'>enini</span> <span class='ocrx_word' id='word_1_99' title='bbox 435 927 714 980; x_wconf 78' lang='lat' dir='ltr'>consequitur,</span> <span class='ocrx_word' id='word_1_100' title='bbox 750 934 790 967; x_wconf 85' lang='lat' dir='ltr'>ut</span> <span class='ocrx_word' id='word_1_101' title='bbox 814 934 852 967; x_wconf 85' lang='lat' dir='ltr'>et</span> <span class='ocrx_word' id='word_1_102' title='bbox 881 928 1176 968; x_wconf 80' lang='lat' dir='ltr'>considerandis</span> <span class='ocrx_word' id='word_1_103' title='bbox 1199 928 1316 969; x_wconf 83' lang='lat' dir='ltr'>rebus</span> <span class='ocrx_word' id='word_1_104' title='bbox 1342 929 1519 971; x_wconf 85' lang='lat' dir='ltr'>humanis</span> <span class='ocrx_word' id='word_1_105' title='bbox 1543 945 1632 985; x_wconf 84' lang='lat' dir='ltr'>pro-</span> 
     </span>
    </p>
   </div>
   <div class='ocr_carea' id='block_1_3' title="bbox 68 999 1635 1058">
    <p class='ocr_par' dir='ltr' id='par_1_4' title="bbox 68 999 1635 1058">
     <span class='ocr_line' id='line_1_13' title="bbox 68 999 1635 1058; baseline 0.002 -17"><span class='ocrx_word' id='word_1_106' title='bbox 68 1000 150 1055; x_wconf 88' lang='lat' dir='ltr'>prio</span> <span class='ocrx_word' id='word_1_107' title='bbox 181 999 447 1056; x_wconf 78' lang='lat' dir='ltr'>philosophiae</span> <span class='ocrx_word' id='word_1_108' title='bbox 479 1000 662 1041; x_wconf 82' lang='lat' dir='ltr'>fruatur³</span> <span class='ocrx_word' id='word_1_109' title='bbox 692 1001 841 1052; x_wconf 81' lang='lat' dir='ltr'>officio,</span> <span class='ocrx_word' id='word_1_110' title='bbox 885 1008 923 1041; x_wconf 88' lang='lat' dir='ltr'>et</span> <span class='ocrx_word' id='word_1_111' title='bbox 947 1001 1155 1042; x_wconf 84' lang='lat' dir='ltr'>adversis³</span> <span class='ocrx_word' id='word_1_112' title='bbox 1200 1001 1353 1043; x_wconf 76' lang='lat' dir='ltr'>casibus</span> <span class='ocrx_word' id='word_1_113' title='bbox 1377 1004 1516 1058; x_wconf 83' lang='lat' dir='ltr'>triplici</span> <span class='ocrx_word' id='word_1_114' title='bbox 1542 1018 1635 1045; x_wconf 89' lang='lat' dir='ltr'>con-</span> 
     </span>
    </p>
   </div>
   <div class='ocr_carea' id='block_1_4' title="bbox 158 1108 1631 1152">
    <p class='ocr_par' dir='ltr' id='par_1_5' title="bbox 158 1108 1631 1152">
     <span class='ocr_line' id='line_1_14' title="bbox 158 1108 1631 1152; baseline 0.001 -10"><span class='ocrx_word' id='word_1_115' title='bbox 158 1108 180 1142; x_wconf 73' lang='lat'><strong>4</strong></span> <span class='ocrx_word' id='word_1_116' title='bbox 204 1109 258 1141; x_wconf 89' lang='lat' dir='ltr'>Sic</span> <span class='ocrx_word' id='word_1_117' title='bbox 271 1109 395 1152; x_wconf 81' lang='lat' dir='ltr'>Tregd.</span> <span class='ocrx_word' id='word_1_118' title='bbox 418 1121 444 1141; x_wconf 93' lang='lat' dir='ltr'>c.</span> <span class='ocrx_word' id='word_1_119' title='bbox 466 1109 550 1141; x_wconf 79' lang='lat' dir='ltr'>R.1&gt;.</span> <span class='ocrx_word' id='word_1_120' title='bbox 573 1109 659 1142; x_wconf 90' lang='lat' dir='ltr'>Gud.</span> <span class='ocrx_word' id='word_1_121' title='bbox 676 1109 705 1141; x_wconf 91' lang='lat'>1.</span> <span class='ocrx_word' id='word_1_122' title='bbox 732 1112 894 1150; x_wconf 80' lang='lat' dir='ltr'>Epicurii:</span> <span class='ocrx_word' id='word_1_123' title='bbox 919 1120 984 1152; x_wconf 90' lang='lat' dir='ltr'>quo</span> <span class='ocrx_word' id='word_1_124' title='bbox 1007 1109 1106 1141; x_wconf 87' lang='lat' dir='ltr'>etiam</span> <span class='ocrx_word' id='word_1_125' title='bbox 1127 1110 1221 1142; x_wconf 91' lang='lat' dir='ltr'>Mon.</span> <span class='ocrx_word' id='word_1_126' title='bbox 1238 1108 1265 1142; x_wconf 86' lang='lat'>1.</span> <span class='ocrx_word' id='word_1_127' title='bbox 1285 1110 1316 1142; x_wconf 85' lang='lat'>2.</span> <span class='ocrx_word' id='word_1_128' title='bbox 1339 1117 1371 1142; x_wconf 87' lang='lat' dir='ltr'>et</span> <span class='ocrx_word' id='word_1_129' title='bbox 1394 1111 1479 1143; x_wconf 84' lang='lat' dir='ltr'>Gud.</span> <span class='ocrx_word' id='word_1_130' title='bbox 1503 1113 1542 1143; x_wconf 79' lang='lat' dir='ltr'>tt.</span> <span class='ocrx_word' id='word_1_131' title='bbox 1567 1111 1631 1143; x_wconf 91' lang='lat' dir='ltr'>du-</span> 
     </span>
    </p>
   </div>
   <div class='ocr_carea' id='block_1_5' title="bbox 69 1153 1359 1242">
    <p class='ocr_par' dir='ltr' id='par_1_6' title="bbox 69 1153 1359 1242">
     <span class='ocr_line' id='line_1_15' title="bbox 69 1153 1359 1197; baseline 0.001 -11"><span class='ocrx_word' id='word_1_132' title='bbox 69 1161 168 1196; x_wconf 86' lang='lat' dir='ltr'>cunt,</span> <span class='ocrx_word' id='word_1_133' title='bbox 201 1155 255 1197; x_wconf 90' lang='lat' dir='ltr'>qui</span> <span class='ocrx_word' id='word_1_134' title='bbox 279 1154 402 1186; x_wconf 87' lang='lat' dir='ltr'>habent</span> <span class='ocrx_word' id='word_1_135' title='bbox 425 1157 564 1194; x_wconf 82' lang='lat' dir='ltr'>Epicuri.</span> <span class='ocrx_word' id='word_1_136' title='bbox 591 1157 645 1186; x_wconf 91' lang='lat' dir='ltr'>Or.</span> <span class='ocrx_word' id='word_1_137' title='bbox 672 1167 700 1187; x_wconf 87' lang='lat' dir='ltr'>c.</span> <span class='ocrx_word' id='word_1_138' title='bbox 722 1155 810 1197; x_wconf 84' lang='lat' dir='ltr'>vulg.</span> <span class='ocrx_word' id='word_1_139' title='bbox 835 1157 989 1195; x_wconf 81' lang='lat' dir='ltr'>Epicurei.</span> <span class='ocrx_word' id='word_1_140' title='bbox 1038 1156 1076 1187; x_wconf 87' lang='lat' dir='ltr'>V.</span> <span class='ocrx_word' id='word_1_141' title='bbox 1101 1155 1143 1187; x_wconf 89' lang='lat' dir='ltr'>ad</span> <span class='ocrx_word' id='word_1_142' title='bbox 1166 1157 1191 1187; x_wconf 81' lang='lat' dir='ltr'>l.</span> <span class='ocrx_word' id='word_1_143' title='bbox 1214 1153 1279 1194; x_wconf 70' lang='lat'>34,</span> <span class='ocrx_word' id='word_1_144' title='bbox 1305 1155 1359 1187; x_wconf 58' lang='lat'>32.</span> 
     </span>
     <span class='ocr_line' id='line_1_16' title="bbox 199 1199 855 1242; baseline 0 -11"><span class='ocrx_word' id='word_1_145' title='bbox 199 1199 220 1231; x_wconf 81' lang='lat'><strong>2</strong></span> <span class='ocrx_word' id='word_1_146' title='bbox 246 1199 300 1231; x_wconf 88' lang='lat' dir='ltr'>Sic</span> <span class='ocrx_word' id='word_1_147' title='bbox 321 1200 361 1231; x_wconf 92' lang='lat' dir='ltr'>D.</span> <span class='ocrx_word' id='word_1_148' title='bbox 385 1206 418 1231; x_wconf 92' lang='lat' dir='ltr'>et</span> <span class='ocrx_word' id='word_1_149' title='bbox 440 1200 476 1230; x_wconf 79' lang='lat' dir='ltr'>R.</span> <span class='ocrx_word' id='word_1_150' title='bbox 495 1201 530 1231; x_wconf 91' lang='lat' dir='ltr'>P.</span> <span class='ocrx_word' id='word_1_151' title='bbox 554 1199 641 1232; x_wconf 87' lang='lat' dir='ltr'>Gud.</span> <span class='ocrx_word' id='word_1_152' title='bbox 660 1199 688 1232; x_wconf 92' lang='lat' dir='ltr'>l.</span> <span class='ocrx_word' id='word_1_153' title='bbox 713 1201 751 1232; x_wconf 86' lang='lat' dir='ltr'>ll.</span> <span class='ocrx_word' id='word_1_154' title='bbox 772 1206 855 1242; x_wconf 87' lang='lat' dir='ltr'>Aug.</span> 
     </span>
    </p>
   </div>
   <div class='ocr_carea' id='block_1_6' title="bbox 68 1199 845 1285">
    <p class='ocr_par' dir='ltr' id='par_1_7' title="bbox 68 1199 845 1285">
     <span class='ocr_line' id='line_1_17' title="bbox 68 1199 845 1285; baseline 0 -8"><span class='ocrx_word' id='word_1_155' title='bbox 68 1199 208 1278; x_wconf 51' lang='grc' dir='ltr'>ἓέειὶιιὶετε</span> <span class='ocrx_word' id='word_1_156' title='bbox 229 1256 290 1277; x_wconf 81' lang='lat' dir='ltr'>non</span> <span class='ocrx_word' id='word_1_157' title='bbox 308 1256 340 1285; x_wconf 87' lang='lat' dir='ltr'>p.</span> <span class='ocrx_word' id='word_1_158' title='bbox 373 1246 413 1278; x_wconf 88' lang='lat' dir='ltr'>V.</span> <span class='ocrx_word' id='word_1_159' title='bbox 435 1244 476 1276; x_wconf 85' lang='lat' dir='ltr'>ad</span> <span class='ocrx_word' id='word_1_160' title='bbox 498 1246 556 1276; x_wconf 85' lang='lat'>111.</span> <span class='ocrx_word' id='word_1_161' title='bbox 582 1242 645 1283; x_wconf 80' lang='lat'>14,</span> <span class='ocrx_word' id='word_1_162' title='bbox 668 1244 723 1277; x_wconf 85' lang='lat'>30.</span> <span class='ocrx_word' id='word_1_163' title='bbox 769 1243 791 1277; x_wconf 86' lang='lat'><strong>3</strong></span> <span class='ocrx_word' id='word_1_164' title='bbox 815 1257 845 1277; x_wconf 83' lang='lat' dir='ltr'>v.</span> 
     </span>
    </p>
   </div>
   <div class='ocr_carea' id='block_1_7' title="bbox 65 1312 839 3014">
    <p class='ocr_par' dir='ltr' id='par_1_8' title="bbox 65 1312 832 1849">
     <span class='ocr_line' id='line_1_18' title="bbox 69 1312 832 1354; baseline -0.001 -11"><span class='ocrx_word' id='word_1_165' title='bbox 69 1319 187 1344; x_wconf 80' lang='lat' dir='ltr'>cuntur</span> <span class='ocrx_word' id='word_1_166' title='bbox 206 1312 248 1344; x_wconf 90' lang='lat' dir='ltr'>de</span> <span class='ocrx_word' id='word_1_167' title='bbox 269 1312 506 1343; x_wconf 77' lang='lat' dir='ltr'>exercitatione</span> <span class='ocrx_word' id='word_1_168' title='bbox 526 1318 559 1343; x_wconf 89' lang='lat' dir='ltr'>et</span> <span class='ocrx_word' id='word_1_169' title='bbox 580 1312 832 1354; x_wconf 81' lang='lat' dir='ltr'>praeparatione</span> 
     </span>
     <span class='ocr_line' id='line_1_19' title="bbox 68 1356 831 1399; baseline -0.001 -11"><span class='ocrx_word' id='word_1_170' title='bbox 68 1357 111 1388; x_wconf 82' lang='lat' dir='ltr'>ad</span> <span class='ocrx_word' id='word_1_171' title='bbox 143 1368 204 1394; x_wconf 79' lang='lat' dir='ltr'>ea,</span> <span class='ocrx_word' id='word_1_172' title='bbox 251 1368 335 1399; x_wconf 88' lang='lat' dir='ltr'>quae</span> <span class='ocrx_word' id='word_1_173' title='bbox 370 1356 547 1399; x_wconf 83' lang='lat' dir='ltr'>aliquando</span> <span class='ocrx_word' id='word_1_174' title='bbox 583 1357 670 1388; x_wconf 90' lang='lat' dir='ltr'>serio</span> <span class='ocrx_word' id='word_1_175' title='bbox 704 1356 831 1398; x_wconf 79' lang='lat' dir='ltr'>agenda</span> 
     </span>
     <span class='ocr_line' id='line_1_20' title="bbox 67 1399 831 1444; baseline 0 -12"><span class='ocrx_word' id='word_1_176' title='bbox 67 1408 153 1433; x_wconf 74' lang='lat' dir='ltr'>sunt.</span> <span class='ocrx_word' id='word_1_177' title='bbox 201 1403 306 1444; x_wconf 86' lang='lat' dir='ltr'>Supra</span> <span class='ocrx_word' id='word_1_178' title='bbox 330 1402 372 1432; x_wconf 84' lang='grc' dir='ltr'>Π.</span> <span class='ocrx_word' id='word_1_179' title='bbox 399 1401 450 1439; x_wconf 74' lang='grc'>17,</span> <span class='ocrx_word' id='word_1_180' title='bbox 475 1399 538 1434; x_wconf 73' lang='lat'>41:</span> <span class='ocrx_word' id='word_1_181' title='bbox 577 1408 705 1432; x_wconf 89' lang='lat' dir='ltr'>tantum</span> <span class='ocrx_word' id='word_1_182' title='bbox 733 1413 831 1432; x_wconf 82' lang='lat' dir='ltr'>exer-</span> 
     </span>
     <span class='ocr_line' id='line_1_21' title="bbox 67 1445 829 1485; baseline -0.001 -7"><span class='ocrx_word' id='word_1_183' title='bbox 67 1446 193 1485; x_wconf 83' lang='lat' dir='ltr'>citatio,</span> <span class='ocrx_word' id='word_1_184' title='bbox 219 1445 402 1485; x_wconf 85' lang='lat' dir='ltr'>meditatio,</span> <span class='ocrx_word' id='word_1_185' title='bbox 428 1446 633 1478; x_wconf 83' lang='lat' dir='ltr'>consuetudo</span> <span class='ocrx_word' id='word_1_186' title='bbox 656 1446 757 1478; x_wconf 80' lang='lat' dir='ltr'>valet.</span> <span class='ocrx_word' id='word_1_187' title='bbox 790 1447 829 1478; x_wconf 87' lang='lat' dir='ltr'>V.</span> 
     </span>
     <span class='ocr_line' id='line_1_22' title="bbox 65 1489 832 1534; baseline 0 -11"><span class='ocrx_word' id='word_1_188' title='bbox 65 1493 162 1524; x_wconf 81' lang='lat' dir='ltr'>Beier.</span> <span class='ocrx_word' id='word_1_189' title='bbox 186 1491 226 1522; x_wconf 82' lang='lat' dir='ltr'>ad</span> <span class='ocrx_word' id='word_1_190' title='bbox 253 1491 348 1522; x_wconf 86' lang='lat' dir='ltr'>Offic.</span> <span class='ocrx_word' id='word_1_191' title='bbox 373 1492 397 1522; x_wconf 89' lang='grc' dir='ltr'>Ι.</span> <span class='ocrx_word' id='word_1_192' title='bbox 418 1491 481 1529; x_wconf 78' lang='lat'>31,</span> <span class='ocrx_word' id='word_1_193' title='bbox 505 1489 577 1524; x_wconf 64' lang='lat'>114.</span> <span class='ocrx_word' id='word_1_194' title='bbox 604 1503 636 1534; x_wconf 88' lang='lat' dir='ltr'>p.</span> <span class='ocrx_word' id='word_1_195' title='bbox 652 1489 728 1523; x_wconf 65' lang='lat'>245.</span> <span class='ocrx_word' id='word_1_196' title='bbox 776 1491 832 1523; x_wconf 82' lang='lat' dir='ltr'>Sic</span> 
     </span>
     <span class='ocr_line' id='line_1_23' title="bbox 67 1536 832 1579; baseline 0 -11"><span class='ocrx_word' id='word_1_197' title='bbox 67 1536 188 1568; x_wconf 84' lang='lat' dir='ltr'>Plinius</span> <span class='ocrx_word' id='word_1_198' title='bbox 206 1538 325 1579; x_wconf 74' lang='lat' dir='ltr'>Paneg.</span> <span class='ocrx_word' id='word_1_199' title='bbox 349 1536 397 1573; x_wconf 81' lang='lat'>13,</span> <span class='ocrx_word' id='word_1_200' title='bbox 421 1536 447 1568; x_wconf 91' lang='lat'>1.</span> <span class='ocrx_word' id='word_1_201' title='bbox 474 1538 633 1568; x_wconf 82' lang='lat' dir='ltr'>meditatio</span> <span class='ocrx_word' id='word_1_202' title='bbox 651 1539 832 1576; x_wconf 83' lang='lat' dir='ltr'>campestris</span> 
     </span>
     <span class='ocr_line' id='line_1_24' title="bbox 68 1581 831 1624; baseline -0.001 -11"><span class='ocrx_word' id='word_1_203' title='bbox 68 1581 110 1613; x_wconf 89' lang='lat' dir='ltr'>de</span> <span class='ocrx_word' id='word_1_204' title='bbox 124 1592 287 1613; x_wconf 83' lang='lat' dir='ltr'>armorum</span> <span class='ocrx_word' id='word_1_205' title='bbox 303 1581 514 1612; x_wconf 76' lang='lat' dir='ltr'>tractatione.</span> <span class='ocrx_word' id='word_1_206' title='bbox 542 1581 614 1613; x_wconf 82' lang='lat' dir='ltr'>Pari</span> <span class='ocrx_word' id='word_1_207' title='bbox 628 1581 728 1613; x_wconf 90' lang='lat' dir='ltr'>modo</span> <span class='ocrx_word' id='word_1_208' title='bbox 742 1581 831 1624; x_wconf 90' lang='lat' dir='ltr'>apud</span> 
     </span>
     <span class='ocr_line' id='line_1_25' title="bbox 70 1626 831 1670; baseline 0 -13"><span class='ocrx_word' id='word_1_209' title='bbox 70 1627 214 1658; x_wconf 88' lang='lat' dir='ltr'>Graecos</span> <span class='ocrx_word' id='word_1_210' title='bbox 246 1626 368 1668; x_wconf 78' lang='grc' dir='ltr'>μελέτη</span> <span class='ocrx_word' id='word_1_211' title='bbox 399 1633 432 1657; x_wconf 91' lang='lat' dir='ltr'>et</span> <span class='ocrx_word' id='word_1_212' title='bbox 459 1627 599 1670; x_wconf 71' lang='grc' dir='ltr'>μελετᾷν</span> <span class='ocrx_word' id='word_1_213' title='bbox 630 1627 765 1669; x_wconf 86' lang='lat' dir='ltr'>proprie</span> <span class='ocrx_word' id='word_1_214' title='bbox 789 1626 831 1658; x_wconf 91' lang='lat' dir='ltr'>de</span> 
     </span>
     <span class='ocr_line' id='line_1_26' title="bbox 67 1670 830 1714; baseline 0.001 -12"><span class='ocrx_word' id='word_1_215' title='bbox 67 1671 106 1703; x_wconf 88' lang='lat' dir='ltr'>iis</span> <span class='ocrx_word' id='word_1_216' title='bbox 129 1671 418 1704; x_wconf 79' lang='lat' dir='ltr'>exercitationibus</span> <span class='ocrx_word' id='word_1_217' title='bbox 443 1670 617 1710; x_wconf 83' lang='lat' dir='ltr'>dicuntur,</span> <span class='ocrx_word' id='word_1_218' title='bbox 648 1682 726 1714; x_wconf 89' lang='lat' dir='ltr'>quas</span> <span class='ocrx_word' id='word_1_219' title='bbox 751 1671 830 1703; x_wconf 77' lang='lat' dir='ltr'>rhe-</span> 
     </span>
     <span class='ocr_line' id='line_1_27' title="bbox 67 1716 832 1754; baseline 0 -7"><span class='ocrx_word' id='word_1_220' title='bbox 67 1724 168 1754; x_wconf 83' lang='lat' dir='ltr'>tores,</span> <span class='ocrx_word' id='word_1_221' title='bbox 193 1717 325 1754; x_wconf 79' lang='lat' dir='ltr'>milites,</span> <span class='ocrx_word' id='word_1_222' title='bbox 349 1716 403 1748; x_wconf 78' lang='lat' dir='ltr'>alii</span> <span class='ocrx_word' id='word_1_223' title='bbox 425 1716 622 1754; x_wconf 71' lang='lat' dir='ltr'>instituunt3</span> <span class='ocrx_word' id='word_1_224' title='bbox 647 1716 767 1747; x_wconf 88' lang='lat' dir='ltr'>deinde</span> <span class='ocrx_word' id='word_1_225' title='bbox 789 1716 832 1747; x_wconf 88' lang='lat' dir='ltr'>de</span> 
     </span>
     <span class='ocr_line' id='line_1_28' title="bbox 67 1760 832 1805; baseline 0.003 -14"><span class='ocrx_word' id='word_1_226' title='bbox 67 1762 180 1805; x_wconf 79' lang='lat' dir='ltr'>quavis</span> <span class='ocrx_word' id='word_1_227' title='bbox 195 1762 433 1793; x_wconf 78' lang='lat' dir='ltr'>exercitatione</span> <span class='ocrx_word' id='word_1_228' title='bbox 449 1760 612 1793; x_wconf 88' lang='lat' dir='ltr'>dicuntur.</span> <span class='ocrx_word' id='word_1_229' title='bbox 645 1762 685 1793; x_wconf 88' lang='lat' dir='ltr'>V.</span> <span class='ocrx_word' id='word_1_230' title='bbox 699 1763 832 1794; x_wconf 76' lang='lat' dir='ltr'>Fi&#39;sclter.</span> 
     </span>
     <span class='ocr_line' id='line_1_29' title="bbox 67 1806 635 1849; baseline 0.002 -11"><span class='ocrx_word' id='word_1_231' title='bbox 67 1807 109 1838; x_wconf 83' lang='lat' dir='ltr'>ad</span> <span class='ocrx_word' id='word_1_232' title='bbox 133 1807 292 1849; x_wconf 84' lang='lat' dir='ltr'>Xenoph.</span> <span class='ocrx_word' id='word_1_233' title='bbox 320 1807 441 1849; x_wconf 79' lang='lat' dir='ltr'>Cyrop.</span> <span class='ocrx_word' id='word_1_234' title='bbox 468 1807 492 1838; x_wconf 87' lang='grc' dir='ltr'>Ι.</span> <span class='ocrx_word' id='word_1_235' title='bbox 516 1806 556 1845; x_wconf 76' lang='lat'>2,</span> <span class='ocrx_word' id='word_1_236' title='bbox 585 1807 635 1839; x_wconf 89' lang='grc'>10.</span> 
     </span>
    </p>

    <p class='ocr_par' dir='ltr' id='par_1_9' title="bbox 66 1851 839 3014">
     <span class='ocr_line' id='line_1_30' title="bbox 135 1851 828 1895; baseline -0.001 -12"><span class='ocrx_word' id='word_1_237' title='bbox 135 1853 261 1892; x_wconf 76' lang='lat' dir='ltr'>fruatur</span> <span class='ocrx_word' id='word_1_238' title='bbox 272 1851 387 1894; x_wconf 67' lang='lat' dir='ltr'>officio]</span> <span class='ocrx_word' id='word_1_239' title='bbox 405 1852 496 1883; x_wconf 85' lang='lat' dir='ltr'>Haec</span> <span class='ocrx_word' id='word_1_240' title='bbox 508 1858 557 1883; x_wconf 87' lang='lat' dir='ltr'>est</span> <span class='ocrx_word' id='word_1_241' title='bbox 569 1851 713 1893; x_wconf 70' lang='lat' dir='ltr'>vulgata,</span> <span class='ocrx_word' id='word_1_242' title='bbox 731 1863 828 1895; x_wconf 90' lang='lat' dir='ltr'>quam</span> 
     </span>
     <span class='ocr_line' id='line_1_31' title="bbox 67 1896 828 1939; baseline -0.001 -11"><span class='ocrx_word' id='word_1_243' title='bbox 67 1907 135 1929; x_wconf 87' lang='lat' dir='ltr'>non</span> <span class='ocrx_word' id='word_1_244' title='bbox 157 1896 262 1928; x_wconf 86' lang='lat' dir='ltr'>sotum</span> <span class='ocrx_word' id='word_1_245' title='bbox 286 1896 417 1939; x_wconf 86' lang='lat' dir='ltr'>plurimi</span> <span class='ocrx_word' id='word_1_246' title='bbox 441 1896 538 1928; x_wconf 89' lang='lat' dir='ltr'>codd.</span> <span class='ocrx_word' id='word_1_247' title='bbox 559 1897 733 1935; x_wconf 80' lang='lat' dir='ltr'>exhibent,</span> <span class='ocrx_word' id='word_1_248' title='bbox 768 1908 828 1927; x_wconf 85' lang='lat' dir='ltr'>ve-</span> 
     </span>
     <span class='ocr_line' id='line_1_32' title="bbox 67 1941 829 1984; baseline 0 -11"><span class='ocrx_word' id='word_1_249' title='bbox 67 1953 139 1974; x_wconf 90' lang='lat' dir='ltr'>rum</span> <span class='ocrx_word' id='word_1_250' title='bbox 159 1941 258 1973; x_wconf 84' lang='lat' dir='ltr'>etiam</span> <span class='ocrx_word' id='word_1_251' title='bbox 282 1941 419 1984; x_wconf 87' lang='lat' dir='ltr'>optimi,</span> <span class='ocrx_word' id='word_1_252' title='bbox 445 1948 482 1973; x_wconf 89' lang='lat' dir='ltr'>ut</span> <span class='ocrx_word' id='word_1_253' title='bbox 505 1942 543 1973; x_wconf 81' lang='lat' dir='ltr'>R.</span> <span class='ocrx_word' id='word_1_254' title='bbox 565 1942 600 1972; x_wconf 91' lang='lat' dir='ltr'>P.</span> <span class='ocrx_word' id='word_1_255' title='bbox 627 1941 713 1973; x_wconf 90' lang='lat' dir='ltr'>Gud.</span> <span class='ocrx_word' id='word_1_256' title='bbox 738 1941 765 1973; x_wconf 90' lang='lat'>1.</span> <span class='ocrx_word' id='word_1_257' title='bbox 786 1942 829 1979; x_wconf 81' lang='lat' dir='ltr'>b.‚</span> 
     </span>
     <span class='ocr_line' id='line_1_33' title="bbox 68 1986 831 2029; baseline -0.003 -11"><span class='ocrx_word' id='word_1_258' title='bbox 68 1986 127 2018; x_wconf 90' lang='lat' dir='ltr'>sed</span> <span class='ocrx_word' id='word_1_259' title='bbox 147 1997 230 2029; x_wconf 90' lang='lat' dir='ltr'>quae</span> <span class='ocrx_word' id='word_1_260' title='bbox 253 1992 286 2017; x_wconf 88' lang='lat' dir='ltr'>et</span> <span class='ocrx_word' id='word_1_261' title='bbox 305 1986 481 2018; x_wconf 87' lang='lat' dir='ltr'>Latinitati</span> <span class='ocrx_word' id='word_1_262' title='bbox 502 1997 597 2028; x_wconf 90' lang='lat' dir='ltr'>quam</span> <span class='ocrx_word' id='word_1_263' title='bbox 617 1987 756 2018; x_wconf 86' lang='lat' dir='ltr'>maxime</span> <span class='ocrx_word' id='word_1_264' title='bbox 777 1986 831 2016; x_wconf 83' lang='lat' dir='ltr'>vi—</span> 
     </span>
     <span class='ocr_line' id='line_1_34' title="bbox 68 2030 831 2063; baseline -0.001 0"><span class='ocrx_word' id='word_1_265' title='bbox 68 2032 166 2063; x_wconf 86' lang='lat' dir='ltr'>detur</span> <span class='ocrx_word' id='word_1_266' title='bbox 186 2030 352 2062; x_wconf 84' lang='lat' dir='ltr'>adversari</span> <span class='ocrx_word' id='word_1_267' title='bbox 374 2038 407 2062; x_wconf 91' lang='lat' dir='ltr'>et</span> <span class='ocrx_word' id='word_1_268' title='bbox 422 2031 620 2062; x_wconf 79' lang='lat' dir='ltr'>sententiam</span> <span class='ocrx_word' id='word_1_269' title='bbox 636 2038 730 2063; x_wconf 87' lang='lat' dir='ltr'>notat</span> <span class='ocrx_word' id='word_1_270' title='bbox 742 2030 831 2063; x_wconf 88' lang='lat' dir='ltr'>haud</span> 
     </span>
     <span class='ocr_line' id='line_1_35' title="bbox 69 2076 830 2119; baseline -0.001 -11"><span class='ocrx_word' id='word_1_271' title='bbox 69 2088 148 2108; x_wconf 88' lang='lat' dir='ltr'>sane</span> <span class='ocrx_word' id='word_1_272' title='bbox 172 2076 376 2107; x_wconf 87' lang='lat' dir='ltr'>concinnam.</span> <span class='ocrx_word' id='word_1_273' title='bbox 419 2076 517 2115; x_wconf 88' lang='lat' dir='ltr'>Quis,</span> <span class='ocrx_word' id='word_1_274' title='bbox 544 2087 677 2119; x_wconf 88' lang='lat' dir='ltr'>quaeso,</span> <span class='ocrx_word' id='word_1_275' title='bbox 703 2077 830 2108; x_wconf 83' lang='lat' dir='ltr'>Roma-</span> 
     </span>
     <span class='ocr_line' id='line_1_36' title="bbox 69 2120 832 2164; baseline 0 -11"><span class='ocrx_word' id='word_1_276' title='bbox 69 2132 185 2153; x_wconf 86' lang='lat' dir='ltr'>norum</span> <span class='ocrx_word' id='word_1_277' title='bbox 209 2132 344 2164; x_wconf 88' lang='lat' dir='ltr'>usquam</span> <span class='ocrx_word' id='word_1_278' title='bbox 370 2120 471 2152; x_wconf 75' lang='lat' dir='ltr'>dixit:</span> <span class='ocrx_word' id='word_1_279' title='bbox 494 2122 707 2161; x_wconf 78' lang='lat' dir='ltr'>philosophiae</span> <span class='ocrx_word' id='word_1_280' title='bbox 730 2123 832 2162; x_wconf 76' lang='lat' dir='ltr'>officio</span> 
     </span>
     <span class='ocr_line' id='line_1_37' title="bbox 68 2165 831 2208; baseline 0 -10"><span class='ocrx_word' id='word_1_281' title='bbox 68 2168 159 2206; x_wconf 72' lang='lat' dir='ltr'>frui?</span> <span class='ocrx_word' id='word_1_282' title='bbox 203 2166 411 2206; x_wconf 76' lang='lat' dir='ltr'>Wopkens.</span> <span class='ocrx_word' id='word_1_283' title='bbox 446 2165 579 2208; x_wconf 89' lang='lat' dir='ltr'>quidem</span> <span class='ocrx_word' id='word_1_284' title='bbox 604 2167 714 2198; x_wconf 88' lang='lat' dir='ltr'>Lectt.</span> <span class='ocrx_word' id='word_1_285' title='bbox 741 2166 831 2199; x_wconf 90' lang='lat' dir='ltr'>Tull.</span> 
     </span>
     <span class='ocr_line' id='line_1_38' title="bbox 69 2211 830 2253; baseline -0.001 -11"><span class='ocrx_word' id='word_1_286' title='bbox 69 2212 93 2249; x_wconf 81' lang='grc' dir='ltr'>Ι,</span> <span class='ocrx_word' id='word_1_287' title='bbox 112 2211 161 2243; x_wconf 74' lang='lat' dir='ltr'>l-l.</span> <span class='ocrx_word' id='word_1_288' title='bbox 178 2211 297 2253; x_wconf 77' lang='lat' dir='ltr'>p.112.</span> <span class='ocrx_word' id='word_1_289' title='bbox 313 2218 501 2253; x_wconf 84' lang='lat' dir='ltr'>comparat:</span> <span class='ocrx_word' id='word_1_290' title='bbox 526 2211 568 2242; x_wconf 92' lang='lat' dir='ltr'>de</span> <span class='ocrx_word' id='word_1_291' title='bbox 580 2211 684 2243; x_wconf 84' lang='lat' dir='ltr'>Amic.</span> <span class='ocrx_word' id='word_1_292' title='bbox 701 2212 755 2249; x_wconf 77' lang='lat' dir='ltr'>IV,</span> <span class='ocrx_word' id='word_1_293' title='bbox 772 2212 830 2244; x_wconf 83' lang='lat'>15:</span> 
     </span>
     <span class='ocr_line' id='line_1_39' title="bbox 66 2257 832 2297; baseline -0.001 -10"><span class='ocrx_word' id='word_1_294' title='bbox 66 2257 278 2288; x_wconf 80' lang='lat' dir='ltr'>recordatione</span> <span class='ocrx_word' id='word_1_295' title='bbox 311 2261 434 2288; x_wconf 84' lang='lat' dir='ltr'>nostrae</span> <span class='ocrx_word' id='word_1_296' title='bbox 468 2258 625 2288; x_wconf 78' lang='lat' dir='ltr'>amicitiae</span> <span class='ocrx_word' id='word_1_297' title='bbox 656 2276 700 2280; x_wconf 97' lang='lat'><strong>—</strong></span> <span class='ocrx_word' id='word_1_298' title='bbox 733 2259 832 2297; x_wconf 73' lang='lat' dir='ltr'>fruor.</span> 
     </span>
     <span class='ocr_line' id='line_1_40' title="bbox 69 2300 831 2341; baseline 0 -9"><span class='ocrx_word' id='word_1_299' title='bbox 69 2301 158 2332; x_wconf 89' lang='lat' dir='ltr'>Flor.</span> <span class='ocrx_word' id='word_1_300' title='bbox 177 2302 217 2338; x_wconf 83' lang='lat' dir='ltr'>tt,</span> <span class='ocrx_word' id='word_1_301' title='bbox 233 2300 274 2333; x_wconf 82' lang='lat'>6:</span> <span class='ocrx_word' id='word_1_302' title='bbox 297 2303 429 2333; x_wconf 83' lang='lat' dir='ltr'>victoria</span> <span class='ocrx_word' id='word_1_303' title='bbox 443 2302 526 2341; x_wconf 71' lang='lat' dir='ltr'>frui5</span> <span class='ocrx_word' id='word_1_304' title='bbox 549 2301 606 2332; x_wconf 89' lang='lat' dir='ltr'>sed</span> <span class='ocrx_word' id='word_1_305' title='bbox 623 2301 704 2333; x_wconf 86' lang='lat' dir='ltr'>haec</span> <span class='ocrx_word' id='word_1_306' title='bbox 717 2313 831 2333; x_wconf 81' lang='lat' dir='ltr'>exem-</span> 
     </span>
     <span class='ocr_line' id='line_1_41' title="bbox 70 2345 832 2388; baseline 0.003 -13"><span class='ocrx_word' id='word_1_307' title='bbox 70 2345 124 2388; x_wconf 82' lang='lat' dir='ltr'>pla</span> <span class='ocrx_word' id='word_1_308' title='bbox 148 2345 399 2387; x_wconf 84' lang='lat' dir='ltr'>haudquaquam</span> <span class='ocrx_word' id='word_1_309' title='bbox 424 2346 586 2388; x_wconf 80' lang='lat' dir='ltr'>probant,</span> <span class='ocrx_word' id='word_1_310' title='bbox 624 2346 742 2378; x_wconf 87' lang='lat' dir='ltr'>Latine</span> <span class='ocrx_word' id='word_1_311' title='bbox 767 2346 832 2377; x_wconf 89' lang='lat' dir='ltr'>dici</span> 
     </span>
     <span class='ocr_line' id='line_1_42' title="bbox 72 2389 833 2431; baseline 0.001 -10"><span class='ocrx_word' id='word_1_312' title='bbox 72 2389 218 2431; x_wconf 86' lang='lat' dir='ltr'>potuisse</span> <span class='ocrx_word' id='word_1_313' title='bbox 244 2392 456 2429; x_wconf 79' lang='lat' dir='ltr'>philosophiae</span> <span class='ocrx_word' id='word_1_314' title='bbox 476 2392 578 2430; x_wconf 78' lang='lat' dir='ltr'>officio</span> <span class='ocrx_word' id='word_1_315' title='bbox 604 2393 679 2430; x_wconf 73' lang='lat' dir='ltr'>frui.</span> <span class='ocrx_word' id='word_1_316' title='bbox 727 2394 757 2423; x_wconf 85' lang='lat' dir='ltr'><em>H</em></span> <span class='ocrx_word' id='word_1_317' title='bbox 765 2401 785 2422; x_wconf 91' lang='lat' dir='ltr'>a</span> <span class='ocrx_word' id='word_1_318' title='bbox 796 2402 833 2422; x_wconf 78' lang='lat' dir='ltr'>n-</span> 
     </span>
     <span class='ocr_line' id='line_1_43' title="bbox 70 2434 836 2477; baseline 0 -11"><span class='ocrx_word' id='word_1_319' title='bbox 70 2436 91 2466; x_wconf 82' lang='lat' dir='ltr'>d</span> <span class='ocrx_word' id='word_1_320' title='bbox 102 2437 113 2466; x_wconf 83' lang='lat' dir='ltr'>i</span> <span class='ocrx_word' id='word_1_321' title='bbox 124 2445 144 2466; x_wconf 83' lang='lat' dir='ltr'>u</span> <span class='ocrx_word' id='word_1_322' title='bbox 155 2445 169 2466; x_wconf 84' lang='lat' dir='ltr'>s</span> <span class='ocrx_word' id='word_1_323' title='bbox 185 2434 437 2477; x_wconf 85' lang='lat' dir='ltr'>interpretatur:</span> <span class='ocrx_word' id='word_1_324' title='bbox 460 2435 572 2466; x_wconf 84' lang='lat' dir='ltr'>officio</span> <span class='ocrx_word' id='word_1_325' title='bbox 588 2435 757 2477; x_wconf 89' lang='lat' dir='ltr'>fungendo</span> <span class='ocrx_word' id='word_1_326' title='bbox 771 2435 836 2466; x_wconf 88' lang='lat' dir='ltr'>de-</span> 
     </span>
     <span class='ocr_line' id='line_1_44' title="bbox 70 2478 835 2519; baseline 0.003 -9"><span class='ocrx_word' id='word_1_327' title='bbox 70 2479 186 2511; x_wconf 85' lang='lat' dir='ltr'>lectari</span> <span class='ocrx_word' id='word_1_328' title='bbox 208 2485 242 2510; x_wconf 89' lang='lat' dir='ltr'>et</span> <span class='ocrx_word' id='word_1_329' title='bbox 255 2478 519 2510; x_wconf 87' lang='lat' dir='ltr'>consideratione</span> <span class='ocrx_word' id='word_1_330' title='bbox 534 2491 641 2510; x_wconf 89' lang='lat' dir='ltr'>rerum</span> <span class='ocrx_word' id='word_1_331' title='bbox 659 2480 736 2519; x_wconf 83' lang='lat' dir='ltr'>frui,</span> <span class='ocrx_word' id='word_1_332' title='bbox 762 2480 835 2512; x_wconf 91' lang='lat' dir='ltr'>col-</span> 
     </span>
     <span class='ocr_line' id='line_1_45' title="bbox 70 2522 835 2566; baseline 0 -10"><span class='ocrx_word' id='word_1_333' title='bbox 70 2524 138 2557; x_wconf 87' lang='lat' dir='ltr'>lato</span> <span class='ocrx_word' id='word_1_334' title='bbox 151 2526 276 2555; x_wconf 86' lang='lat' dir='ltr'>Seneca</span> <span class='ocrx_word' id='word_1_335' title='bbox 300 2535 352 2566; x_wconf 85' lang='lat' dir='ltr'>ep.</span> <span class='ocrx_word' id='word_1_336' title='bbox 366 2522 421 2563; x_wconf 87' lang='lat'>93,</span> <span class='ocrx_word' id='word_1_337' title='bbox 441 2523 481 2557; x_wconf 80' lang='lat'>7:</span> <span class='ocrx_word' id='word_1_338' title='bbox 504 2526 640 2555; x_wconf 83' lang='lat' dir='ltr'>omnium</span> <span class='ocrx_word' id='word_1_339' title='bbox 659 2535 762 2556; x_wconf 84' lang='lat' dir='ltr'>rerum</span> <span class='ocrx_word' id='word_1_340' title='bbox 785 2535 835 2557; x_wconf 92' lang='lat' dir='ltr'>co-</span> 
     </span>
     <span class='ocr_line' id='line_1_46' title="bbox 71 2568 836 2612; baseline -0.003 -10"><span class='ocrx_word' id='word_1_341' title='bbox 71 2572 207 2610; x_wconf 78' lang='lat' dir='ltr'>9uitione</span> <span class='ocrx_word' id='word_1_342' title='bbox 224 2571 312 2610; x_wconf 73' lang='lat' dir='ltr'>fruiti</span> <span class='ocrx_word' id='word_1_343' title='bbox 324 2579 448 2601; x_wconf 86' lang='lat' dir='ltr'>sumus:</span> <span class='ocrx_word' id='word_1_344' title='bbox 473 2568 561 2612; x_wconf 89' lang='lat' dir='ltr'>quod</span> <span class='ocrx_word' id='word_1_345' title='bbox 576 2568 708 2611; x_wconf 87' lang='lat' dir='ltr'>quidem</span> <span class='ocrx_word' id='word_1_346' title='bbox 721 2580 836 2600; x_wconf 85' lang='lat' dir='ltr'>exem-</span> 
     </span>
     <span class='ocr_line' id='line_1_47' title="bbox 72 2613 836 2658; baseline 0 -13"><span class='ocrx_word' id='word_1_347' title='bbox 72 2614 164 2658; x_wconf 88' lang='lat' dir='ltr'>plum</span> <span class='ocrx_word' id='word_1_348' title='bbox 185 2613 323 2645; x_wconf 90' lang='lat' dir='ltr'>multum</span> <span class='ocrx_word' id='word_1_349' title='bbox 339 2613 418 2645; x_wconf 87' lang='lat' dir='ltr'>mihi</span> <span class='ocrx_word' id='word_1_350' title='bbox 435 2613 558 2645; x_wconf 87' lang='lat' dir='ltr'>distare</span> <span class='ocrx_word' id='word_1_351' title='bbox 577 2613 707 2645; x_wconf 90' lang='lat' dir='ltr'>videtur</span> <span class='ocrx_word' id='word_1_352' title='bbox 723 2626 742 2645; x_wconf 88' lang='lat' dir='ltr'>a</span> <span class='ocrx_word' id='word_1_353' title='bbox 761 2614 836 2646; x_wconf 91' lang='lat' dir='ltr'>loco</span> 
     </span>
     <span class='ocr_line' id='line_1_48' title="bbox 72 2658 835 2702; baseline -0.003 -11"><span class='ocrx_word' id='word_1_354' title='bbox 72 2665 196 2691; x_wconf 88' lang='lat' dir='ltr'>nostro.</span> <span class='ocrx_word' id='word_1_355' title='bbox 245 2659 372 2690; x_wconf 84' lang='lat' dir='ltr'>Deinde</span> <span class='ocrx_word' id='word_1_356' title='bbox 396 2670 479 2702; x_wconf 88' lang='lat' dir='ltr'>quae</span> <span class='ocrx_word' id='word_1_357' title='bbox 502 2665 552 2690; x_wconf 88' lang='lat' dir='ltr'>est</span> <span class='ocrx_word' id='word_1_358' title='bbox 576 2658 632 2690; x_wconf 88' lang='lat' dir='ltr'>illa</span> <span class='ocrx_word' id='word_1_359' title='bbox 654 2658 835 2690; x_wconf 87' lang='lat' dir='ltr'>sententia:</span> 
     </span>
     <span class='ocr_line' id='line_1_49' title="bbox 72 2705 839 2744; baseline -0.001 -9"><span class='ocrx_word' id='word_1_360' title='bbox 72 2705 133 2743; x_wconf 81' lang='lat' dir='ltr'>Qui</span> <span class='ocrx_word' id='word_1_361' title='bbox 155 2706 392 2736; x_wconf 76' lang='lat' dir='ltr'>imbecillitatem</span> <span class='ocrx_word' id='word_1_362' title='bbox 421 2707 540 2744; x_wconf 69' lang='lat' dir='ltr'>yeneris</span> <span class='ocrx_word' id='word_1_363' title='bbox 562 2705 691 2735; x_wconf 84' lang='lat' dir='ltr'>humani</span> <span class='ocrx_word' id='word_1_364' title='bbox 714 2706 839 2743; x_wconf 78' lang='lat' dir='ltr'>coqitat,</span> 
     </span>
     <span class='ocr_line' id='line_1_50' title="bbox 72 2750 838 2789; baseline -0.001 -9"><span class='ocrx_word' id='word_1_365' title='bbox 72 2758 134 2780; x_wconf 84' lang='lat' dir='ltr'>non</span> <span class='ocrx_word' id='word_1_366' title='bbox 159 2753 295 2789; x_wconf 84' lang='lat' dir='ltr'>maeret,</span> <span class='ocrx_word' id='word_1_367' title='bbox 329 2750 382 2781; x_wconf 84' lang='lat' dir='ltr'>sed</span> <span class='ocrx_word' id='word_1_368' title='bbox 413 2754 441 2780; x_wconf 79' lang='lat' dir='ltr'>et</span> <span class='ocrx_word' id='word_1_369' title='bbox 470 2752 596 2789; x_wconf 85' lang='lat' dir='ltr'>proprio</span> <span class='ocrx_word' id='word_1_370' title='bbox 626 2750 838 2788; x_wconf 81' lang='lat' dir='ltr'>philosophiae</span> 
     </span>
     <span class='ocr_line' id='line_1_51' title="bbox 72 2793 838 2833; baseline 0 -9"><span class='ocrx_word' id='word_1_371' title='bbox 72 2793 174 2832; x_wconf 73' lang='lat' dir='ltr'>officio</span> <span class='ocrx_word' id='word_1_372' title='bbox 204 2795 318 2833; x_wconf 74' lang='lat' dir='ltr'>fruitur</span> <span class='ocrx_word' id='word_1_373' title='bbox 351 2798 378 2825; x_wconf 85' lang='lat' dir='ltr'>et</span> <span class='ocrx_word' id='word_1_374' title='bbox 401 2795 542 2825; x_wconf 80' lang='lat' dir='ltr'>adversis</span> <span class='ocrx_word' id='word_1_375' title='bbox 577 2795 699 2825; x_wconf 85' lang='lat' dir='ltr'>casibus</span> <span class='ocrx_word' id='word_1_376' title='bbox 733 2803 838 2825; x_wconf 84' lang='lat' dir='ltr'>conso-</span> 
     </span>
     <span class='ocr_line' id='line_1_52' title="bbox 75 2838 837 2878; baseline 0.003 -11"><span class='ocrx_word' id='word_1_377' title='bbox 75 2839 187 2869; x_wconf 75' lang='lat' dir='ltr'>latione</span> <span class='ocrx_word' id='word_1_378' title='bbox 207 2841 366 2870; x_wconf 74' lang='lat' dir='ltr'>sanatur?</span> <span class='ocrx_word' id='word_1_379' title='bbox 408 2838 573 2871; x_wconf 84' lang='lat' dir='ltr'>Videlicet</span> <span class='ocrx_word' id='word_1_380' title='bbox 593 2841 720 2878; x_wconf 85' lang='lat' dir='ltr'>proprio</span> <span class='ocrx_word' id='word_1_381' title='bbox 736 2839 837 2877; x_wconf 84' lang='lat' dir='ltr'>phito-</span> 
     </span>
     <span class='ocr_line' id='line_1_53' title="bbox 73 2883 838 2925; baseline 0.001 -13"><span class='ocrx_word' id='word_1_382' title='bbox 73 2883 198 2920; x_wconf 83' lang='lat' dir='ltr'>sophiae</span> <span class='ocrx_word' id='word_1_383' title='bbox 218 2884 320 2923; x_wconf 72' lang='lat' dir='ltr'>officio</span> <span class='ocrx_word' id='word_1_384' title='bbox 340 2885 404 2923; x_wconf 76' lang='lat' dir='ltr'>frui</span> <span class='ocrx_word' id='word_1_385' title='bbox 425 2890 475 2916; x_wconf 87' lang='lat' dir='ltr'>est</span> <span class='ocrx_word' id='word_1_386' title='bbox 496 2884 637 2915; x_wconf 81' lang='lat' dir='ltr'>fructum</span> <span class='ocrx_word' id='word_1_387' title='bbox 662 2894 779 2925; x_wconf 82' lang='lat' dir='ltr'>capere</span> <span class='ocrx_word' id='word_1_388' title='bbox 799 2894 838 2913; x_wconf 78' lang='lat' dir='ltr'>ex</span> 
     </span>
     <span class='ocr_line' id='line_1_54' title="bbox 75 2925 838 2970; baseline 0.001 -13"><span class='ocrx_word' id='word_1_389' title='bbox 75 2925 212 2968; x_wconf 87' lang='lat' dir='ltr'>proprio</span> <span class='ocrx_word' id='word_1_390' title='bbox 241 2927 296 2969; x_wconf 76' lang='lat' dir='ltr'>ph.</span> <span class='ocrx_word' id='word_1_391' title='bbox 322 2928 446 2960; x_wconf 80' lang='lat' dir='ltr'>officio.</span> <span class='ocrx_word' id='word_1_392' title='bbox 493 2932 537 2960; x_wconf 84' lang='lat' dir='ltr'>At</span> <span class='ocrx_word' id='word_1_393' title='bbox 569 2928 737 2959; x_wconf 75' lang='lat' dir='ltr'>enimvero</span> <span class='ocrx_word' id='word_1_394' title='bbox 759 2927 838 2970; x_wconf 84' lang='lat' dir='ltr'>quid</span> 
     </span>
     <span class='ocr_line' id='line_1_55' title="bbox 75 2970 837 3014; baseline 0.005 -13"><span class='ocrx_word' id='word_1_395' title='bbox 75 2970 209 3002; x_wconf 70' lang='lat' dir='ltr'>tandem</span> <span class='ocrx_word' id='word_1_396' title='bbox 229 2971 290 3003; x_wconf 84' lang='lat' dir='ltr'>sibi</span> <span class='ocrx_word' id='word_1_397' title='bbox 312 2973 381 3004; x_wconf 90' lang='lat' dir='ltr'>vult</span> <span class='ocrx_word' id='word_1_398' title='bbox 403 2973 484 3005; x_wconf 88' lang='lat' dir='ltr'>illud</span> <span class='ocrx_word' id='word_1_399' title='bbox 515 2974 670 3014; x_wconf 80' lang='lat' dir='ltr'>proprio?</span> <span class='ocrx_word' id='word_1_400' title='bbox 719 2975 837 3004; x_wconf 78' lang='lat' dir='ltr'>Annon</span> 
     </span>
    </p>
   </div>
   <div class='ocr_carea' id='block_1_8' title="bbox 879 1156 1631 1245">
    <p class='ocr_par' dir='ltr' id='par_1_10' title="bbox 879 1156 1631 1245">
     <span class='ocr_line' id='line_1_56' title="bbox 879 1156 1631 1245; baseline 0.004 -14"><span class='ocrx_word' id='word_1_401' title='bbox 879 1199 977 1232; x_wconf 73' lang='lat' dir='ltr'>vind.</span> <span class='ocrx_word' id='word_1_402' title='bbox 995 1198 1022 1232; x_wconf 86' lang='lat'>1.</span> <span class='ocrx_word' id='word_1_403' title='bbox 1042 1198 1074 1232; x_wconf 82' lang='lat'>2.</span> <span class='ocrx_word' id='word_1_404' title='bbox 1098 1200 1205 1232; x_wconf 86' lang='lat' dir='ltr'>Marb.</span> <span class='ocrx_word' id='word_1_405' title='bbox 1226 1201 1317 1233; x_wconf 81' lang='lat' dir='ltr'>Mon.</span> <span class='ocrx_word' id='word_1_406' title='bbox 1338 1201 1389 1239; x_wconf 87' lang='lat'>1.;</span> <span class='ocrx_word' id='word_1_407' title='bbox 1415 1157 1471 1233; x_wconf 38' lang='lat' dir='ltr'>gri</span> <span class='ocrx_word' id='word_1_408' title='bbox 1485 1157 1522 1233; x_wconf 71' lang='lat' dir='ltr'>Ic.</span> <span class='ocrx_word' id='word_1_409' title='bbox 1544 1156 1631 1245; x_wconf 52' lang='lat' dir='ltr'>vlulggi</span> 
     </span>
    </p>
   </div>
   <div class='ocr_carea' id='block_1_9' title="bbox 868 1244 953 1276">
    <p class='ocr_par' dir='ltr' id='par_1_11' title="bbox 868 1244 953 1276">
     <span class='ocr_line' id='line_1_57' title="bbox 868 1244 953 1276; baseline 0 0"><span class='ocrx_word' id='word_1_410' title='bbox 868 1244 953 1276; x_wconf 76' lang='lat' dir='ltr'>Ado.</span> 
     </span>
    </p>
   </div>
   <div class='ocr_carea' id='block_1_10' title="bbox 863 1310 1635 3005">
    <p class='ocr_par' dir='ltr' id='par_1_12' title="bbox 863 1310 1635 3005">
     <span class='ocr_line' id='line_1_58' title="bbox 867 1310 1630 1354; baseline 0.005 -12"><span class='ocrx_word' id='word_1_411' title='bbox 867 1310 1044 1343; x_wconf 84' lang='lat' dir='ltr'>dicendum</span> <span class='ocrx_word' id='word_1_412' title='bbox 1077 1319 1147 1344; x_wconf 87' lang='lat' dir='ltr'>erat</span> <span class='ocrx_word' id='word_1_413' title='bbox 1174 1315 1387 1353; x_wconf 81' lang='lat' dir='ltr'>philosophiae</span> <span class='ocrx_word' id='word_1_414' title='bbox 1420 1315 1523 1354; x_wconf 73' lang='lat' dir='ltr'>officio</span> <span class='ocrx_word' id='word_1_415' title='bbox 1555 1325 1630 1346; x_wconf 87' lang='lat' dir='ltr'>vere</span> 
     </span>
     <span class='ocr_line' id='line_1_59' title="bbox 865 1357 1628 1400; baseline 0.005 -13"><span class='ocrx_word' id='word_1_416' title='bbox 865 1358 957 1396; x_wconf 76' lang='lat' dir='ltr'>frui?</span> <span class='ocrx_word' id='word_1_417' title='bbox 1006 1357 1064 1388; x_wconf 86' lang='lat' dir='ltr'>His</span> <span class='ocrx_word' id='word_1_418' title='bbox 1095 1357 1196 1400; x_wconf 87' lang='lat' dir='ltr'>igitur</span> <span class='ocrx_word' id='word_1_419' title='bbox 1227 1358 1387 1389; x_wconf 83' lang='lat' dir='ltr'>adductus</span> <span class='ocrx_word' id='word_1_420' title='bbox 1418 1359 1538 1391; x_wconf 84' lang='lat' dir='ltr'>caussis</span> <span class='ocrx_word' id='word_1_421' title='bbox 1562 1371 1628 1391; x_wconf 88' lang='lat' dir='ltr'>non</span> 
     </span>
     <span class='ocr_line' id='line_1_60' title="bbox 867 1401 1630 1445; baseline 0.007 -14"><span class='ocrx_word' id='word_1_422' title='bbox 867 1401 1003 1440; x_wconf 90' lang='lat' dir='ltr'>dubito,</span> <span class='ocrx_word' id='word_1_423' title='bbox 1029 1401 1106 1444; x_wconf 86' lang='lat' dir='ltr'>quin</span> <span class='ocrx_word' id='word_1_424' title='bbox 1130 1402 1376 1434; x_wconf 87' lang='lat' dir='ltr'>rescribendum</span> <span class='ocrx_word' id='word_1_425' title='bbox 1396 1403 1439 1434; x_wconf 82' lang='lat' dir='ltr'>sit</span> <span class='ocrx_word' id='word_1_426' title='bbox 1463 1406 1630 1445; x_wconf 67' lang='lat' dir='ltr'>fungatur:</span> 
     </span>
     <span class='ocr_line' id='line_1_61' title="bbox 866 1447 1630 1491; baseline 0.003 -14"><span class='ocrx_word' id='word_1_427' title='bbox 866 1457 963 1488; x_wconf 89' lang='lat' dir='ltr'>quam</span> <span class='ocrx_word' id='word_1_428' title='bbox 984 1447 1180 1489; x_wconf 74' lang='lat' dir='ltr'>scripturam</span> <span class='ocrx_word' id='word_1_429' title='bbox 1196 1447 1362 1478; x_wconf 86' lang='lat' dir='ltr'>Manutius</span> <span class='ocrx_word' id='word_1_430' title='bbox 1378 1448 1630 1491; x_wconf 72' lang='lat' dir='ltr'>Lambinusque,</span> 
     </span>
     <span class='ocr_line' id='line_1_62' title="bbox 865 1491 1631 1534; baseline 0.003 -12"><span class='ocrx_word' id='word_1_431' title='bbox 865 1491 934 1522; x_wconf 88' lang='lat' dir='ltr'>sive</span> <span class='ocrx_word' id='word_1_432' title='bbox 968 1491 1070 1523; x_wconf 90' lang='lat' dir='ltr'>libros</span> <span class='ocrx_word' id='word_1_433' title='bbox 1100 1492 1340 1534; x_wconf 82' lang='lat' dir='ltr'>manuscriptos</span> <span class='ocrx_word' id='word_1_434' title='bbox 1364 1492 1433 1524; x_wconf 82' lang='lat' dir='ltr'>sive</span> <span class='ocrx_word' id='word_1_435' title='bbox 1459 1493 1631 1525; x_wconf 87' lang='lat' dir='ltr'>coniectu—</span> 
     </span>
     <span class='ocr_line' id='line_1_63' title="bbox 865 1536 1629 1580; baseline 0.003 -13"><span class='ocrx_word' id='word_1_436' title='bbox 865 1547 934 1568; x_wconf 86' lang='lat' dir='ltr'>ram</span> <span class='ocrx_word' id='word_1_437' title='bbox 957 1536 1081 1575; x_wconf 88' lang='lat' dir='ltr'>secuti‚</span> <span class='ocrx_word' id='word_1_438' title='bbox 1105 1537 1269 1569; x_wconf 89' lang='lat' dir='ltr'>dederunt</span> <span class='ocrx_word' id='word_1_439' title='bbox 1291 1544 1325 1568; x_wconf 88' lang='lat' dir='ltr'>et</span> <span class='ocrx_word' id='word_1_440' title='bbox 1347 1545 1424 1580; x_wconf 87' lang='lat' dir='ltr'>post</span> <span class='ocrx_word' id='word_1_441' title='bbox 1447 1549 1503 1569; x_wconf 86' lang='lat' dir='ltr'>eos</span> <span class='ocrx_word' id='word_1_442' title='bbox 1525 1537 1629 1570; x_wconf 79' lang='lat' dir='ltr'>Davi-</span> 
     </span>
     <span class='ocr_line' id='line_1_64' title="bbox 865 1581 1629 1625; baseline 0.003 -13"><span class='ocrx_word' id='word_1_443' title='bbox 865 1581 950 1620; x_wconf 90' lang='lat' dir='ltr'>sius,</span> <span class='ocrx_word' id='word_1_444' title='bbox 975 1581 1163 1620; x_wconf 67' lang='lat' dir='ltr'>Ernesdus,</span> <span class='ocrx_word' id='word_1_445' title='bbox 1190 1582 1394 1614; x_wconf 88' lang='lat' dir='ltr'>Lallemann.</span> <span class='ocrx_word' id='word_1_446' title='bbox 1421 1590 1629 1625; x_wconf 78' lang='lat' dir='ltr'>receperunt.</span> 
     </span>
     <span class='ocr_line' id='line_1_65' title="bbox 865 1626 1630 1661; baseline 0.004 -4"><span class='ocrx_word' id='word_1_447' title='bbox 865 1627 940 1657; x_wconf 90' lang='lat' dir='ltr'>Huc</span> <span class='ocrx_word' id='word_1_448' title='bbox 961 1626 1090 1658; x_wconf 88' lang='lat' dir='ltr'>accedit</span> <span class='ocrx_word' id='word_1_449' title='bbox 1110 1627 1289 1659; x_wconf 79' lang='lat' dir='ltr'>auctoritas</span> <span class='ocrx_word' id='word_1_450' title='bbox 1312 1627 1409 1661; x_wconf 87' lang='lat' dir='ltr'>codd.</span> <span class='ocrx_word' id='word_1_451' title='bbox 1432 1628 1510 1660; x_wconf 84' lang='lat' dir='ltr'>Ball.</span> <span class='ocrx_word' id='word_1_452' title='bbox 1533 1627 1584 1660; x_wconf 88' lang='lat' dir='ltr'>El.</span> <span class='ocrx_word' id='word_1_453' title='bbox 1598 1628 1630 1660; x_wconf 76' lang='grc'>2.</span> 
     </span>
     <span class='ocr_line' id='line_1_66' title="bbox 868 1671 1629 1714; baseline 0.001 -11"><span class='ocrx_word' id='word_1_454' title='bbox 868 1671 979 1703; x_wconf 88' lang='lat' dir='ltr'>Guelf.</span> <span class='ocrx_word' id='word_1_455' title='bbox 1005 1675 1088 1714; x_wconf 83' lang='lat' dir='ltr'>Aug.</span> <span class='ocrx_word' id='word_1_456' title='bbox 1112 1672 1209 1703; x_wconf 89' lang='lat' dir='ltr'>trium</span> <span class='ocrx_word' id='word_1_457' title='bbox 1237 1674 1319 1703; x_wconf 82' lang='lat' dir='ltr'>Oxx.</span> <span class='ocrx_word' id='word_1_458' title='bbox 1353 1680 1405 1711; x_wconf 86' lang='lat' dir='ltr'>et,</span> <span class='ocrx_word' id='word_1_459' title='bbox 1445 1673 1490 1704; x_wconf 88' lang='lat' dir='ltr'>uti</span> <span class='ocrx_word' id='word_1_460' title='bbox 1524 1673 1629 1705; x_wconf 85' lang='lat' dir='ltr'>refert</span> 
     </span>
     <span class='ocr_line' id='line_1_67' title="bbox 866 1717 1630 1760; baseline 0.001 -12"><span class='ocrx_word' id='word_1_461' title='bbox 866 1717 964 1756; x_wconf 83' lang='lat' dir='ltr'>Lall.‚</span> <span class='ocrx_word' id='word_1_462' title='bbox 993 1717 1080 1756; x_wconf 87' lang='lat' dir='ltr'>Vat.,</span> <span class='ocrx_word' id='word_1_463' title='bbox 1105 1717 1138 1748; x_wconf 90' lang='lat' dir='ltr'>in</span> <span class='ocrx_word' id='word_1_464' title='bbox 1165 1717 1281 1760; x_wconf 88' lang='lat' dir='ltr'>quibus</span> <span class='ocrx_word' id='word_1_465' title='bbox 1303 1717 1387 1748; x_wconf 86' lang='lat' dir='ltr'>haec</span> <span class='ocrx_word' id='word_1_466' title='bbox 1410 1718 1525 1749; x_wconf 82' lang='lat' dir='ltr'>eadem</span> <span class='ocrx_word' id='word_1_467' title='bbox 1546 1718 1630 1749; x_wconf 89' lang='lat' dir='ltr'>scri-</span> 
     </span>
     <span class='ocr_line' id='line_1_68' title="bbox 866 1761 1630 1804; baseline 0 -11"><span class='ocrx_word' id='word_1_468' title='bbox 866 1768 962 1804; x_wconf 88' lang='lat' dir='ltr'>ptura</span> <span class='ocrx_word' id='word_1_469' title='bbox 985 1769 1046 1793; x_wconf 89' lang='lat' dir='ltr'>est.</span> <span class='ocrx_word' id='word_1_470' title='bbox 1095 1761 1192 1793; x_wconf 89' lang='lat' dir='ltr'>Unde</span> <span class='ocrx_word' id='word_1_471' title='bbox 1213 1768 1324 1793; x_wconf 90' lang='lat' dir='ltr'>autem</span> <span class='ocrx_word' id='word_1_472' title='bbox 1347 1774 1523 1804; x_wconf 84' lang='lat' dir='ltr'>germanae</span> <span class='ocrx_word' id='word_1_473' title='bbox 1546 1762 1630 1795; x_wconf 87' lang='lat' dir='ltr'>scri-</span> 
     </span>
     <span class='ocr_line' id='line_1_69' title="bbox 865 1806 1631 1850; baseline 0.003 -13"><span class='ocrx_word' id='word_1_474' title='bbox 865 1814 982 1849; x_wconf 86' lang='lat' dir='ltr'>pturae</span> <span class='ocrx_word' id='word_1_475' title='bbox 1014 1806 1202 1848; x_wconf 85' lang='lat' dir='ltr'>corruptela</span> <span class='ocrx_word' id='word_1_476' title='bbox 1228 1813 1306 1838; x_wconf 82' lang='lat' dir='ltr'>nata</span> <span class='ocrx_word' id='word_1_477' title='bbox 1327 1807 1390 1845; x_wconf 87' lang='lat' dir='ltr'>sit,</span> <span class='ocrx_word' id='word_1_478' title='bbox 1430 1808 1526 1839; x_wconf 79' lang='lat' dir='ltr'>facile</span> <span class='ocrx_word' id='word_1_479' title='bbox 1550 1819 1631 1850; x_wconf 85' lang='lat' dir='ltr'>per-</span> 
     </span>
     <span class='ocr_line' id='line_1_70' title="bbox 864 1851 1630 1895; baseline 0.001 -13"><span class='ocrx_word' id='word_1_480' title='bbox 864 1851 1012 1894; x_wconf 89' lang='lat' dir='ltr'>spicitur.</span> <span class='ocrx_word' id='word_1_481' title='bbox 1060 1851 1193 1883; x_wconf 89' lang='lat' dir='ltr'>Scilicet</span> <span class='ocrx_word' id='word_1_482' title='bbox 1221 1862 1320 1894; x_wconf 90' lang='lat' dir='ltr'>quum</span> <span class='ocrx_word' id='word_1_483' title='bbox 1343 1851 1430 1883; x_wconf 84' lang='lat' dir='ltr'>hand</span> <span class='ocrx_word' id='word_1_484' title='bbox 1454 1853 1498 1883; x_wconf 87' lang='lat' dir='ltr'>ita</span> <span class='ocrx_word' id='word_1_485' title='bbox 1529 1852 1630 1895; x_wconf 81' lang='lat' dir='ltr'>longo</span> 
     </span>
     <span class='ocr_line' id='line_1_71' title="bbox 865 1896 1630 1937; baseline 0.001 -10"><span class='ocrx_word' id='word_1_486' title='bbox 865 1897 1041 1927; x_wconf 83' lang='lat' dir='ltr'>verborum</span> <span class='ocrx_word' id='word_1_487' title='bbox 1071 1903 1180 1928; x_wconf 89' lang='lat' dir='ltr'>tractu</span> <span class='ocrx_word' id='word_1_488' title='bbox 1213 1896 1391 1928; x_wconf 85' lang='lat' dir='ltr'>antecedat</span> <span class='ocrx_word' id='word_1_489' title='bbox 1425 1909 1453 1927; x_wconf 90' lang='lat' dir='ltr'>v.</span> <span class='ocrx_word' id='word_1_490' title='bbox 1479 1899 1630 1937; x_wconf 74' lang='lat' dir='ltr'>fun9itur,</span> 
     </span>
     <span class='ocr_line' id='line_1_72' title="bbox 866 1940 1629 1984; baseline 0 -12"><span class='ocrx_word' id='word_1_491' title='bbox 866 1941 978 1973; x_wconf 87' lang='lat' dir='ltr'>nescio</span> <span class='ocrx_word' id='word_1_492' title='bbox 1022 1941 1093 1984; x_wconf 87' lang='lat' dir='ltr'>quis</span> <span class='ocrx_word' id='word_1_493' title='bbox 1137 1940 1329 1973; x_wconf 86' lang='lat' dir='ltr'>delicatiore</span> <span class='ocrx_word' id='word_1_494' title='bbox 1371 1953 1468 1972; x_wconf 86' lang='lat' dir='ltr'>sensu</span> <span class='ocrx_word' id='word_1_495' title='bbox 1511 1941 1629 1973; x_wconf 88' lang='lat' dir='ltr'>codem</span> 
     </span>
     <span class='ocr_line' id='line_1_73' title="bbox 866 1986 1629 2029; baseline 0.001 -12"><span class='ocrx_word' id='word_1_496' title='bbox 866 1986 977 2029; x_wconf 89' lang='lat' dir='ltr'>paullo</span> <span class='ocrx_word' id='word_1_497' title='bbox 1014 1992 1092 2029; x_wconf 88' lang='lat' dir='ltr'>post</span> <span class='ocrx_word' id='word_1_498' title='bbox 1132 1986 1254 2018; x_wconf 89' lang='lat' dir='ltr'>iterato</span> <span class='ocrx_word' id='word_1_499' title='bbox 1286 1986 1448 2018; x_wconf 80' lang='lat' dir='ltr'>vocabulo</span> <span class='ocrx_word' id='word_1_500' title='bbox 1485 1987 1629 2018; x_wconf 77' lang='lat' dir='ltr'>offensus</span> 
     </span>
     <span class='ocr_line' id='line_1_74' title="bbox 863 2030 1631 2072; baseline 0.001 -10"><span class='ocrx_word' id='word_1_501' title='bbox 863 2033 1014 2072; x_wconf 70' lang='lat' dir='ltr'>fungatur</span> <span class='ocrx_word' id='word_1_502' title='bbox 1035 2030 1069 2062; x_wconf 88' lang='lat' dir='ltr'>in</span> <span class='ocrx_word' id='word_1_503' title='bbox 1096 2033 1223 2072; x_wconf 75' lang='lat' dir='ltr'>fruatur</span> <span class='ocrx_word' id='word_1_504' title='bbox 1242 2031 1435 2062; x_wconf 85' lang='lat' dir='ltr'>mutandum</span> <span class='ocrx_word' id='word_1_505' title='bbox 1459 2031 1631 2063; x_wconf 78' lang='lat' dir='ltr'>existima-</span> 
     </span>
     <span class='ocr_line' id='line_1_75' title="bbox 866 2075 1630 2118; baseline 0 -11"><span class='ocrx_word' id='word_1_506' title='bbox 866 2076 925 2107; x_wconf 85' lang='lat' dir='ltr'>vit.</span> <span class='ocrx_word' id='word_1_507' title='bbox 985 2075 1111 2115; x_wconf 89' lang='lat' dir='ltr'>Quodsi</span> <span class='ocrx_word' id='word_1_508' title='bbox 1146 2075 1247 2118; x_wconf 85' lang='lat' dir='ltr'>igitur</span> <span class='ocrx_word' id='word_1_509' title='bbox 1280 2078 1431 2116; x_wconf 70' lang='lat' dir='ltr'>fuuyatur</span> <span class='ocrx_word' id='word_1_510' title='bbox 1465 2083 1500 2107; x_wconf 90' lang='lat' dir='ltr'>ut</span> <span class='ocrx_word' id='word_1_511' title='bbox 1535 2076 1630 2108; x_wconf 87' lang='lat' dir='ltr'>unice</span> 
     </span>
     <span class='ocr_line' id='line_1_76' title="bbox 865 2120 1631 2163; baseline 0.001 -11"><span class='ocrx_word' id='word_1_512' title='bbox 865 2132 976 2153; x_wconf 86' lang='lat' dir='ltr'>veram</span> <span class='ocrx_word' id='word_1_513' title='bbox 999 2120 1195 2163; x_wconf 70' lang='lat' dir='ltr'>scripturam</span> <span class='ocrx_word' id='word_1_514' title='bbox 1218 2120 1452 2160; x_wconf 80' lang='lat' dir='ltr'>reduxerimus,</span> <span class='ocrx_word' id='word_1_515' title='bbox 1478 2128 1511 2152; x_wconf 91' lang='lat' dir='ltr'>et</span> <span class='ocrx_word' id='word_1_516' title='bbox 1533 2121 1631 2153; x_wconf 86' lang='lat' dir='ltr'>Lati-</span> 
     </span>
     <span class='ocr_line' id='line_1_77' title="bbox 867 2165 1631 2209; baseline 0 -11"><span class='ocrx_word' id='word_1_517' title='bbox 867 2177 928 2198; x_wconf 88' lang='lat' dir='ltr'>nae</span> <span class='ocrx_word' id='word_1_518' title='bbox 951 2165 1094 2198; x_wconf 87' lang='lat' dir='ltr'>orationi</span> <span class='ocrx_word' id='word_1_519' title='bbox 1118 2172 1152 2196; x_wconf 88' lang='lat' dir='ltr'>et</span> <span class='ocrx_word' id='word_1_520' title='bbox 1179 2166 1362 2197; x_wconf 78' lang='lat' dir='ltr'>sententiae</span> <span class='ocrx_word' id='word_1_521' title='bbox 1393 2166 1522 2209; x_wconf 80' lang='lat' dir='ltr'>egregie</span> <span class='ocrx_word' id='word_1_522' title='bbox 1546 2177 1631 2198; x_wconf 87' lang='lat' dir='ltr'>con-</span> 
     </span>
     <span class='ocr_line' id='line_1_78' title="bbox 865 2211 1630 2243; baseline 0 -1"><span class='ocrx_word' id='word_1_523' title='bbox 865 2211 986 2242; x_wconf 87' lang='lat' dir='ltr'>sultum</span> <span class='ocrx_word' id='word_1_524' title='bbox 1010 2211 1082 2242; x_wconf 90' lang='lat' dir='ltr'>erit.</span> <span class='ocrx_word' id='word_1_525' title='bbox 1116 2211 1230 2243; x_wconf 88' lang='lat' dir='ltr'>Voluit</span> <span class='ocrx_word' id='word_1_526' title='bbox 1250 2218 1360 2242; x_wconf 89' lang='lat' dir='ltr'>antem</span> <span class='ocrx_word' id='word_1_527' title='bbox 1383 2211 1497 2243; x_wconf 89' lang='lat' dir='ltr'>Cicero</span> <span class='ocrx_word' id='word_1_528' title='bbox 1520 2211 1630 2243; x_wconf 88' lang='lat' dir='ltr'>dicere</span> 
     </span>
     <span class='ocr_line' id='line_1_79' title="bbox 866 2255 1631 2298; baseline -0.001 -10"><span class='ocrx_word' id='word_1_529' title='bbox 866 2256 947 2288; x_wconf 88' lang='lat' dir='ltr'>hoc:</span> <span class='ocrx_word' id='word_1_530' title='bbox 981 2255 1045 2295; x_wconf 90' lang='lat' dir='ltr'>Qui</span> <span class='ocrx_word' id='word_1_531' title='bbox 1068 2256 1328 2288; x_wconf 86' lang='lat' dir='ltr'>imbecillitatem</span> <span class='ocrx_word' id='word_1_532' title='bbox 1349 2256 1478 2298; x_wconf 83' lang='lat' dir='ltr'>generis</span> <span class='ocrx_word' id='word_1_533' title='bbox 1497 2256 1631 2287; x_wconf 87' lang='lat' dir='ltr'>humani</span> 
     </span>
     <span class='ocr_line' id='line_1_80' title="bbox 868 2300 1630 2344; baseline -0.001 -12"><span class='ocrx_word' id='word_1_534' title='bbox 868 2300 1014 2344; x_wconf 85' lang='lat' dir='ltr'>cogitat,</span> <span class='ocrx_word' id='word_1_535' title='bbox 1039 2312 1105 2332; x_wconf 88' lang='lat' dir='ltr'>non</span> <span class='ocrx_word' id='word_1_536' title='bbox 1127 2307 1273 2338; x_wconf 79' lang='lat' dir='ltr'>maeret,</span> <span class='ocrx_word' id='word_1_537' title='bbox 1307 2301 1366 2331; x_wconf 88' lang='lat' dir='ltr'>sed</span> <span class='ocrx_word' id='word_1_538' title='bbox 1387 2307 1455 2331; x_wconf 89' lang='lat' dir='ltr'>tum</span> <span class='ocrx_word' id='word_1_539' title='bbox 1481 2300 1533 2331; x_wconf 90' lang='lat' dir='ltr'>vel</span> <span class='ocrx_word' id='word_1_540' title='bbox 1558 2312 1630 2331; x_wconf 87' lang='lat' dir='ltr'>ma-</span> 
     </span>
     <span class='ocr_line' id='line_1_81' title="bbox 865 2345 1631 2387; baseline -0.003 -9"><span class='ocrx_word' id='word_1_541' title='bbox 865 2347 951 2378; x_wconf 80' lang='lat' dir='ltr'>xime</span> <span class='ocrx_word' id='word_1_542' title='bbox 974 2345 1155 2387; x_wconf 84' lang='lat' dir='ltr'>sapientiae</span> <span class='ocrx_word' id='word_1_543' title='bbox 1185 2345 1333 2387; x_wconf 81' lang='lat' dir='ltr'>fungitur</span> <span class='ocrx_word' id='word_1_544' title='bbox 1363 2356 1518 2383; x_wconf 82' lang='lat' dir='ltr'>munere;</span> <span class='ocrx_word' id='word_1_545' title='bbox 1555 2356 1631 2377; x_wconf 88' lang='lat' dir='ltr'>nam</span> 
     </span>
     <span class='ocr_line' id='line_1_82' title="bbox 867 2389 1630 2423; baseline -0.004 0"><span class='ocrx_word' id='word_1_546' title='bbox 867 2403 933 2423; x_wconf 90' lang='lat' dir='ltr'>non</span> <span class='ocrx_word' id='word_1_547' title='bbox 959 2390 1066 2421; x_wconf 91' lang='lat' dir='ltr'>solum</span> <span class='ocrx_word' id='word_1_548' title='bbox 1090 2389 1336 2421; x_wconf 85' lang='lat' dir='ltr'>considerandis</span> <span class='ocrx_word' id='word_1_549' title='bbox 1360 2389 1456 2421; x_wconf 89' lang='lat' dir='ltr'>rebus</span> <span class='ocrx_word' id='word_1_550' title='bbox 1480 2389 1630 2421; x_wconf 85' lang='lat' dir='ltr'>humanis</span> 
     </span>
     <span class='ocr_line' id='line_1_83' title="bbox 867 2434 1630 2477; baseline -0.003 -10"><span class='ocrx_word' id='word_1_551' title='bbox 867 2436 901 2467; x_wconf 92' lang='lat' dir='ltr'>id</span> <span class='ocrx_word' id='word_1_552' title='bbox 925 2435 1071 2467; x_wconf 81' lang='lat' dir='ltr'>officium</span> <span class='ocrx_word' id='word_1_553' title='bbox 1103 2434 1314 2477; x_wconf 87' lang='lat' dir='ltr'>exsequitur,</span> <span class='ocrx_word' id='word_1_554' title='bbox 1347 2434 1435 2476; x_wconf 90' lang='lat' dir='ltr'>quod</span> <span class='ocrx_word' id='word_1_555' title='bbox 1462 2434 1630 2477; x_wconf 85' lang='lat' dir='ltr'>proprium</span> 
     </span>
     <span class='ocr_line' id='line_1_84' title="bbox 869 2478 1632 2522; baseline -0.001 -10"><span class='ocrx_word' id='word_1_556' title='bbox 869 2487 918 2512; x_wconf 85' lang='lat' dir='ltr'>est</span> <span class='ocrx_word' id='word_1_557' title='bbox 943 2479 1183 2522; x_wconf 79' lang='lat' dir='ltr'>philosophiae,</span> <span class='ocrx_word' id='word_1_558' title='bbox 1207 2478 1265 2510; x_wconf 89' lang='lat' dir='ltr'>sed</span> <span class='ocrx_word' id='word_1_559' title='bbox 1286 2479 1381 2510; x_wconf 86' lang='lat' dir='ltr'>simul</span> <span class='ocrx_word' id='word_1_560' title='bbox 1403 2479 1550 2511; x_wconf 85' lang='lat' dir='ltr'>adversis</span> <span class='ocrx_word' id='word_1_561' title='bbox 1573 2491 1632 2511; x_wconf 90' lang='lat' dir='ltr'>ca—</span> 
     </span>
     <span class='ocr_line' id='line_1_85' title="bbox 868 2523 1524 2565; baseline -0.002 -8"><span class='ocrx_word' id='word_1_562' title='bbox 868 2525 957 2557; x_wconf 86' lang='lat' dir='ltr'>sibus</span> <span class='ocrx_word' id='word_1_563' title='bbox 982 2523 1104 2565; x_wconf 86' lang='lat' dir='ltr'>triplici</span> <span class='ocrx_word' id='word_1_564' title='bbox 1130 2523 1358 2555; x_wconf 81' lang='lat' dir='ltr'>consolatione</span> <span class='ocrx_word' id='word_1_565' title='bbox 1380 2531 1524 2556; x_wconf 83' lang='lat' dir='ltr'>sanatur.</span> 
     </span>
     <span class='ocr_line' id='line_1_86' title="bbox 944 2569 1632 2613; baseline 0.001 -13"><span class='ocrx_word' id='word_1_566' title='bbox 944 2570 1086 2600; x_wconf 71' lang='lat' dir='ltr'>adversis</span> <span class='ocrx_word' id='word_1_567' title='bbox 1117 2569 1254 2612; x_wconf 82' lang='lat' dir='ltr'>casibus]</span> <span class='ocrx_word' id='word_1_568' title='bbox 1290 2569 1468 2611; x_wconf 79' lang='lat' dir='ltr'>Eleganter</span> <span class='ocrx_word' id='word_1_569' title='bbox 1499 2569 1632 2613; x_wconf 77' lang='lat' dir='ltr'>quidem</span> 
     </span>
     <span class='ocr_line' id='line_1_87' title="bbox 868 2613 1633 2656; baseline 0.001 -11"><span class='ocrx_word' id='word_1_570' title='bbox 868 2615 1023 2646; x_wconf 79' lang='lat' dir='ltr'>Bentleius</span> <span class='ocrx_word' id='word_1_571' title='bbox 1046 2613 1255 2645; x_wconf 85' lang='lat' dir='ltr'>scribendum</span> <span class='ocrx_word' id='word_1_572' title='bbox 1283 2614 1485 2656; x_wconf 83' lang='lat' dir='ltr'>suspicatur:</span> <span class='ocrx_word' id='word_1_573' title='bbox 1521 2616 1633 2647; x_wconf 83' lang='lat' dir='ltr'>adver-</span> 
     </span>
     <span class='ocr_line' id='line_1_88' title="bbox 869 2659 1634 2702; baseline 0 -12"><span class='ocrx_word' id='word_1_574' title='bbox 869 2668 922 2690; x_wconf 86' lang='lat' dir='ltr'>sus</span> <span class='ocrx_word' id='word_1_575' title='bbox 943 2668 1034 2690; x_wconf 83' lang='lat' dir='ltr'>casus</span> <span class='ocrx_word' id='word_1_576' title='bbox 1053 2661 1167 2698; x_wconf 84' lang='lat' dir='ltr'>triplici</span> <span class='ocrx_word' id='word_1_577' title='bbox 1190 2660 1395 2691; x_wconf 81' lang='lat' dir='ltr'>consolatione</span> <span class='ocrx_word' id='word_1_578' title='bbox 1415 2663 1553 2691; x_wconf 83' lang='lat' dir='ltr'>armetur</span> <span class='ocrx_word' id='word_1_579' title='bbox 1575 2659 1634 2702; x_wconf 82' lang='lat' dir='ltr'>(ef.</span> 
     </span>
     <span class='ocr_line' id='line_1_89' title="bbox 872 2702 1635 2744; baseline 0.003 -10"><span class='ocrx_word' id='word_1_580' title='bbox 872 2714 899 2734; x_wconf 91' lang='lat' dir='ltr'>c.</span> <span class='ocrx_word' id='word_1_581' title='bbox 918 2703 968 2741; x_wconf 84' lang='lat'>15,</span> <span class='ocrx_word' id='word_1_582' title='bbox 986 2702 1050 2736; x_wconf 79' lang='lat'>31:</span> <span class='ocrx_word' id='word_1_583' title='bbox 1074 2713 1165 2735; x_wconf 84' lang='lat' dir='ltr'>arma</span> <span class='ocrx_word' id='word_1_584' title='bbox 1185 2707 1292 2736; x_wconf 85' lang='lat' dir='ltr'>contra</span> <span class='ocrx_word' id='word_1_585' title='bbox 1315 2714 1407 2736; x_wconf 84' lang='lat' dir='ltr'>casus</span> <span class='ocrx_word' id='word_1_586' title='bbox 1427 2708 1454 2736; x_wconf 82' lang='lat' dir='ltr'>et</span> <span class='ocrx_word' id='word_1_587' title='bbox 1475 2704 1635 2744; x_wconf 77' lang='lat' dir='ltr'>eventus),-</span> 
     </span>
     <span class='ocr_line' id='line_1_90' title="bbox 871 2747 1634 2791; baseline 0 -13"><span class='ocrx_word' id='word_1_588' title='bbox 871 2753 906 2779; x_wconf 88' lang='lat' dir='ltr'>at</span> <span class='ocrx_word' id='word_1_589' title='bbox 930 2747 1010 2778; x_wconf 91' lang='lat' dir='ltr'>nihil</span> <span class='ocrx_word' id='word_1_590' title='bbox 1034 2747 1244 2780; x_wconf 79' lang='lat' dir='ltr'>movendum.</span> <span class='ocrx_word' id='word_1_591' title='bbox 1291 2750 1397 2791; x_wconf 85' lang='lat' dir='ltr'>Saepe</span> <span class='ocrx_word' id='word_1_592' title='bbox 1428 2749 1514 2780; x_wconf 88' lang='lat' dir='ltr'>enim</span> <span class='ocrx_word' id='word_1_593' title='bbox 1539 2748 1634 2779; x_wconf 85' lang='lat' dir='ltr'>abla-</span> 
     </span>
     <span class='ocr_line' id='line_1_91' title="bbox 870 2792 1634 2832; baseline 0 -9"><span class='ocrx_word' id='word_1_594' title='bbox 870 2792 956 2824; x_wconf 90' lang='lat' dir='ltr'>tivus</span> <span class='ocrx_word' id='word_1_595' title='bbox 990 2792 1207 2832; x_wconf 78' lang='lat' dir='ltr'>substantivi,</span> <span class='ocrx_word' id='word_1_596' title='bbox 1242 2800 1298 2825; x_wconf 89' lang='lat' dir='ltr'>ant</span> <span class='ocrx_word' id='word_1_597' title='bbox 1328 2794 1444 2826; x_wconf 87' lang='lat' dir='ltr'>addito</span> <span class='ocrx_word' id='word_1_598' title='bbox 1478 2793 1508 2824; x_wconf 90' lang='lat' dir='ltr'>ei</span> <span class='ocrx_word' id='word_1_599' title='bbox 1540 2792 1634 2824; x_wconf 83' lang='lat' dir='ltr'>adie-</span> 
     </span>
     <span class='ocr_line' id='line_1_92' title="bbox 873 2837 1633 2881; baseline -0.003 -12"><span class='ocrx_word' id='word_1_600' title='bbox 873 2837 961 2869; x_wconf 89' lang='lat' dir='ltr'>ctivo</span> <span class='ocrx_word' id='word_1_601' title='bbox 986 2844 1042 2869; x_wconf 82' lang='lat' dir='ltr'>ant</span> <span class='ocrx_word' id='word_1_602' title='bbox 1067 2849 1154 2877; x_wconf 91' lang='lat' dir='ltr'>non,</span> <span class='ocrx_word' id='word_1_603' title='bbox 1188 2839 1235 2870; x_wconf 86' lang='lat' dir='ltr'>ita</span> <span class='ocrx_word' id='word_1_604' title='bbox 1265 2839 1416 2881; x_wconf 83' lang='lat' dir='ltr'>ponitur,</span> <span class='ocrx_word' id='word_1_605' title='bbox 1454 2844 1488 2868; x_wconf 89' lang='lat' dir='ltr'>nt</span> <span class='ocrx_word' id='word_1_606' title='bbox 1511 2843 1633 2868; x_wconf 84' lang='lat' dir='ltr'>statum</span> 
     </span>
     <span class='ocr_line' id='line_1_93' title="bbox 873 2882 1633 2926; baseline -0.003 -12"><span class='ocrx_word' id='word_1_607' title='bbox 873 2882 1151 2924; x_wconf 85' lang='lat' dir='ltr'>conditionemve,</span> <span class='ocrx_word' id='word_1_608' title='bbox 1173 2895 1236 2926; x_wconf 90' lang='lat' dir='ltr'>qua</span> <span class='ocrx_word' id='word_1_609' title='bbox 1254 2883 1331 2926; x_wconf 90' lang='lat' dir='ltr'>quid</span> <span class='ocrx_word' id='word_1_610' title='bbox 1349 2884 1471 2914; x_wconf 83' lang='lat' dir='ltr'>sactum</span> <span class='ocrx_word' id='word_1_611' title='bbox 1484 2888 1544 2919; x_wconf 84' lang='lat' dir='ltr'>est,</span> <span class='ocrx_word' id='word_1_612' title='bbox 1568 2893 1633 2913; x_wconf 91' lang='lat' dir='ltr'>no-</span> 
     </span>
     <span class='ocr_line' id='line_1_94' title="bbox 871 2928 1633 2970; baseline -0.005 -10"><span class='ocrx_word' id='word_1_613' title='bbox 871 2934 933 2959; x_wconf 83' lang='lat' dir='ltr'>tet.</span> <span class='ocrx_word' id='word_1_614' title='bbox 979 2929 1125 2960; x_wconf 81' lang='lat' dir='ltr'>Adversis</span> <span class='ocrx_word' id='word_1_615' title='bbox 1148 2931 1270 2960; x_wconf 79' lang='lat' dir='ltr'>casibus</span> <span class='ocrx_word' id='word_1_616' title='bbox 1302 2928 1402 2970; x_wconf 81' lang='lat' dir='ltr'>igitur</span> <span class='ocrx_word' id='word_1_617' title='bbox 1429 2933 1497 2957; x_wconf 86' lang='lat' dir='ltr'>est:</span> <span class='ocrx_word' id='word_1_618' title='bbox 1534 2937 1633 2970; x_wconf 87' lang='lat' dir='ltr'>quum</span> 
     </span>
     <span class='ocr_line' id='line_1_95' title="bbox 870 2971 1632 3005; baseline -0.004 0"><span class='ocrx_word' id='word_1_619' title='bbox 870 2971 1000 3005; x_wconf 78' lang='lat' dir='ltr'>adversi</span> <span class='ocrx_word' id='word_1_620' title='bbox 1023 2984 1114 3005; x_wconf 83' lang='lat' dir='ltr'>casus</span> <span class='ocrx_word' id='word_1_621' title='bbox 1138 2973 1303 3005; x_wconf 85' lang='lat' dir='ltr'>accidunt.</span> <span class='ocrx_word' id='word_1_622' title='bbox 1352 2971 1523 3003; x_wconf 82' lang='lat' dir='ltr'>Ablativus</span> <span class='ocrx_word' id='word_1_623' title='bbox 1545 2977 1632 3003; x_wconf 83' lang='lat' dir='ltr'>tem-</span> 
     </span>
    </p>
   </div>
  </div>
 </body>
</html>
