1832 3137
1535 75 1615 118 159

47 174 108 208 tus
132 163 179 206 ab
209 162 366 220 ephoris
389 169 428 204 et
453 170 560 204 esset
582 163 691 204 vultu
715 163 826 204 hilari
848 171 962 218 atque
987 163 1111 214 laeto,
1144 162 1386 218 dixissetque
1407 163 1444 205 ei
1461 164 1614 219 quidam

47 239 249 281 inimicus:
290 236 587 279 Contemuisne
615 238 728 292 loyes
750 235 972 291 Lycurgi?
1001 237 1271 291 responderit:
1306 237 1400 292 Eyo
1421 251 1528 280 vero
1549 240 1617 280 itti

45 313 276 354 ”mximam
299 311 492 365 qratia-m
525 309 660 351 habeo
673 341 687 360 ,
730 310 803 363 qm·
829 322 894 349 me
921 324 973 350 ea
1002 323 1151 363 poena
1175 311 1449 363 multaverit,
1491 325 1615 366 quam

44 385 134 427 sine
150 385 412 425 mutuatione
433 388 473 424 et
491 385 583 424 sine
604 395 789 424 versura
804 395 977 435 possem
1000 383 1249 426 dissolvere.
1291 382 1326 426 Ο
1347 385 1471 426 virum
1495 384 1615 441 Spar-

46 465 84 499 ta
108 458 289 512 dignum!
336 464 376 498 ut
397 456 486 496 mihi
511 456 663 510 quidem
681 486 691 506 ,
736 455 799 509 qui
825 462 902 495 tam
935 469 1075 509 magno
1101 457 1231 497 animo
1256 458 1392 509 fuerit,
1425 459 1616 500 innocens

46 531 248 572 damnatus
280 544 368 571 esse
400 530 594 571 videatur.
672 534 767 569 101.

47 604 147 644 tulit.
213 602 293 644 Sed
325 603 415 657 quid
447 603 565 643 duces
589 609 628 642 et
646 601 840 656 principes
868 601 1089 651 nominem,
1124 616 1238 655 quum
1270 603 1446 656 legiones
1471 603 1617 647 s’eribat

49 675 150 718 Cato
167 680 184 704 ³
213 690 329 730 saepe
355 676 506 716 alacres
534 675 574 716 in
605 689 693 715 eum
720 675 846 715 locum
872 674 1093 729 profectas,
1125 675 1227 714 unde
1247 676 1443 717 redituras
1467 691 1510 718 se
1538 693 1614 718 non

629 84 795 117 LIBER
823 85 845 116 1.
873 83 936 124 42,
968 84 1040 119 101,

813 527 936 568 Tales
970 527 1277 571 innumerabiles
1311 539 1447 572 nostra
1473 532 1615 573 civitas

46 750 360 791 arbitrarentur?
405 747 498 789 Pari
520 749 649 789 animo
677 746 982 788 Lacedaemonii
1007 747 1046 787 in
1074 746 1350 803 Thermopylis
1372 750 1614 803 occiderunt,

46 825 84 865 in
116 825 250 878 quos4
285 820 531 863 Simonides:

249 899 319 936 Dic
331 925 342 943 ,
376 898 508 947 hospes
521 925 531 943 ,
567 898 731 947 Spartae
744 926 754 942 ,
790 909 857 935 nos
888 903 923 934 te
952 897 1013 935 lze‘c
1044 898 1180 935 vadas-se
1211 899 1390 945 iacentes,

317 972 414 1008 Dum
443 972 584 1008 scmetls
610 973 762 1021 patriae
790 970 936 1021 legibus
963 970 1214 1021 obsequimur.

48 1041 151 1096 Quid
176 1042 240 1082 ille
261 1042 339 1082 dux
360 1040 559 1082 Leonidas
582 1042 701 1082 dicit?
750 1041 927 1096 Perque
941 1044 961 1068 4

46 1117 134 1164 m‘i‚·
163 1115 290 1157 hodie
307 1115 426 1169 apud
443 1114 610 1170 inferos
627 1114 823 1169 sortasse
844 1115 1126 1156 coenubimus.

137 1245 158 1277 3
183 1244 238 1277 Kl
263 1244 294 1275 in
318 1244 403 1276 Add.

51 1296 144 1321 catur
167 1292 282 1322 scribat
305 1291 348 1321 M.
375 1291 461 1321 Cato.
507 1287 530 1321 4
553 1300 583 1320 v.
602 1289 688 1320 Adn.

45 1374 174 1399 tantum
196 1367 263 1399 eius
289 1366 537 1410 comprehendi.
575 1368 682 1406 Quum
705 1373 813 1399 autem

47 1412 213 1455 utriusque
231 1412 465 1444 enuntiationis
484 1412 708 1454 praedicatum
724 1412 814 1444 idem

44 1458 203 1501 temporis
227 1457 370 1500 spatium
395 1457 561 1500 complet,
596 1459 672 1490 dum
697 1470 724 1490 c.
747 1457 813 1489 irn-

45 1503 132 1545 perf.
158 1501 313 1544 iungitur.
369 1502 456 1534 Hinc
480 1502 592 1545 paullo
623 1509 701 1545 post
724 1511 813 1534 recte

45 1547 184 1579 dicitur:
212 1547 275 1579 fuit
299 1547 381 1579 haec
403 1559 483 1590 gens
506 1547 622 1584 fortis,
648 1549 724 1580 dum
740 1548 813 1591 Ly-

46 1592 137 1635 curgi
171 1592 261 1634 leges
295 1594 440 1633 vigebant
477 1595 557 1635 (non
591 1593 719 1633 vigent).
771 1594 812 1625 V.

45 1639 175 1670 Ramsh.
264 1637 814 1679 Gr.§.1c<5.111‚1.1<i2hner.

46 1683 84 1714 L.
101 1683 159 1714 Gr.
181 1682 209 1724 §-
199 1638 297 1714 ΙΙ15)
324 1683 404 1714 Not.
424 1683 452 1714 1.
488 1684 651 1722 Heindorf.
674 1682 716 1713 ad
733 1684 814 1714 Hor.

47 1729 115 1759 Sat.
139 1729 161 1759 Ι.
185 1727 216 1765 5,
241 1724 294 1760 74.
320 1734 353 1758 et
377 1738 459 1770 quos
482 1727 528 1759 ibi
559 1727 672 1759 laudat
700 1730 816 1760 Wizste-

44 1782 180 1805 mannus
203 1783 236 1814 p.
253 1770 327 1805 174.

115 1818 199 1856 Quid
219 1819 270 1848 ille
290 1819 357 1849 dux
378 1834 423 1840 —-
444 1817 603 1858 viyebant]
637 1817 699 1848 Hic
722 1817 814 1848 locus

47 1861 193 1893 virorum
213 1861 390 1894 doctorum
407 1861 536 1904 ingenia
556 1861 638 1893 mire
659 1861 815 1893 exercuit.

48 1906 209 1938 Nimirum
243 1906 274 1937 in
310 1886 460 1938 Graeciso
478 1906 712 1949 scriptoribus,
761 1905 815 1949 qui

48 1952 187 2004 θἰηάεηι
223 1963 290 1982 rem
326 1958 480 1990 nairant,
524 1951 644 1994 legitur
679 1951 815 1983 verbum

48 1993 103 2038 ἄρ’
107 2008 231 2029 oro-10.-
222 1997 334 2028 εῖσὲαν.
349 2003 405 2027 aut
426 1993 588 2040 ἅριστᾷν,
614 1996 715 2028 veluti
737 1997 815 2028 Plu-

50 2041 155 2072 tffluch
184 2040 383 2084 Apophtheg3
375 2053 428 2075 ¹.m
455 2042 578 2074 Lacon.
606 2054 638 2084 p.
659 2042 737 2073 225.
764 2041 815 2073 ed.

48 2085 227 2128 XVyttenb.
245 2096 277 2139 p.
294 2086 371 2117 2599.
392 2086 443 2117 ed.
471 2086 547 2128 Lips
582 2098 618 2139 p.
627 2084 713 2119 384:
748 2097 798 2119 τοι
802 2097 817 2124 ς

50 2128 87 2164 δὲ
112 2129 332 2184 στρατιώταις
355 2129 575 2173 παρή((ειλεν
598 2128 815 2173 αριστοποιεῖ-

50 2175 149 2216 σξῑαι,
175 2186 222 2213 ως
245 2173 278 2208 ἐ)
304 2171 388 2219 ᾳδου
408 2178 446 2210 δε
450 2186 611 2218 ιτ-ωησομε
605 2175 698 2214 ’νους.
748 2177 816 2207 Eo-

50 2219 126 2251 dem
141 2201 243 2251 inodo
258 2210 355 2251 Diod.
370 2221 433 2252 Sic.
448 2222 509 2252 ΧΙ.
532 2232 564 2274 p.
575 2224 628 2258 ὅ,
655 2220 815 2274 >Stobaeus

50 2265 154 2296 Serm.
166 2266 238 2296 VH.
252 2276 283 2306 p.
295 2264 349 2297 91.
360 2265 479 2297 habet:
507 2262 629 2303 Οὕτως
645 2262 814 2308 ἀριστᾶτε.

51 2309 140 2340 Hinc
161 2309 377 2347 exstiterunt,
403 2310 457 2352 qui
482 2310 651 2349 dicerent,
679 2310 815 2342 Cicero-

54 2364 128 2383 nem
153 2353 186 2384 in
211 2352 381 2385 reddendo
406 2355 533 2386 Graeco
559 2355 660 2387 verbo
685 2352 817 2396 ἄριστο-

51 2409 105 2430 πο.
109 2398 219 2430 εῖσὲῖαι
241 2397 292 2428 vel
315 2393 452 2449 αριστᾷν
477 2398 601 2440 lapsum
627 2411 716 2435 esse;
743 2411 816 2431 nam

54 2453 152 2484 quum
187 2442 320 2473 verbum
353 2440 408 2484 cip.
413 2454 542 2476 emitote
546 2446 639 2475 ἴσαι
672 2443 721 2474 vel
746 2441 816 2485 ἇρι

55 2488 136 2531 στᾷν
161 2487 321 2529 originem
343 2474 442 2518 d1icat
467 2500 484 2518 a
509 2500 538 2519 v.
559 2483 613 2528 ἄρ.
617 2498 702 2528 στω,
729 2489 817 2530 quod

53 2538 84 2563 et
107 2534 291 2572 prandium,
316 2538 348 2562 et
373 2535 521 2572 optimum
547 2532 595 2563 vel
617 2533 819 2571 fortissimum

53 2576 232 2619 significat,
270 2576 413 2609 sullium
438 2576 656 2619 posteriotem
691 2576 817 2619 signifi-

55 2622 216 2653 cationem
236 2629 360 2654 temere
384 2622 530 2664 elegisse.
565 2623 721 2663 Magnum
740 2633 818 2653 sane

54 2677 92 2698 ac
115 2667 273 2709 puerilem
299 2668 466 2698 errorem!
500 2667 532 2697 in
559 2678 656 2709 quem
683 2666 817 2698 Cicero-

57 2722 152 2749 nem,
199 2719 232 2743 et
273 2712 378 2754 ipsum
417 2713 544 2743 Graece
581 2711 817 2749 doctissimum,

57 2761 90 2786 et
115 2756 327 2798 complurium
355 2757 553 2788 Graecorum
583 2755 819 2788 consuetudine

57 2811 168 2837 usum,
193 2812 289 2843 quum
317 2802 507 2844 praesertim
531 2802 596 2833 hoc
620 2801 818 2832 G1=ccoium

57 2824 301 2888 apoplitliegma
349 2847 606 2890 vulgatissimum
654 2852 740 2876 esset
787 2852 819 2876 et

60 2889 210 2920 omnibus
229 2891 335 2923 doctis
354 2892 456 2923 notis
444 2892 570 2928 ἰ11111111,
590 2890 734 2922 incidere
756 2901 819 2932 po-

59 2934 179 2973 tuisse,
222 2936 371 2978 equidem
405 2937 483 2968 mihi
519 2916 716 2979 peisuadere
753 2946 818 2967 non

1325 1043 1617 1086 Lacedaemo-

1187 1114 1282 1157 Fuit
1298 1117 1394 1158 haec
1415 1132 1513 1172 gens
1537 1119 1616 1160 sor-

989 1043 1132 1083 auimo
1153 1042 1268 1097 forti
1280 1075 1295 1094 ,

424 1255 457 1287 p.
481 1245 540 1276 IX
565 1255 603 1276 ex
618 1244 670 1283 R„
697 1244 752 1288 qui
774 1243 875 1276 habet
896 1247 1011 1277 scribat
1034 1249 1163 1285 vocato,
1192 1252 1286 1277 acute
1309 1246 1486 1289 legendum
1506 1247 1616 1291 suspi—

848 1379 994 1411 possum.
1043 1367 1123 1406 Alii,
1152 1368 1345 1400 Ciceronem
1370 1381 1388 1400 a
1414 1370 1509 1413 culpa
1530 1371 1615 1403 libe-

849 1413 961 1450 raturi.
984 1413 1135 1444 librarios
1158 1413 1278 1445 erroris
1296 1413 1496 1447 insimulant.
1530 1416 1617 1448 Hinc

850 1458 1036 1501 complures
1052 1465 1168 1489 enatae
1179 1465 1254 1490 sunt
1268 1460 1487 1492 coniecturae.
1513 1461 1615 1493 Lam-

848 1502 943 1534 binus
968 1503 1116 1546 reposuit
1137 1506 1288 1543 prandete
1307 1507 1413 1537 animo
1444 1507 1536 1546 forti,
1569 1506 1617 1538 uti

848 1547 881 1579 in
904 1559 968 1580 uno
991 1548 1063 1580 cod.
1079 1548 1163 1580 Lali.
1180 1548 1320 1591 legitur:
1347 1561 1430 1592 quae
1453 1551 1616 1583 correctio

848 1593 1046 1625 sententiam
1071 1573 1232 1636 praebeto
1231 1594 1398 1636 ineptam,
1430 1607 1616 1639 quanquam

850 1650 922 1670 eam
947 1641 1048 1670 Moser
1071 1638 1208 1670 defendi
1242 1651 1340 1681 posse
1371 1647 1483 1683 putat,
1520 1641 1547 1672 si
1570 1641 1616 1673 ita

851 1683 1050 1726 explicetur.
1080 1684 1194 1715 Cibum
1211 1684 1330 1716 sumite
1351 1697 1456 1729 neque
1471 1686 1615 1718 animum

851 1728 1068 1771 despondete.
1126 1729 1243 1771 Neque
1274 1741 1354 1761 vero
1389 1731 1489 1763 ceteri
1521 1732 1615 1763 huius

850 1773 1048 1805 narrationis
1082 1779 1234 1805 auctores
1269 1774 1367 1806 ullam
1400 1777 1488 1815 fortis
1517 1779 1617 1808 animi

850 1818 1053 1849 mentionem
1088 1818 1225 1850 faciunt.
1254 1819 1473 1871 Simpliciter
1502 1820 1617 1852 dicunt

851 1859 1136 1914 ἅριστοποιεζσὲαι
1159 1870 1215 1894 aut
1241 1859 1401 1908 dpwrgin
1435 1877 1497 1897 nec
1520 1866 1617 1897 alitei

851 1907 960 1939 Latini
985 1907 1181 1950 εοιὶρίοῑεε,
1208 1914 1243 1938 ut
1268 1909 1375 1941 Valer.
1401 1910 1533 1942 Maxim.
1559 1912 1614 1943 ΙΙΙ.

850 1952 884 1991 2,
903 1952 940 1985 3:
968 1952 1021 1983 Sic
1044 1952 1223 1995 prandete,
1251 1954 1513 1994 commilitones,
1538 1963 1614 1987 tan-

851 2008 948 2040 quam
971 1997 1059 2039 apud
1084 1998 1213 2029 Inferos
1239 2000 1419 2032 coenaturi.
1465 2003 1618 2033 Bentleius

851 2042 960 2073 locum
983 2042 1030 2074 sic
1053 2042 1262 2074 scribendum
1292 2051 1422 2076 censet:
1460 2047 1542 2084 Quid
1566 2048 1618 2078 ille

851 2089 918 2118 dux
942 2088 1126 2119 Leonidas?
1174 2090 1349 2128 Prondete,
1384 2092 1448 2129 ait,
1485 2101 1501 2122 ο
1524 2092 1617 2130 fortes

852 2133 1115 2164 Lacedaemonii:
1138 2134 1227 2164 hodie
1250 2135 1336 2173 opud
1351 2136 1467 2174 Inferos
1486 2136 1616 2174 fortusse

851 2179 1071 2217 coenabimus,
1108 2177 1180 2216 vel,
1212 2180 1447 2219 prandeamus,
1483 2191 1499 2211 o
1524 2182 1616 2219 fortes

851 2223 1114 2254 Lacedaemonii!
1162 2224 1255 2261 Quae
1293 2223 1501 2255 coniecturae
1536 2235 1614 2254 sune

852 2266 986 2302 habent.
1008 2278 1072 2309 quo
1094 2278 1165 2297 sese
1188 2268 1439 2303 commendeut3
1467 2280 1540 2299 nam
1555 2280 1614 2299 vo-

853 2311 1003 2343 cabulum
1024 2314 1173 2351 prandete
1198 2323 1258 2354 per
1279 2312 1508 2353 compendium
1530 2313 1612 2344 scri-

852 2363 945 2399 ptum
980 2356 1076 2387 facile
1102 2368 1255 2398 perverse
1279 2355 1343 2397 legi
1368 2357 1498 2398 potuim
1538 2357 1615 2389 ln'nc

848 2403 966 2441 peryite
992 2404 1086 2442 (unus
1110 2402 1168 2431 Ox.
1188 2403 1326 2440 peragite
1350 2407 1382 2431 et
1403 2401 1502 2433 Vind.
1524 2402 1550 2434 1.
1575 2414 1613 2433 ex

852 2452 965 2488 aperta
995 2455 1078 2475 corr.
1103 2446 1242 2484 dixitque
1263 2447 1432 2484 prudenter
1451 2448 1522 2486 forti
1543 2450 1613 2479 ani-

853 2490 938 2527 mo).
934 2499 941 2506 ·
966 2488 1054 2531 quod
1075 2500 1172 2530 quum
1194 2489 1297 2520 minus
1314 2502 1414 2532 grave
1435 2492 1611 2530 videretur,

852 2533 966 2565 addita
989 2532 1062 2563 ud(
1056 2540 1141 2564 ntur
1163 2534 1260 2565 veiha
1276 2537 1381 2567 animo
1400 2537 1482 2575 forti.
1520 2538 1613 2576 Qun-

853 2589 908 2615 re,
933 2577 960 2608 si
985 2576 1063 2619 quid
1085 2585 1227 2617 mutem,
1264 2579 1458 2622 simpliciter
1482 2581 1609 2624 leg-im:

852 2624 1017 2662 Prandete,
1038 2624 1124 2662 Lac„
1141 2623 1201 2654 nisi
1224 2631 1370 2667 praestat
1386 2625 1502 2657 veiba:
1530 2629 1613 2666 Quid

852 2669 903 2698 ille
926 2668 992 2698 dux
1009 2686 1051 2690 ——
1072 2670 1214 2708 tiyebant
1238 2669 1278 2700 ab
1296 2669 1402 2701 aliena
1425 2682 1522 2702 manu
1546 2672 1612 2703 im—

853 2718 986 2753 poitata
1009 2724 1080 2743 curn
1098 2715 1203 2753 Wolfio
1219 2714 1353 2757 aliisque
1378 2717 1494 2758 <nuper
1513 2716 1612 2747 etiam

858 2758 990 2788 Wesenb.
1018 2758 1055 2788 ΙΙ.
1085 2769 1116 2799 p.
1139 2759 1206 2799 50.)
1240 2766 1396 2791 statuere.
1445 2761 1612 2791 Extermi-

854 2812 884 2831 11
887 2801 938 2831 itis
961 2801 1008 2832 his
1034 2802 1139 2833 verbis
1155 2827 1162 2840 ‚
1198 2804 1303 2835 oratio
1336 2805 1433 2835 facile
1457 2805 1611 2836 decurrit.

855 2845 965 2884 Quid?
1003 2846 1120 2879 verba:
1155 2850 1249 2887 „Fuit
1270 2851 1345 2880 hoec
1363 2859 1437 2888 qens
1460 2868 1502 2872 —
1526 2852 1609 2889 11198-

854 2893 950 2922 ὺσηίῑί
975 2902 1083 2922 noune
1105 2892 1382 2934 importunissima
1412 2900 1487 2924 sunt
1512 2900 1545 2924 et
1568 2893 1610 2925 ab

854 2935 918 2968 hoc
938 2935 1012 2968 loco
1037 2936 1133 2979 plane
1155 2937 1260 2969 alien..
1313 2937 1490 2977 Quomodo
1511 2938 1606 2970 deni-
