1832 3137
658 96 818 128 Lrssssu
845 98 882 128 v.
910 94 969 137 14,
995 96 1049 130 41.

1550 89 1623 132 421

72 173 135 214 An
159 171 314 213 dubium
336 180 410 224 cst,
446 173 535 227 quin
557 173 649 214 nihil
672 174 720 214 sit
747 174 960 215 habendum
987 176 1025 215 in
1053 189 1100 216 eo
1123 189 1285 229 genere,
1319 191 1394 230 quo
1417 177 1492 216 vita
1514 177 1624 218 beata

71 245 437 299 *compleatur*²,
472 246 503 286 si
533 247 568 286 id
594 247 717 301 possit
745 247 892 287 amitti?
935 248 1027 288 niliil
1055 248 1155 288 euim
1180 249 1490 300 interaresccre,
1532 251 1626 291 nibil

72 317 293 372 exstingui,
328 318 421 359 nihil
448 320 588 360 cadere
614 320 728 360 ‹lc-bet
754 333 886 359 eorum
905 351 915 369 ,
958 320 995 359 in
1021 321 1157 374 quibus
1180 321 1259 362 vita
1288 321 1398 363 beata
1429 323 1621 364 consistit.

67 389 171 430 Nam
195 391 255 443 qui
284 391 458 441 timebit,
493 406 540 432 ne
567 393 655 446 quid
678 406 731 432 ex
753 392 831 432 iis³
856 392 1061 446 deperdat,
1095 394 1230 435 beatus
1252 408 1340 435 esse
1365 410 1441 436 non
1465 398 1620 450 poterit.

69 469 138 503 41.
184 462 373 504 Volumus
391 465 516 513 enini,
552 478 661 515 eum,
697 465 758 518 qui
779 464 915 504 beatus
941 465 1014 516 sit,
1049 473 1169 506 unum
1193 481 1305 518 esse,
1339 467 1623 523 inexpugnabi-

65 536 164 586 lem,
200 543 374 591 saeptum
399 544 515 590 atque
543 537 754 587 munitum,
789 551 865 576 non
891 544 930 576 ut
956 551 1075 590 parvo
1098 547 1200 579 metu
1228 541 1423 593 praeditus
1448 542 1520 590 sit,
1554 542 1621 582 sed

69 616 108 649 ut
137 609 256 650 nullo.

319 608 372 650 L‘t
399 610 500 649 enim
540 611 728 650 innocens
753 610 784 650 is
815 610 977 658 (licitur,
1023 625 1098 649 non
1126 612 1188 664 qui
1212 612 1351 652 leviter
1373 620 1510 662 nocet,
1554 615 1622 654 sed

65 683 126 735 qui
153 681 249 722 nihil
271 689 409 732 ηοω-εἰς
449 683 505 722 sic
532 684 617 722 sine
643 689 746 722 metu
769 682 802 722 is
826 682 1024 722 habendus
1053 690 1133 733 cst,
1169 697 1245 723 non
1276 685 1338 737 qui
1362 699 1483 739 parvo
1519 694 1621 726 metu

64 755 221 795 *est*4
251 755 319 794 sed
344 755 407 808 qui
433 755 588 794 omnino
613 761 717 795 metu
741 761 870 795 vacat.

153 853 175 886 2
199 867 230 886 v.
253 853 336 886 Adn.

65 903 145 943 Aug.
170 909 250 940 quae
271 901 354 931 enim
376 903 429 931 est.
475 900 517 932 V.
538 899 580 931 ad
605 902 628 932 I.
651 897 706 939 27,
730 897 784 931 66.

62 973 133 1006 est,
169 966 247 998 satis
271 965 365 997 multi
396 973 472 998 sunt
495 977 622 1009 neque,
657 966 718 997 nisi
749 966 825 998 vio-

62 1011 186 1050 lenter,
224 1010 420 1052 corrigendi.
466 1011 583 1053 Neque
611 1022 690 1042 vero
726 1011 825 1042 etiam

62 1056 126 1087 ulla
159 1067 238 1087 sana
269 1055 353 1086 ratio
387 1055 568 1097 excogitari
600 1062 732 1097 potest,
770 1067 826 1087 cur

65 1101 180 1132 Cicero
212 1100 245 1131 iu
279 1099 514 1141 coniungendis
549 1100 693 1143 pluribus
718 1100 825 1131 verbis

62 1156 294 1188 usquequaque
320 1156 414 1175 unam
436 1152 534 1187 atque
557 1145 695 1176 eandem
718 1145 825 1188 legem

63 1189 247 1222 observ-urit
270 1200 331 1220 nec
354 1201 495 1232 unquam
517 1190 557 1221 ab
579 1201 616 1221 ea
644 1189 826 1229 deflexerit,

61 1234 255 1277 praesertim
274 1245 372 1276 quum
389 1234 475 1266 inter
491 1231 671 1268 ἀσύνδετον
696 1240 728 1266 et
749 1233 824 1268 σύν-

62 1281 154 1313 Sars»
188 1278 371 1310 orationem
401 1279 604 1322 aliquantum
630 1279 824 1316 discriminis

62 1323 266 1361 intercedat5
292 1323 346 1354 illa
367 1324 451 1355 enim
468 1335 599 1366 semper
615 1324 744 1366 gravius
762 1330 824 1366 est,

62 1380 158 1412 quam
182 1368 274 1400 haec.
313 1368 400 1399 Raro
423 1373 461 1408 et,
484 1368 613 1410 saepius
633 1373 724 1408 atque
747 1368 824 1411 (aci,

61 1413 138 1445 satis
161 1413 354 1455 frequenter
376 1423 432 1453 que
461 1412 634 1455 reperitur.
683 1413 733 1444 Cf.
760 1413 824 1444 off.

60 1459 85 1490 l.
107 1456 170 1496 26,
196 1456 259 1490 92:
282 1457 466 1499 magnifice,
487 1458 632 1500 graviter
656 1457 823 1489 animose—

60 1513 133 1545 que.
180 1501 405 1533 Memorabilis
436 1502 526 1534 locus
558 1509 607 1534 est
630 1503 670 1534 V.
694 1501 735 1540 9,
759 1502 822 1535 ⁸26:

62 1547 116 1578 ubi
138 1547 277 1589 primum
301 1546 437 1578 dicitur:
472 1547 629 1585 honeste,
654 1547 823 1589 sapienter

61 1595 208 1632 iusteque,
233 1591 310 1622 dein
326 1591 437 1634 paullo
460 1598 554 1634 post:
580 1592 740 1629 honeste,
766 1603 822 1623 sa·-

61 1637 211 1678 pieuter,
236 1636 340 1667 iuste:
375 1636 429 1679 qui
455 1636 544 1667 locus
565 1635 821 1668 luculentissime

61 1681 278 1718 demonstrat,
302 1680 391 1712 illam
413 1681 570 1712 sermonis
585 1680 694 1711 Latini
716 1681 821 1723 legem

61 1737 127 1758 non
150 1732 217 1756 tam
242 1725 394 1768 religiose
423 1738 441 1757 a
463 1725 678 1768 scriptoribus
704 1725 819 1756 obser·

61 1770 140 1808 vari,
165 1781 261 1813 quam
273 1770 457 1813 Madvigius
478 1771 538 1802 sibi
561 1771 732 1813 persuasit.
769 1770 820 1802 Cf.

61 1818 192 1849 Ellendt.
225 1814 267 1847 ad
299 1815 340 1846 de
372 1817 425 1846 Or.
453 1818 475 1847 l.
499 1814 560 1852 43,
590 1814 659 1847 194.
695 1814 769 1846 Vol.
794 1816 819 1848 1.

60 1871 92 1902 p.
119 1860 193 1893 133.
227 1866 260 1891 et
289 1860 329 1891 ad
361 1861 400 1891 ll.
421 1858 485 1897 34,
511 1858 582 1891 145.
622 1859 695 1891 Vol.
720 1861 760 1890 ll.
785 1871 819 1902 p.

59 1904 125 1938 237
138 1916 200 1947 sq.,
227 1905 280 1936 ubi
300 1904 394 1935 multi
412 1905 476 1936 loci
498 1904 646 1946 congesti
662 1911 748 1942 sunt,
765 1904 819 1946 qui

59 1949 191 1991 regulae
228 1949 458 1991 Madvigianac
491 1949 710 1991 refragantur.
770 1950 820 1980 De

58 1993 152 2025 huius
187 1993 252 2025 loci
287 1993 394 2025 verbis
423 1995 562 2025 Menhius
595 1993 625 2024 in
662 1993 818 2026 Observv.

59 2038 147 2070 ined.
160 2039 311 2080 apposite
328 2046 498 2081 comparat
519 2038 701 2070 Parad.1V.
717 2038 744 2077 l,
758 2038 817 2071 27:

60 2082 223 2125 Sapientis
259 2083 384 2114 animus
418 2082 645 2125 magnitudine
681 2082 819 2122 consilii,

60 2127 309 2170 contemptione
334 2139 440 2159 rerum
465 2128 697 2165 humanarum,
732 2127 820 2159 tole-

59 2172 165 2204 rantia
180 2173 343 2210 fortunae,
369 2173 544 2204 virtutibus
559 2172 700 2215 denique
715 2172 820 2204 omni·

60 2216 129 2256 bus,
154 2224 191 2249 ut
215 2220 373 2250 moenibus
394 2222 531 2258 saeptus,
556 2220 695 2250 vincetur
718 2222 743 2250 et
767 2228 821 2250 ex-

54 2265 246 2302 pugnabitur
266 2281 308 2286 —
322 2264 338 2293 ?

126 2311 208 2338 melu
231 2307 408 2349 praeditus]
444 2307 559 2338 Rarius
594 2309 756 2346 praeditus
781 2307 822 2338 de

59 2351 156 2382 rebus
180 2351 272 2382 malis
297 2351 429 2382 dicitur.
476 2363 507 2393 p.
531 2351 619 2382 Sulla
641 2352 673 2389 3,
694 2351 734 2384 7:
769 2363 822 2382 me

58 2395 213 2437 singulari
232 2397 426 2426 immanitate
443 2402 476 2426 et
496 2397 676 2427 crudelitate
694 2398 822 2434 praedi-

60 2444 136 2472 tum.
183 2442 282 2471 Moser
307 2451 414 2480 comp.
436 2451 467 2482 p.
490 2440 608 2471 Flacco
627 2440 658 2477 ὃ,
681 2440 720 2472 6:
747 2442 822 2472 levi-

60 2488 132 2524 tate,
154 2488 296 2525 egestate,
319 2487 466 2525 perfidio,
490 2486 627 2516 andacia
646 2486 818 2524 praeditus.

60 2530 154 2560 Verr.
179 2530 220 2560 11.
250 2530 291 2567 2,
313 2528 372 2561 42:
409 2531 545 2560 amentia
576 2539 626 2568 pr.
662 2532 756 2560 Auct.
780 2528 820 2561 ad

60 2574 206 2606 Herenn.
230 2575 270 2611 11,
295 2574 357 2606 27:
384 2578 501 2605 tumore
524 2584 571 2612 pr.

127 2621 180 2659 qui
202 2629 303 2658 parvo
327 2623 408 2650 metu
429 2618 485 2660 est]
520 2619 610 2649 Haec
635 2624 683 2648 cst
708 2617 822 2648 conie—

63 2669 153 2695 ctura
166 2665 301 2695 Tischeri
316 2675 394 2694 sane
415 2674 510 2706 quam
526 2662 717 2705 probabilis.
744 2662 820 2693 Plu-

62 2706 136 2738 rimi
151 2707 248 2739 codd.
272 2714 306 2738 et
328 2707 456 2750 optimi,
482 2715 516 2738 ut
538 2708 575 2738 R.
592 2706 822 2739 P.G11d.1.11.

63 2752 149 2790 vat„
173 2752 296 2783 habent
316 2755 368 2792 qui
386 2762 525 2793 parva
546 2756 651 2783 metu
665 2754 714 2782 it:
739 2761 822 2793 quae

61 2795 222 2838 scriptura
246 2796 343 2830 facile
367 2809 406 2828 ex
428 2808 456 2838 q.
477 2807 577 2837 parvo
598 2800 707 2827 melust
734 2795 822 2827 nasci

63 2840 183 2882 potuit.
230 2841 359 2873 Verba:
395 2853 455 2874 non
475 2844 527 2882 qui
546 2851 646 2881 parvo
667 2844 748 2872 metu
769 2845 824 2880 est,

61 2886 114 2916 sed
135 2887 189 2924 qui
218 2888 340 2918 omnino
370 2891 453 2918 metu
484 2890 577 2918 vacat
606 2885 736 2927 egregie
767 2896 822 2916 re-

63 2929 227 2972 spondent
243 2930 531 2972 praecedentibus:
558 2942 618 2963 uon
641 2934 671 2961 ut
690 2939 823 2970 parvo

391 853 413 887 3
438 854 492 886 Sic
519 854 630 886 Duisb.
656 861 688 886 et
709 855 799 886 Mon.
816 854 867 894 2.;
894 857 950 886 Or.
974 867 1001 887 c.
1027 856 1114 899 vulg.
1138 858 1193 889 his.

933 752 1046 807 Quae
1073 762 1133 795 cst
1159 756 1292 795 enini-'³
1324 756 1398 796 alia
1419 758 1620 807 fortitudo,

1251 854 1273 888 4
1298 868 1328 889 v.
1351 855 1437 887 Adu.
1494 856 1514 887 5
1541 856 1621 888 Cod.

860 971 972 999 metu
1003 969 1241 1007 praeditus
1274 970 1354 1008 sit,
1389 970 1441 1000 sed
1470 973 1501 999 ut
1524 970 1621 1000 nullo.

861 1011 1047 1053 Madvigius
1075 1013 1207 1055 quidem
1237 1012 1279 1043 ad
1313 1012 1383 1043 Fin.
1404 1013 1442 1043 V.
1466 1013 1531 1051 30,
1553 1011 1621 1054 91.,

861 1056 914 1099 qui
940 1056 1060 1098 probat
1087 1068 1149 1088 scr.
1174 1059 1228 1097 qui
1255 1067 1358 1097 parva
1382 1060 1508 1096 metuit,
1542 1056 1582 1087 ba
1600 1068 1618 1087 c

860 1101 960 1132 verba
981 1101 1100 1143 accipit
1124 1101 1165 1133 de
1190 1112 1250 1139 eo,
1285 1101 1339 1144 qui
1362 1101 1479 1132 metuit
1502 1112 1617 1143 parvus

861 1157 912 1178 res
945 1145 1105 1188 (corporis
1138 1146 1349 1177 incommoda
1381 1152 1413 1177 et
1445 1146 1618 1187 externam

860 1197 894 1222 at
919 1190 1151 1232 intelligendus
1177 1197 1227 1221 est
1248 1191 1279 1222 h.
1300 1191 1320 1222 l.
1345 1190 1382 1228 is,
1407 1190 1461 1233 qui
1482 1201 1619 1233 parvum

858 1241 981 1266 metum
1001 1235 1119 1272 haben
1144 1235 1170 1266 is
1192 1242 1301 1266 autem
1324 1246 1390 1266 non
1412 1247 1528 1278 parvas
1552 1246 1616 1274 res,

858 1280 917 1311 sed
948 1291 1081 1322 magnas
1109 1286 1238 1311 tantum
1267 1279 1394 1311 metuit.
1442 1279 1539 1318 Quod
1563 1282 1616 1311 Or.

860 1336 886 1356 c.
914 1324 1023 1366 paucis
1056 1323 1274 1356 deterioribus
1309 1323 1405 1356 codd.
1442 1325 1618 1367 paucisque

860 1369 934 1400 edd.
956 1375 1038 1399 vett.
1060 1368 1175 1404 edidit,
1198 1379 1335 1409 parum,
1357 1367 1392 1399 id
1414 1369 1512 1400 etiam
1536 1381 1615 1400 sen-

858 1413 962 1445 tentia
993 1412 1087 1444 huius
1118 1412 1181 1444 loci
1212 1413 1308 1455 plane
1338 1413 1473 1456 respuit.
1530 1414 1615 1444 Nam

859 1458 1043 1500 ubicunque
1063 1457 1151 1500 apud
1174 1457 1367 1489 Ciceronem
1387 1464 1421 1489 et
1445 1457 1538 1489 huius
1558 1469 1615 1489 ae-

855 1503 932 1534 tatis
958 1502 1136 1544 scriptores
1157 1512 1274 1542 parum
1298 1501 1428 1544 legitur,
1455 1502 1618 1545 siguificat

857 1554 1005 1578 nostrum
1028 1557 1064 1578 zu
1077 1550 1190 1587 weniy,
1215 1547 1246 1580 h.
1258 1559 1285 1578 e.
1306 1546 1422 1585 minus,
1447 1558 1544 1590 quam
1559 1559 1616 1579 sa-

855 1592 897 1623 tis
924 1599 984 1631 est,
1011 1603 1107 1634 quam
1132 1591 1231 1630 velis,
1258 1603 1323 1623 non
1346 1591 1444 1630 satis,
1469 1592 1615 1634 opponi-

854 1643 972 1679 turque
1003 1636 1166 1668 vocabulo
1199 1639 1293 1669 nimis
1316 1643 1372 1668 aut
1393 1639 1545 1676 nimium,
1580 1643 1616 1668 ut

856 1682 897 1712 Il.
921 1682 952 1718 7,
978 1682 1027 1714 17.
1064 1682 1118 1711 lV.
1141 1681 1189 1719 17,
1213 1680 1267 1713 39.
1302 1683 1343 1712 V.
1366 1681 1420 1719 37,
1447 1681 1518 1714 107.
1551 1681 1614 1712 Οί1“.

855 1727 879 1763 l,
894 1726 957 1757 25:
983 1725 1247 1756 mediocritatem
1265 1725 1355 1756 illam
1377 1725 1512 1764 tenebit,
1533 1737 1615 1768 quae

855 1777 904 1802 est
927 1770 1013 1801 iuter
1035 1773 1167 1801 nimium
1190 1776 1224 1800 et
1243 1780 1368 1809 parum.
1417 1770 1503 1800 Hinc
1528 1781 1615 1801 nun-

855 1826 952 1857 quam
973 1814 1093 1846 dicitur
1116 1818 1182 1846 tam
1207 1824 1345 1854 parum,
1381 1815 1458 1845 adeo
1487 1824 1614 1854 parum,

853 1869 947 1899 quam
975 1869 1113 1899 parum,
1147 1858 1206 1889 sed
1236 1863 1302 1890 tam
1323 1870 1404 1898 non,
1441 1860 1519 1890 adeo
1543 1869 1615 1897 non,

853 1914 947 1943 quum
975 1914 1046 1935 non.
1094 1904 1133 1935 V.
1158 1903 1200 1934 ad
1226 1904 1280 1934 IV.
1303 1902 1361 1941 35,
1387 1901 1440 1937 74.
1489 1903 1614 1935 Nostra

853 1948 984 1991 quidem
1011 1947 1169 1979 memoria
1189 1947 1401 1986 exstiterunt,
1438 1948 1491 1990 qui
1516 1959 1614 1990 prae-

854 1999 951 2024 eunte
971 1992 1138 2024 Prisciano
1162 1993 1250 2034 (XV.
1273 1992 1392 2034 pozo.
1406 1992 1480 2031 ΚΓ.)
1499 2002 1614 2032 parum

854 2048 1089 2080 nonnunquam
1104 2048 1165 2080 pro
1184 2047 1322 2076 parvum
1337 2043 1528 2079 usurpatum
1543 2048 1614 2068 esse

854 2082 1020 2114 dicerent:
1055 2094 1082 2112 v.
1108 2083 1298 2114 Doederlein.
1321 2082 1394 2113 Lat.
1420 2083 1498 2124 Syn.
1531 2082 1570 2113 T.
1594 2083 1616 2112 l.

854 2139 887 2170 p.
904 2125 974 2160 146.
1002 2128 1042 2159 T.
1061 2128 1114 2158 ΠΙ.
1141 2126 1261 2169 ρ.313.
1297 2128 1468 2158 Frotscher.
1487 2126 1519 2157 in
1545 2138 1613 2157 exc.

855 2171 898 2204 ad
920 2171 1077 2211 Quinctil.
1102 2172 1158 2209 X,
1182 2171 1216 2208 l,
1241 2170 1314 2203 130.
1339 2183 1371 2213 p.
1394 2172 1470 2203 255.
1519 2173 1616 2202 Kritz.

855 2216 899 2248 ad
923 2216 999 2248 Sall.
1025 2218 1093 2258 lug.
1116 2217 1179 2254 δῖ),
1199 2215 1276 2251 31.;
1302 2222 1335 2246 at
1354 2215 1408 2257 qui
1429 2214 1614 2257 paucissimi

857 2273 895 2293 ex
915 2272 1033 2293 aureae
1055 2260 1172 2292 aetatis
1192 2259 1408 2301 scriptoribus
1432 2259 1615 2290 excitantur

856 2306 944 2344 loci,
981 2305 1004 2336 ii
1039 2303 1185 2346 corrupti
1217 2310 1274 2334 aut
1306 2304 1402 2334 aliter
1431 2303 1615 2345 explicandi

855 2358 943 2382 sunt.
990 2351 1030 2382 V.
1054 2351 1193 2388 Madvig.
1224 2347 1266 2379 ad
1296 2348 1368 2379 Fin.
1400 2349 1440 2379 V.
1470 2348 1534 2387 30,
1560 2346 1614 2380 91.

857 2407 888 2438 p.
914 2394 988 2428 751.
1035 2394 1113 2424 Sall.
1138 2393 1160 2424 l.
1183 2392 1215 2423 d.
1248 2404 1276 2423 c.
1301 2392 1410 2424 Nonio
1443 2398 1475 2423 et
1505 2391 1615 2435 paucis

857 2439 953 2471 codd.
975 2438 1148 2480 legendum
1173 2442 1223 2468 est
1239 2440 1334 2477 parvi
1356 2439 1390 2469 id
1408 2438 1501 2477 sacto.
1548 2436 1615 2468 Cic.

857 2484 898 2515 de
925 2484 1006 2525 Rep.
1028 2483 1081 2520 lV,
1105 2483 1144 2514 8:
1170 2492 1239 2513 non
1260 2482 1347 2513 enim
1372 2481 1470 2513 facile
1493 2481 1615 2514 valenti

858 2527 982 2570 populo
1007 2526 1185 2565 resistitur,
1209 2526 1236 2557 si
1261 2533 1316 2557 aut
1340 2526 1422 2558 nihil
1445 2526 1613 2570 impertias

858 2573 945 2611 iuris,
971 2578 1026 2603 aut
1046 2581 1161 2611 parum
1183 2571 1216 2603 h.
1232 2583 1260 2603 e.
1283 2578 1339 2602 aut
1358 2570 1449 2609 nihil,
1474 2578 1531 2603 aut
1548 2581 1612 2603 non

856 2617 945 2649 satis.
995 2615 1100 2647 Etiam
1125 2628 1177 2659 ap.
1203 2619 1296 2648 Auct.
1321 2616 1396 2648 libri
1419 2615 1461 2648 de
1485 2616 1516 2648 b.
1542 2616 1614 2648 Afr.

859 2674 885 2694 e.
901 2662 932 2694 2.
957 2667 1047 2693 recte
1071 2672 1105 2692 se
1128 2660 1229 2692 habet
1250 2671 1376 2701 parum.
1424 2660 1613 2693 Paucissimi

857 2706 1077 2749 posteriorum
1100 2706 1297 2749 scriptorum
1320 2706 1384 2738 loci
1408 2712 1550 2741 restant,
1578 2710 1613 2735 ut

857 2753 933 2783 Seu.
957 2762 1009 2793 ep.
1034 2753 1076 2790 2,
1100 2752 1138 2783 5:
1175 2762 1242 2783 non
1275 2751 1331 2794 qui
1361 2760 1477 2791 parum
1502 2749 1610 2787 habet,

857 2795 915 2827 sed
939 2795 993 2839 qui
1016 2794 1089 2838 plus
1114 2795 1214 2838 cupit,
1239 2807 1364 2839 pauper
1385 2801 1444 2826 est.
1471 2805 1522 2835 ep.
1539 2791 1610 2830 116,

857 2852 894 2872 a:
920 2840 1123 2879 dolebimus,
1146 2840 1206 2872 sed
1227 2851 1365 2881 ραν-αντη
1397 2837 1614 2879 concupisce-

858 2896 939 2925 mus,
963 2885 1021 2917 sed
1042 2892 1234 2928 temperate.
1270 2887 1313 2916 At
1336 2882 1489 2922 Quinctil.
1510 2883 1566 2912 Ill.
1585 2882 1611 2919 l,

857 2931 896 2962 ὃς
934 2941 1024 2971 „nos
1049 2942 1216 2969 veremur,
1252 2940 1292 2961 ne
1314 2937 1430 2969 parum
1453 2926 1508 2959 hic
1531 2925 1614 2958 liber
