1832 3137
624 106 768 139 INDEX
792 104 1066 138 HlSTORlCUS.

106 186 242 229 triginta
263 191 498 228 tyrannorum,
531 183 585 227 qui
610 195 708 228 quum
732 183 818 217 resi-

105 238 193 264 stere
214 229 314 262 vellet
339 228 524 262 crudelitati
542 235 726 261 ceterorum
744 229 816 261 col-

104 275 261 319 legarum,
285 275 318 306 in
342 273 454 318 primis
481 273 624 313 Critiae,
648 275 681 306 in
705 274 816 306 odium

106 321 190 353 adeo
214 319 349 358 incidit,
373 326 409 351 ut
432 326 601 352 accusatus
629 331 739 352 coram
762 319 815 350 iu-

106 365 194 398 dicio
212 372 365 408 tanquam
381 376 488 396 rerum
511 376 668 396 novarum
685 364 816 396 studio-

105 423 159 443 sus
192 410 402 442 damnaretur
435 409 560 441 mortis.
610 410 646 448 1,
680 410 734 443 96.
760 408 814 442 97.

109 456 182 489 100.
207 455 282 488 Vid.
300 457 446 495 Wyttenb.
459 454 501 486 ad
515 454 677 486 Plutarch.
694 466 726 497 p.
739 452 815 488 716.

108 503 214 532 Oxou.
235 502 276 533 T.
290 501 329 531 ΙΙ.
353 512 386 543 p.
399 499 452 532 42.
477 499 567 541 Lips.
584 506 617 531 et
637 499 680 531 ad
696 499 816 531 Select.

105 545 192 577 Hist.
206 545 262 576 Gr.
276 556 309 588 p.
323 543 399 578 406.
423 546 445 576 Ι.
462 547 494 577 C.
507 546 542 576 F.
553 546 694 578 Manson.
714 546 817 588 Spar—-

105 597 140 622 ta
165 591 220 623 ΙΙΙ.
245 590 277 623 3.
300 601 331 633 p
352 591 472 632 Ιῆεῃεῑ.
521 589 588 621 Cfr.
615 592 737 622 Critias.

63 634 294 676 Thermopylae,
313 642 466 677 angustus
481 634 636 666 transitus
648 646 706 686 per
719 644 817 676 prae-

105 687 222 724 ruptos
247 687 375 711 montes
408 691 426 712 e
449 680 618 712 Thessalia
650 679 683 710 iu
707 680 816 710 Boeo-

106 725 198 758 tiam.
241 725 355 756 Dictae
375 731 450 756 sunt
473 725 513 756 ab
538 724 681 767 angustis
707 722 817 755 fauci-

106 770 166 802 bus
185 769 276 822 aquis
290 770 402 802 calidis
424 769 636 802 scatentibus.
670 768 817 800 Illustres

106 815 240 846 interitu
263 815 346 857 regis
369 814 547 846 Leonidae.
597 813 734 849 1,101.

64 862 212 899 Theseus,
236 859 319 890 filius
344 859 455 902 Aege‘i,
484 870 540 890 rex
566 858 704 898 Atticae,
728 857 815 889 urbis

106 904 310 937 Athenarum
347 904 520 942 conditor,
565 904 662 936 heros
706 903 817 935 multis

105 949 274 992 praeclare
308 949 403 981 factis
438 949 581 980 illustris.
630 950 721 980 Inter
754 948 817 980 alia

104 994 274 1026 interfecit
297 994 550 1026 Minotaurum
541 1006 573 1025 in
596 993 726 1026 Cretico
748 994 818 1025 La-

106 1039 145 1083 b)
144 1039 276 1071 rintho.
324 1040 364 1071 V.
388 1039 471 1071 Plut.
496 1039 594 1071 Thes.
616 1051 648 1081 p.
662 1040 691 1071 5.
721 1038 818 1070 Diod.

105 1052 184 1127 4‚p
188 1085 284 1117 .ἳὸ2.
321 1084 415 1116 Ovid.
439 1085 520 1116 Met.
544 1084 574 1122 7,
593 1081 670 1117 435.
693 1083 815 1126 Hygiu.

108 1096 184 1162 fabp
199 1130 252 1162 3&
302 1129 398 1168 Quod
422 1129 547 1161 facinus
572 1135 620 1160 est
643 1140 819 1170 argumen-

105 1181 177 1206 tum
202 1174 332 1206 fabulae
356 1174 539 1217 Euripidis,
574 1186 612 1205 ex
637 1185 711 1223 qua
730 1173 819 1205 locus

107 1219 224 1252 allatus
247 1219 366 1262 legitur
389 1221 430 1257 3,
455 1219 508 1252 ’9.
535 1219 586 1252 30.
610 1220 662 1252 555.
697 1216 738 1257 4,
764 1219 817 1251 50.

64 1267 223 1305 Thyestes,
256 1265 340 1296 filius
373 1245 525 1307 Pelopis,
559 1275 661 1306 nepos
686 1263 817 1296 Tantali

108 1316 142 1342 et
173 1320 338 1353 pronepos
362 1310 469 1350 Iovis,
515 1321 570 1341 rex
595 1310 817 1352 Mycenarum.

107 1356 156 1387 Ex
181 1355 270 1386 Atrei
293 1354 403 1386 fratris
426 1366 526 1386 uxore
546 1354 668 1385 liberos
692 1353 816 1396 genuit,

108 1411 188 1442 quos
221 1407 335 1442 postea
379 1399 408 1431 ei
441 1399 622 1442 epulandos
654 1397 818 1441 apposuit.

108 1446 157 1476 Eo
178 1445 219 1476 ab
241 1444 400 1487 Aegistho
423 1444 619 1480 interfecto,
653 1443 816 1486 Thyestes

107 1501 215 1521 rerum
236 1489 360 1533 potitus
381 1501 457 1521 mox
469 1489 509 1520 ab
522 1488 613 1520 Atrei
629 1488 712 1527 filiis,
726 1491 817 1530 Aga—

106 1546 280 1566 memnone
304 1542 337 1566 et
362 1535 530 1571 Menelao,
555 1533 665 1576 pulsus
687 1534 720 1564 in
745 1533 818 1564 exi-

106 1579 184 1611 lium
209 1580 316 1622 periit.
363 1579 404 1617 3,
428 1579 482 1611 26.
507 1578 560 1611 39-
597 1577 638 1615 4,
664 1578 718 1612 77.

65 1628 161 1665 Timo,
175 1624 393 1662 Atheniensis,
407 1623 507 1655 homo
520 1623 725 1662 inhumanus,
739 1622 820 1653 alio-

107 1682 178 1702 rum
202 1669 309 1701 vitans
346 1680 556 1711 congressus,
592 1667 668 1698 inde
692 1667 820 1698 Misan-

109 1716 247 1758 thropus
279 1714 484 1754 nominatus,
529 1712 672 1744 Socratis
709 1718 820 1744 aetate

108 1760 200 1792 vixit.
245 1758 286 1799 4,
311 1761 364 1792 25.
388 1759 442 1792 27.

65 1807 259 1845 TimothEus,
296 1804 440 1835 Cononis
475 1803 579 1843 filius,
616 1802 682 1833 dux
713 1801 819 1833 Athe-

108 1850 268 1882 niensium
294 1850 382 1892 (355.
403 1861 432 1880 a.
457 1848 560 1890 Cha).
610 1848 675 1879 Cic.
700 1846 763 1878 Off.
788 1847 817 1887 1,

109 1895 162 1928 32.
189 1914 230 1918 -
265 1896 304 1934 5,
332 1894 414 1926 100:
440 1894 493 1925 ubi
517 1905 547 1925 v.
574 1892 750 1924 Adnotata.

66 1943 220 1979 Tiresias,
245 1951 358 1971 caecus
382 1945 473 1970 vates
491 1938 734 1975 Thebanorum,
759 1948 817 1969 ae-

109 1992 177 2016 tate
201 1984 279 2016 belli
302 1984 451 2016 Thebani
476 1983 567 2015 vixit.
602 1984 643 2021 5,
672 1983 744 2015 113.

66 2033 212 2070 Titanes,
235 2029 402 2072 gigantes,
428 2028 483 2060 filii
509 2027 600 2060 Coeli
625 2034 659 2059 et
682 2029 818 2066 Terrae,

109 2082 284 2119 quattuor,
310 2074 426 2112 Coeus,
451 2074 554 2113 Crius,
580 2073 738 2116 Hyperio‚
764 2074 819 2104 Ia—

108 2127 214 2164 petus.
262 2121 390 2162 Iapetus
415 2130 548 2150 uxorem
572 2118 664 2149 duxit
686 2117 818 2161 Clyme-

107 2177 190 2205 nen,
225 2165 324 2197 filiam
343 2164 483 2203 Oceani,
520 2170 553 2195 et
573 2174 612 2194 ex
637 2174 673 2195 ea
695 2174 818 2205 proge—

109 2211 180 2243 nuit
213 2210 398 2247 Atlantem,
425 2208 647 2247 Menoetium,
682 2209 818 2240 Prome-

107 2257 231 2288 theum.
278 2254 365 2286 Hinc
383 2254 594 2286 Prometheus
618 2260 706 2285 recte
719 2253 818 2285 Tita—

111 2313 167 2334 nes
184 2300 335 2332 sobolem
356 2299 478 2332 sociam
497 2299 545 2330 sui
568 2298 732 2340 sanguinis
754 2310 816 2330 vo—

111 2357 185 2379 care
208 2351 330 2387 potest.
376 2344 418 2385 2,
443 2344 506 2376 23:
534 2342 586 2374 ubi
611 2355 640 2374 v.
667 2342 750 2374 Adn.

67 2394 246 2432 Torquatus.
292 2390 332 2421 Τ.
357 2388 498 2420 Manlius
521 2389 707 2430 Torquatus
740 2386 815 2419 396.

109 2448 139 2468 a.
165 2435 238 2466 Chr.
263 2440 426 2466 certamen
447 2432 608 2475 singulare
631 2444 701 2464 cum
721 2432 817 2463 Gallo

110 2480 183 2513 iniit
207 2479 300 2522 eique
327 2490 460 2510 aureum
492 2485 639 2520 torquem
663 2477 815 2508 detraxit.

108 2525 183 2558 Liv.
207 2526 279 2563 Vll,
307 2524 357 2556 10.
407 2523 458 2555 Cf.
483 2525 579 2554 Beier.
604 2522 646 2553 ad
671 2521 735 2553 Ols.
760 2523 817 2553 ΙΙΙ.

112 2570 274 2609 31,113.
296 2576 332 2600 et
357 2579 436 2612 quos
463 2567 611 2599 contulit.
633 2585 678 2590 —
705 2564 736 2603 4,
761 2566 804 2599 (Γ
808 2591 815 2597 .

70 2617 201 2655 Trabea,
224 2618 322 2657 poeta
337 2614 499 2645 Romanus
521 2611 672 2644 comicus.
711 2616 742 2649 4,
763 2610 806 2645 (57
810 2636 816 2643 .

115 2661 165 2692 Cf.
187 2659 280 2692 Finn.
303 2661 342 2690 ΙΙ.
363 2657 394 2691 4.
440 2658 524 2691 Gell.
550 2658 588 2687 N.
606 2663 642 2688 A.
666 2658 742 2694 XV,
762 2654 816 2688 ¹4.

69 2707 260 2744 Trachiniae,
274 2704 422 2735 mulieres
438 2703 524 2734 urbis
536 2702 692 2734 Thessali
687 2713 724 2733 ie
737 2702 782 2733 Τι
785 2712 818 2732 a·

115 2749 228 2782 chinis.
261 2750 336 2781 Hoc
355 2759 471 2780 nomen
495 2747 593 2779 habet
612 2758 674 2777 una
684 2746 818 2789 Sopho-

114 2794 170 2827 clis
191 2794 450 2836 tragoediarum,
485 2792 573 2825 cuius
594 2798 818 2833 argumentum

113 2838 188 2871 vide
210 2850 262 2869 vv.
282 2841 425 2872 Hercules
449 2845 482 2870 et
503 2840 661 2870 Deianira.
695 2838 726 2876 2,
751 2837 815 2868 2οῑ

113 2884 167 2916 ubi
190 2895 221 2916 v.
247 2883 330 2915 Adn.

71 2929 284 2970 Τήρίοῐέτηυε,
308 2928 390 2961 filius
415 2928 516 2966 Celffi,
542 2926 701 2959 Eleusinis
722 2925 818 2968 regis,

135 2982 181 3012 ed.
201 2985 318 3018 quarta.

1528 96 1608 140 497

896 183 1019 226 primus
1033 182 1249 226 agriculturae
1261 183 1422 216 rationem
1435 184 1604 218 Graeciam

895 228 1046 261 docuisse
1074 228 1392 272 Atheniensibusque
1425 228 1514 272 leges
1547 237 1604 262 tu-

895 273 970 305 lisse
994 273 1144 306 traditur.
1196 275 1232 312 l,
1256 273 1318 306 96:
1346 273 1400 306 ubi
1423 286 1454 307 v.
1479 274 1562 306 Adu.

852 321 954 358 Troia,
980 319 1075 351 Asiae
1097 318 1230 350 minoris
1253 319 1338 352 urbs.
1366 321 1394 357 1,
1417 318 1472 352 98.
1497 319 1528 358 3,
1550 318 1623 353 28..

851 364 996 404 Troilus,
1022 364 1139 396 Priami
1164 364 1257 403 filius,
1282 363 1322 396 ab
1347 363 1475 396 Achille
1497 363 1605 397 inter-

895 408 1013 440 fectus.
1063 410 1078 441 l
1093 433 1101 448 ,
1125 409 1179 442 93.

851 455 1041 492 Trophonius
1062 464 1093 485 v.
1117 455 1297 494 Agamedes.

852 499 992 538 Tubero,
1018 501 1074 538 Q.,
1115 499 1276 542 Scipionis
1301 498 1448 530 Africani
1471 498 1606 532 minoris

896 543 1017 574 sororis
1060 543 1162 581 filius,
1207 543 1438 586 philosophiae
1475 544 1606 577 Stoicae

896 587 1083 627 studiosus,
1122 569 1194 620 1-33.
1219 600 1247 620 a.
1269 588 1343 619 Chr.
1373 589 1521 621 tribunus
1547 589 1605 633 pl„

895 632 1098 664 adversarius
1132 633 1257 665 Tiberii
1289 633 1439 666 Gracchi.
1485 633 1526 674 4,
1561 632 1604 667 4:

897 676 950 708 ubi
974 689 1005 709 v.
1030 677 1114 709 Adn.

852 724 1028 762 Turpilius,
1060 729 1153 754 vetus
1178 722 1400 754 Romanorum
1423 727 1522 766 poe'ta
1546 735 1606 756 co-

896 767 1009 798 micus.
1050 764 1090 803 4,
1117 767 1170 800 7⁴2.
1195 767 1248 800 73.

852 814 1046 844 Tusculanae
1069 811 1309 854 disputationes
1333 811 1485 845 dicuntur
1507 812 1541 845 hi
1563 813 1608 845 li-

895 857 964 894 bri,
1001 857 1076 900 quia
1099 856 1230 888 habitae
1255 856 1418 899 finguntur
1451 858 1485 889 in
1512 858 1606 890 Cice-

896 901 985 934 ronis
1016 901 1093 934 villa
1117 901 1159 933 ad
1182 902 1358 934 Tusculum
1394 903 1505 946 (hodie
1530 905 1608 936 Fra-

896 947 985 988 scati)
1009 947 1082 980 sita.
1130 948 1169 985 5,
1199 947 1224 978 1.

854 994 1084 1042 Tusculanum,
1108 991 1277 1034 praedium
1301 992 1478 1029 Ciceronis,
1503 1003 1607 1036 prope

898 1037 1036 1068 Romam
1058 1037 1155 1068 situm
1189 1036 1221 1067 in
1247 1048 1325 1079 agro
1349 1037 1554 1078 Tusculano,
1588 1049 1607 1070 a

897 1082 1052 1121 'lusculo‚
1080 1081 1165 1112 Latii
1190 1082 1290 1121 urbe,
1315 1082 1528 1114 nominatum.
1576 1084 1605 1123 1,

922 1126 1029 1159 .119.
1066 1127 1097 1163 2,
1122 1126 1205 1159 2..9
1239 1126 1278 1164 3,
1304 1126 1335 1159 6.
1375 1124 1461 1164 4,7.

900 1139 950 1203 Cl.
976 1174 1169 1204 Tusculanae
1188 1173 1420 1212 disputationes.

854 1217 1077 1257 Tyndaridae,
1104 1217 1220 1248 Castor
1243 1223 1277 1248 et
1301 1217 1436 1257 Pollux,
1459 1217 1606 1261 Tyndari

898 1261 966 1294 filii.
1018 1262 1054 1300 l,
1080 1262 1141 1294 215:
1167 1261 1220 1293 ubi
1245 1273 1275 1294 v,
1303 1262 1385 1293 Adn.

1496 1127 1606 1167 5‚11.

853 1310 970 1347 Tyrus,
994 1306 1192 1339 Phoeniciae
1217 1307 1302 1338 urbs.
1350 1306 1393 1346 3,
1415 1305 1470 1340 06.

1215 1387 1250 1417 U.

856 1443 971 1481 Ulixes,
985 1453 1042 1472 rex
1058 1441 1200 1473 Ithacae.
1230 1443 1258 1480 1,
1272 1440 1326 1474 98.
1343 1440 1376 1481 2,
1389 1439 1442 1475 49.
1466 1443 1497 1481 5,
1510 1441 1541 1476 7.
1553 1440 1609 1476 46.

1217 1522 1250 1551 V.

855 1579 952 1608 Varia
971 1579 1042 1616 lex,
1066 1576 1098 1615 2,
1123 1576 1185 1610 27:
1213 1576 1266 1608 ubi
1290 1589 1321 1608 v.
1342 1576 1428 1608 Adu.

856 1624 1009 1661 Veientes,
1033 1621 1160 1653 incolae
1184 1621 1357 1661 Veiorum,
1393 1621 1480 1653 urbis
1504 1622 1607 1653 Etru-

898 1667 985 1705 riae,
1022 1678 1088 1698 non
1110 1666 1225 1709 procul
1253 1668 1351 1699 Roma
1374 1666 1465 1698 sitae.
1489 1666 1529 1705 3,
1552 1666 1607 1700 27.

856 1713 1006 1750 Venusia,
1032 1711 1188 1753 oppidum
1213 1712 1369 1753 Apuliae,
1403 1722 1467 1743 non
1491 1710 1606 1754 procul

900 1756 1014 1787 linibus
1038 1756 1201 1788 Lucaniae
1224 1757 1333 1795 situm,
1356 1756 1390 1788 in
1411 1767 1476 1798 quo
1495 1757 1606 1788 Hora-

899 1802 962 1832 tius
986 1807 1080 1832 natus
1101 1807 1161 1832 est.
1210 1800 1249 1841 1,
1274 1801 1328 1834 89.

1212 1882 1250 1911 X.

853 1938 1048 1976 Xanthippe,
1073 1935 1215 1967 Socratis
1241 1947 1331 1967 uxor.
1377 1935 1418 1974 3,
1441 1934 1495 1968 31.

853 1982 1056 2021 Xenocrates,
1082 1981 1289 2012 Chalcedone
1313 1980 1343 2011 in
1369 1979 1520 2022 Bithynia
1544 1992 1606 2013 na-

897 2033 968 2065 tus,
1006 2026 1149 2057 Platonis
1172 2026 1368 2069 discipulus,
1402 2031 1475 2068 post
1497 2027 1603 2068 Speu-

897 2071 1027 2115 sippum
1061 2070 1254 2102 Academiae
1289 2082 1347 2113 per
1378 2070 1420 2102 25
1451 2070 1605 2113 deinceps

898 2128 1000 2149 annos
1036 2116 1090 2159 (ab
1119 2127 1147 2148 a.
1180 2116 1256 2148 339.
1276 2127 1304 2147 a.
1329 2115 1416 2157 Chr.)
1451 2115 1604 2158 praefuit.

900 2162 927 2198 1
952 2162 1005 2194 20.
1031 2163 1061 2199 5,
1083 2161 1135 2194 30.
1159 2160 1212 2194 39
1237 2161 1290 2193 51.
1318 2161 1385 2204 (ubi
1405 2163 1606 2202 gravissimus

895 2208 1145 2246 philosophorum
1171 2205 1375 2248 appellatum
1411 2205 1455 2237 cf.
1490 2205 1553 2237 Off.
1578 2206 1604 2237 Ι.

896 2252 1064 2290 3(),109.)
1099 2250 1152 2283 ὔ7.
1177 2250 1323 2284 91.107.
1349 2249 1421 2282 109.
1469 2249 1605 2292 Scripsit

896 2277 998 2328 libios
1019 2307 1058 2328 π
1046 2294 1095 2337 ,οὶ
1116 2306 1176 2336 αρε
1162 2295 1259 2338 τῆς.
1296 2306 1378 2338 quos
1401 2305 1603 2327 commemo-

896 2348 947 2373 rat
976 2339 1291 2382 Diog.L.1V,1›

852 2387 1029 2426 Xenophon,
1054 2384 1197 2416 Socratis
1221 2384 1407 2428 discipulus,
1441 2384 1474 2425 2,
1495 2383 1549 2417 62.
1571 2385 1603 2424 5,

896 2430 949 2464 99.

852 2479 968 2508 Xerxes
985 2476 1032 2513 1.,
1059 2486 1113 2506 rex
1134 2475 1303 2506 Persarum
1329 2471 1549 2517 (456-456,
1573 2486 1602 2507 a.

900 2520 999 2562 ehu).
1040 2521 1081 2559 ξ),
1105 2518 1157 2552 20.

1216 2600 1248 2629 Ζ.

853 2658 950 2694 Ζεηο,
973 2655 1003 2695 a)
1031 2666 1048 2686 e
1073 2653 1177 2692 Citio,
1203 2654 1302 2697 Cypri
1327 2654 1406 2686 urbe
1429 2654 1601 2693 maritima,

897 2699 1062 2736 oriundus,
1089 2698 1298 2742 philosophus
1323 2706 1355 2731 et
1380 2699 1531 2731 conditor
1546 2710 1602 2730 se-

898 2752 969 2777 ctae
983 2744 1112 2776 Stoicae
1135 2746 1175 2786 (c.
1191 2745 1306 2777 a.300.
1319 2756 1347 2776 a.
1364 2745 1462 2781 Chr).
1491 2747 1516 2781 1,
1539 2743 1598 2776 19:

896 2789 951 2821 ubi
971 2801 1002 2822 v.
1025 2788 1107 2821 Adn.
1139 2791 1170 2827 2,
1195 2789 1246 2822 15.
1268 2788 1321 2821 29.
1344 2788 1396 2821 60.
1429 2788 1461 2827 3,
1481 2788 1533 2821 75.
1567 2785 1601 2829 4,

902 2835 949 2867 11.
981 2834 1034 2868 47.
1079 2835 1117 2871 5,
1142 2834 1196 2868 27.
1222 2833 1274 2866 32.
1299 2833 1351 2866 33.
1380 2830 1432 2865 34.
1460 2832 1532 2865 107.
1557 2850 1602 2856 -—-

897 2879 930 2918 b)
958 2882 1037 2912 Zeno
1059 2881 1181 2911 Eleates
1215 2878 1248 2921 (i.
1272 2889 1300 2909 e.
1325 2888 1362 2908 ex
1389 2877 1485 2915 Elea,
1521 2876 1600 2909 urbe

898 2924 1036 2967 Magnae
1061 2923 1236 2962 Graeciae,
1261 2922 1441 2963 oriundus),
1466 2922 1600 2954 Parme-

1229 2974 1282 3008 52
