1863 3221
241 110 298 152 90

243 199 327 240 sive
358 197 487 252 ignei,
529 196 726 237 sublimes>
757 194 867 234 ferri.

831 116 998 148 LIBER
1021 116 1046 146 1.
1076 113 1136 155 18,
1161 113 1215 148 41.

932 200 1000 234 41.
1035 192 1079 234 Si
1109 207 1205 234 vero
1232 200 1297 233 aut
1321 208 1506 234 numerus
1536 193 1688 248 quidam
1712 195 1763 236 sit
1780 200 1797 224 ⁹

243 272 416 321 animm,
450 270 549 323 quod
573 268 767 308 subtiliter
795 267 917 321 magis
934 299 944 318 ‚
979 281 1090 321 quam
1118 266 1281 306 dilucide
1305 267 1464 317 dicitur,
1500 274 1565 307 aut
1588 267 1719 321 quinta
1738 267 1803 310 illa

246 361 323 386 non
354 344 550 384 nominata
574 342 720 394 magis,
755 355 868 395 quam
896 355 974 380 non
998 340 1195 380 intellecta
1220 347 1381 380 natura:
1415 341 1535 380 multo
1563 340 1677 380 etiam
1705 340 1804 382 inte-

242 418 370 471 griora
396 431 440 457 ac
476 416 632 471 puriora
668 421 783 464 sunt,
828 421 869 454 ut
896 428 917 454 a
946 421 1048 453 terra
1073 414 1300 466 longissime
1332 426 1374 453 se
1413 414 1591 453 efferant.
1653 413 1802 454 Hor-um

239 490 358 544 igitur
385 489 524 544 aliquid
552 489 704 529 animus
727 494 807 538 est,
842 501 890 527 ne
907 490 924 514 ⁹
958 494 1035 527 tam
1058 493 1199 540 vegeta
1224 499 1333 526 mens
1355 489 1366 512 ¹
1399 493 1464 526 aut
1488 487 1525 526 in
1549 487 1665 527 corde
1693 500 1802 527 oere—

243 563 391 613 brove,
424 570 487 603 aut
519 562 559 602 in
591 561 853 616 Empedocleo
885 560 1074 614 sanguine
1107 560 1285 599 demersa
1314 559 1456 599 iaceat.

350 634 514 676 XVIlI.

240 709 387 764 scipulo
412 723 506 760 sun,
539 709 674 748 doctos
700 721 795 748 sane
821 707 1022 756 homines,
1058 706 1303 745 omittamus:
1338 720 1498 758 quornm
1522 705 1621 745 alter
1640 718 1688 745 ne
1708 719 1802 745 con-

579 634 859 675 Dicaearchum
881 647 976 675 vero
998 647 1082 673 cum
1103 633 1348 672 Aristoxeno
1364 663 1374 682 ,
1420 631 1571 685 aequali
1601 639 1640 672 et
1671 632 1802 672 condi-

240 783 411 823 doluisse
440 782 593 836 quidem
618 795 782 835 unquam
809 781 987 829 videtur,
1023 779 1084 832 qui
1107 780 1274 818 animum
1301 792 1343 818 se
1372 778 1513 818 habere
1535 792 1611 818 non
1635 778 1798 830 sentiat3

239 857 338 897 alter
358 856 412 896 ita
433 856 646 896 delectatur
664 854 744 894 suis
769 853 970 903 cantibus,
1005 859 1045 892 ut
1067 865 1135 892 eos
1166 852 1280 892 etiam
1311 851 1355 890 ad
1382 851 1475 891 haec
1501 852 1713 891 transferre
1737 866 1801 890 co-

239 937 368 969 netur.
430 928 682 969 Harmoniam
712 934 839 968 autem
867 941 919 966 ex
954 925 1170 965 intervallis
1203 939 1388 965 sonorum
1427 938 1543 964 nosse
1576 938 1798 978 possumus,

243 1017 406 1057 quorum
434 1002 545 1042 varia
568 1001 797 1056 compositio
823 1000 939 1040 etiam
963 998 1186 1039 harmonias
1211 998 1329 1038 efficit
1352 998 1507 1052 plures3
1541 998 1800 1038 membrorum

332 1131 348 1164 1
375 1132 438 1164 Th.
465 1131 569 1163 Bentl.
596 1130 680 1163 coni.
704 1141 762 1163 res.

304 1213 434 1243 sublime
458 1211 545 1253 ferri]
583 1209 638 1240 Sic
661 1209 813 1240 meliores
838 1206 933 1248 libri,
967 1215 1003 1239 ut

240 1255 277 1287 R.
300 1255 386 1287 Gud.
415 1257 442 1287 l.
469 1256 522 1293 b.,
557 1254 686 1297 aliique.
736 1254 798 1285 Alii
832 1254 945 1296 legunt
970 1257 1001 1286 in

238 1303 367 1333 sublime
387 1302 471 1340 ferri.
520 1300 626 1336 Male3
659 1299 774 1330 Cicero
796 1299 880 1329 enim
904 1298 1002 1329 iden-

238 1345 340 1377 tidem
363 1348 491 1377 sublime
515 1344 748 1376 adverbialiter
782 1356 841 1385 pro
876 1346 906 1374 in
931 1346 1002 1374 sub-

239 1393 309 1422 lime
344 1397 376 1421 et
408 1393 439 1421 in
464 1392 587 1421 sublimi
613 1389 703 1420 (lixit.
754 1389 861 1419 Divin.
884 1390 924 1419 Il.
947 1388 1000 1426 31,

238 1435 299 1468 67:
328 1436 444 1477 (scuta)
471 1437 599 1465 sublime
621 1433 691 1464 fixa.
730 1434 818 1464 lnsra
841 1432 893 1471 43,
921 1434 1000 1464 102:

238 1480 361 1511 humine
382 1491 421 1510 an
444 1481 572 1511 sublime
594 1485 770 1520 putrescat.
808 1479 846 1509 ll.
873 1478 922 1516 10,
939 1476 1000 1509 24:

239 1527 367 1556 sublime
403 1524 548 1555 avolans.
606 1524 648 1554 N.
687 1525 724 1554 1).
760 1525 800 1554 11.
827 1521 891 1560 59,
920 1523 1000 1554 101:

241 1569 321 1611 (aer)
356 1571 484 1600 sublime
511 1568 624 1599 fertur.
668 1568 730 1606 ὀύ,
762 1565 838 1599 1-112
877 1567 1001 1608 (sonus)

239 1621 354 1645 natura
386 1616 515 1645 sublime
546 1613 669 1644 fertur:
717 1613 769 1643 ubi
806 1624 835 1643 v.
863 1614 1001 1643 Cremer-

239 1671 271 1701 p.
298 1656 374 1691 -1-16.
424 1660 462 1689 V.
490 1660 651 1698 Heindorf.
685 1657 725 1688 ad
754 1658 794 1688 N.
820 1658 858 1688 D.
885 1658 922 1687 ll.
948 1657 1001 1694 39,

241 1705 312 1735 101.
336 1715 368 1746 p·
386 1704 451 1735 213
466 1715 512 1745 sq.
562 1704 701 1743 Madvigs.
729 1702 771 1733 ud
792 1702 863 1732 Fin.
885 1703 924 1732 V.
948 1705 1003 1739 lei,

239 1746 292 1781 54.
326 1760 357 1790 p.
382 1747 457 1780 766.
508 1750 651 1779 Ochsner.
689 1747 756 1779 Ecl.
787 1746 854 1778 Cic.
888 1758 920 1789 p.
947 1746 1001 1778 55.

240 1793 291 1824 Cf.
319 1793 360 1824 ad
387 1793 440 1824 IV.
466 1793 526 1831 le,
552 1791 604 1824 42.

308 1848 336 1890 ςῖ.
354 1846 407 1880 41.
458 1850 584 1880 sivero
615 1852 668 1879 aut
696 1858 844 1879 numerus
872 1848 1001 1887 quidam

238 1895 277 1925 sit
290 1895 427 1935 animus]
456 1894 635 1932 Madviyius
654 1892 695 1923 ad
718 1893 789 1923 Fin.
807 1894 861 1923 111.
881 1891 929 1929 17,
946 1890 999 1923 ὃὸ.

240 1950 272 1980 p.
288 1936 364 1971 440'.
401 1937 575 1979 legendum
611 1945 722 1969 censet
759 1941 819 1968 est
855 1947 917 1979 pro
951 1938 1000 1967 sit.

240 1986 345 2022 Quam
371 1984 593 2014 coniecturam
622 1983 712 2014 nullo
737 1982 837 2013 modo
863 1981 1002 2023 probare

239 2039 391 2069 possum3
418 2039 491 2058 nam
514 2039 595 2069 quae
615 2035 711 2059 antea
731 2027 772 2057 de
794 2033 910 2057 natura
928 2025 1001 2056 ani—

239 2072 283 2103 mi
306 2072 428 2109 attulit,
453 2078 607 2113 tanquam
631 2079 719 2103 certa
744 2083 803 2102 nec
825 2070 881 2101 ulli
902 2070 1002 2100 dubi—

239 2116 357 2147 tationi
386 2116 527 2147 obnoxia
547 2116 672 2158 posuit,
701 2116 759 2158 (cf.
778 2115 895 2146 verba:
921 2117 1002 2146 Num

238 2163 334 2201 iyimr
357 2161 573 2202 dubitamus?)
613 2172 694 2203 quae
716 2166 825 2191 autem
850 2170 936 2190 nunc
962 2159 1002 2189 de

240 2212 355 2237 natura
372 2205 470 2236 animi
488 2211 733 2242 commemorat,
759 2216 825 2235 non
847 2210 1002 2246 tanquam

240 2262 329 2282 suam
354 2250 454 2293 ipsius
480 2250 676 2281 sententiam
702 2249 802 2287 dicit,
838 2248 896 2279 sed
925 2255 1002 2279 tan-

241 2307 336 2338 quam
358 2295 494 2327 aliorum
517 2295 725 2338 opinionem,
761 2305 843 2336 quae
871 2292 1002 2324 subtili-

240 2347 292 2371 ter
310 2340 431 2382 magis,
466 2351 561 2382 quam
585 2339 728 2370 dilucide
749 2339 896 2377 dicatur,
930 2349 1002 2369 cum

241 2385 447 2416 dubitatione
472 2385 612 2428 quadum
638 2384 774 2426 profert.

308 2433 415 2470 quinta
437 2431 507 2473 illa]
534 2431 572 2461 V.
599 2441 696 2472 snpra
722 2441 749 2460 c.
772 2428 830 2467 10,
855 2426 908 2459 22.

308 2485 368 2505 non
389 2477 547 2506 nominata
570 2477 692 2514 magyz's,
717 2484 811 2514 quam
832 2484 891 2504 non
913 2474 1002 2503 intel—

242 2521 319 2549 lecta
340 2519 468 2561 natura]
496 2520 536 2552 H.
551 2531 580 2550 e.
605 2527 740 2556 nutura,
767 2530 848 2561 qnae
869 2517 1000 2548 nomine

242 2561 345 2603 magis
369 2569 481 2600 vacat,
518 2575 613 2606 quum
646 2576 711 2595 non
740 2562 935 2604 intelligitur
964 2580 998 2584 -

243 2618 326 2650 quae
360 2606 464 2637 minus
499 2608 684 2646 nominari,
731 2619 825 2649 qnam
864 2605 1003 2648 intelligi

243 2658 355 2695 potest
380 2671 421 2674 —
446 2659 559 2683 natura
580 2653 682 2693 iungis
703 2653 880 2689 intellecta,
907 2663 1003 2694 quam

244 2695 421 2728 nominata.
459 2697 579 2727 Multas
601 2696 631 2726 iu
655 2697 748 2727 huius
774 2697 838 2727 loci
864 2703 897 2727 et
920 2696 1003 2727 scri—

243 2747 340 2784 ptura
375 2740 603 2771 constituenda
638 2747 671 2770 et
698 2742 859 2772 sententia
897 2740 1004 2783 expli-

245 2785 347 2817 canda
385 2786 496 2816 turbas
532 2785 757 2816 excitaverunt
794 2785 1003 2827 interpretes,

245 2841 383 2873 quorum
418 2830 561 2861 omnium
596 2829 774 2860 sententias
809 2830 1005 2860 examinavit

246 2877 386 2909 Klotzius
420 2876 566 2917 (Quaest.
591 2873 733 2910 Tullinn.
760 2873 831 2904 Lib.
854 2875 878 2904 Ι.
914 2874 1004 2915 Lips.

249 2918 345 2952 1830.
379 2918 604 2962 Ρ.83--ὅὸ.)
642 2925 675 2949 et
708 2918 772 2949 loci
808 2918 1004 2948 sententiam

249 2963 373 3005 optime
398 2963 595 3007 explanavit.
641 2962 771 3006 Duplici
795 2961 920 2993 scilicet
942 2973 1004 2992 ne-

1037 1207 1170 1251 gatione
1193 1206 1308 1239 Cicero
1330 1206 1458 1238 locutus
1483 1213 1550 1243 est,
1579 1213 1613 1237 ut
1636 1205 1719 1238 hanc
1740 1218 1799 1237 ex—

1038 1254 1195 1296 primeret
1217 1253 1433 1284 sententiam:
1463 1256 1578 1284 natura
1601 1254 1678 1291 illa,
1704 1263 1799 1294 quam

1037 1310 1104 1330 non
1146 1298 1284 1329 dixerim
1323 1297 1454 1339 quidem
1493 1308 1625 1339 prorsus
1663 1296 1800 1338 intelligi

1038 1355 1155 1386 posse,
1196 1343 1253 1373 sed
1287 1353 1368 1384 quae
1406 1349 1516 1372 tamen
1551 1347 1660 1372 mente
1696 1342 1797 1384 magis

1039 1387 1275 1430 comprehendi
1293 1398 1389 1428 posse
1413 1393 1511 1428 atque
1527 1385 1666 1426 intelligi
1686 1387 1799 1417 videa-

1037 1440 1099 1471 tur,
1126 1443 1222 1474 quam
1242 1439 1321 1474 apto
1346 1431 1478 1462 nomine
1499 1430 1667 1473 appellari.
1708 1432 1801 1469 Qua-

1037 1478 1075 1508 lis
1107 1477 1149 1508 sit
1186 1476 1298 1519 quinta
1332 1476 1387 1507 illu
1424 1483 1558 1514 natura,
1594 1475 1670 1506 licet
1704 1475 1801 1518 plane

1038 1522 1223 1564 perspicere
1246 1533 1310 1553 non
1332 1521 1510 1563 possimus,
1535 1520 1653 1551 scimus
1679 1527 1800 1559 tamen,

1038 1567 1181 1598 divinam
1203 1578 1274 1598 eam
1294 1577 1363 1597 esse
1385 1572 1418 1596 et
1438 1566 1611 1597 caelestem
1633 1571 1665 1595 et
1688 1572 1800 1596 aeter-

1039 1623 1113 1643 nam
1141 1614 1184 1654 (V.
1211 1611 1333 1644 Adnot.
1359 1610 1401 1641 ad
1424 1622 1450 1642 c.
1469 1612 1518 1649 10,
1538 1609 1627 1651 22.);
1652 1610 1711 1640 sed
1735 1622 1799 1652 quo

1038 1656 1172 1688 nomine
1203 1656 1401 1699 singularem
1432 1655 1521 1686 illam
1546 1661 1696 1686 naturam
1720 1655 1800 1686 affi-

1040 1702 1170 1739 ciamus,
1197 1713 1262 1733 non
1288 1701 1454 1732 habemns.
1503 1701 1602 1731 Verte
1629 1711 1699 1731 cum
1725 1701 1799 1731 Klo-

1036 1749 1115 1778 tzio:
1147 1749 1215 1786 jene
1238 1749 1307 1778 eher
1329 1748 1620 1784 αηὺεηαηηίε,
1654 1747 1701 1776 als
1726 1755 1800 1777 un-

1038 1793 1277 1831 beyrz'ffene
1311 1793 1430 1829 Nalm,
1470 1790 1520 1821 vel
1557 1801 1628 1820 cum
1663 1792 1798 1821 Kerm'o:

1031 1839 1116 1877 janes
1136 1837 1233 1875 fauste
1248 1837 1468 1874 Grnndwesen,
1491 1836 1618 1866 welches
1635 1836 1699 1865 sich
1714 1836 1800 1865 mehr

1037 1882 1134 1912 durch
1162 1882 1211 1911 die
1240 1881 1386 1919 Vernunst
1417 1881 1584 1919 erlifemwn,
1620 1881 1667 1909 als
1700 1880 1799 1910 durch

1036 1928 1120 1957 einen
1152 1927 1269 1957 Numen
1299 1926 1503 1963 aussprechen
1534 1926 1620 1955 lassi.
1669 1925 1800 1955 Orellins

1036 1982 1054 2001 a
1078 1980 1155 2001 vero
1177 1969 1263 2007 abit,
1301 1981 1398 2012 quum
1423 1969 1531 2000 locum
1554 1968 1601 1999 sic
1624 1968 1796 2010 explanat:

1036 2027 1164 2057 „aeque
1184 2025 1247 2045 non
1269 2014 1436 2045 intellecta
1456 2025 1493 2045 ac
1508 2013 1712 2053 nominata,“
1737 2012 1758 2043 i.
1771 2024 1799 2044 e.

1037 2067 1182 2091 nontam
1197 2059 1378 2098 intellecta,
1405 2070 1499 2101 quam
1522 2058 1688 2089 nominata
1702 2058 1799 2088 dum—

1036 2111 1146 2143 taxat,
1172 2116 1216 2135 sc.
1246 2104 1285 2134 ab
1309 2103 1507 2141 Aristote1e3
1540 2103 1692 2134 confudit
1714 2102 1800 2133 enim

1038 2148 1183 2190 quintam
1206 2148 1293 2178 illam
1320 2155 1468 2178 naturam
1494 2160 1565 2179 cum
1591 2148 1718 2185 animo,
1745 2146 1798 2190 qui

1038 2205 1075 2223 ex
1107 2204 1143 2223 ea
1177 2199 1328 2224 constare
1357 2192 1488 2223 dicitur.
1535 2194 1575 2223 V.
1601 2204 1627 2223 c.
1650 2193 1706 2229 10,
1735 2192 1796 2224 ⁴22:

1038 2237 1186 2279 quintum
1210 2248 1309 2278 genus
1334 2236 1488 2275 adhibet,
1526 2246 1644 2268 vacans
1666 2239 1800 2275 nomine,

1039 2288 1072 2312 et
1093 2282 1140 2312 sic
1164 2284 1265 2321 ipsum
1288 2284 1427 2312 animum
1450 2280 1652 2324 ἐνδελέχειαν
1680 2280 1798 2322 appel-

1038 2327 1082 2357 lat
1109 2338 1196 2357 novo
1223 2326 1366 2357 nomine.
1417 2328 1541 2366 Wolfius
1562 2336 1633 2356 cum
1653 2336 1717 2355 uno
1740 2328 1797 2356 Ox.

1037 2371 1182 2414 scripsit:
1209 2382 1268 2402 non
1293 2382 1373 2402 nom.
1398 2374 1510 2411 magis,
1534 2380 1628 2410 quam
1650 2372 1801 2401 intellecta

1040 2419 1085 2458 (et
1115 2416 1160 2446 sic
1185 2415 1290 2447 Rehd.
1313 2416 1409 2446 Vind.
1429 2419 1459 2447 2.
1493 2427 1572 2446 unus
1605 2426 1657 2456 ap.
1683 2414 1799 2455 Verb.)

1038 2468 1070 2492 et
1103 2461 1149 2492 sic
1180 2460 1373 2502 explicavit:
1412 2467 1570 2500 „natur-21,
1609 2459 1696 2490 cuins
1732 2470 1798 2490 non

1036 2506 1137 2547 magis
1172 2517 1293 2536 nomen
1329 2512 1401 2544 est,
1446 2517 1542 2547 quam
1576 2504 1798 2542 intellectus,“

1037 2551 1231 2582 adversante
1250 2550 1319 2593 ipsa
1334 2549 1499 2581 Ciceronis
1520 2549 1693 2580 sententia.
1727 2547 1799 2579 Pari

1037 2596 1137 2627 mo‘do
1160 2595 1267 2637 lapsus
1291 2601 1339 2625 est
1359 2596 1531 2633 Schi'dzz'us‚
1557 2594 1609 2635 qni
1633 2593 1673 2624 de
1695 2595 1800 2624 Rarhz'i

1039 2640 1227 2672 coniectura
1253 2639 1374 2671 edidit:
1411 2641 1466 2670 illa
1495 2641 1656 2670 nominata
1687 2640 1799 2677 mayis,

1038 2696 1132 2726 quam
1155 2687 1248 2716 intell.

1118 2751 1154 2772 ue
1186 2745 1250 2771 tum
1280 2742 1386 2777 vegeta
1415 2748 1500 2769 mens
1525 2757 1565 2761 —
1590 2739 1704 2777 iaceat]
1744 2736 1798 2767 Sic.

1039 2791 1129 2817 recte
1146 2787 1198 2817 Or.
1221 2795 1290 2815 cum
1310 2782 1474 2813 nonnullis
1492 2782 1566 2813 edd.
1582 2788 1683 2817 vett.;
1712 2781 1797 2812 Gnd.

1042 2830 1070 2861 1.
1088 2830 1119 2861 b.
1150 2836 1183 2860 et
1207 2827 1353 2859 nonnull.
1374 2826 1448 2857 edd.
1472 2833 1550 2857 vett.
1572 2836 1642 2857 nec
1665 2845 1707 2849 —
1730 2829 1798 2857 ia-

1039 2878 1120 2914 cet5
1145 2873 1193 2904 ed.
1213 2872 1296 2904 Rob.
1311 2871 1426 2913 Steph.
1448 2882 1516 2902 nec
1538 2889 1580 2894 —-
1600 2873 1722 2910 iaceat,
1746 2870 1799 2901 ed.

1042 2922 1114 2950 Asc.
1141 2917 1167 2949 1.
1195 2924 1229 2948 et
1250 2915 1338 2948 Med.
1361 2926 1397 2947 ne
1419 2933 1464 2939 —-
1487 2919 1620 2954 iacet‚·
1657 2916 1694 2946 R.
1721 2926 1795 2946 cor-

1039 2969 1136 3005 rupte
1169 2964 1293 2994 animus
1323 2970 1393 2993 nec
1424 2964 1490 2992 lam
1521 2964 1615 2992 veta
1648 2970 1733 2992 mens
1755 2976 1797 2983 —
