1863 3221
487 108 544 138 AD
570 106 854 138 LUDOLPHUM
883 106 1133 137 DISSENIUM.
1535 97 1586 132 ΙΧ

167 199 358 257 Verum,
392 212 447 244 ne
471 198 552 244 tibi
576 198 735 244 mirum
763 199 991 257 videatur,
1028 198 1132 258 quid
1158 198 1240 255 sit,
1278 197 1418 257 quod,
1456 211 1587 256 quum

31 289 71 336 N
73 289 268 336 eidianae
291 287 497 334 editionis
522 288 784 350 repetendae
803 288 1032 349 provincia
1051 287 1158 334 mihi
1178 291 1296 333 esset
1315 286 1588 343 demandata,

32 380 201 426 nullum
228 378 320 425 fere
349 393 428 440 ego
457 378 550 424 eius
579 377 814 439 vestigium
838 377 1093 437 reliquerim
1114 381 1342 437 totumque
1365 375 1589 438 interpre-

32 469 157 516 tandi
182 484 320 530 genus
354 467 639 525 mutaverim,
685 481 860 513 caussas
889 466 996 512 mihi
1024 467 1182 513 addere
1212 466 1384 525 licebit,
1432 466 1588 526 quibus

31 559 249 620 impulsus
286 558 505 605 diversam
541 557 657 604 viam
691 555 1025 618 ingrediendam
1061 556 1272 602 duxerim.

171 648 348 695 Scilicet
381 663 552 694 omnem
574 646 756 692 Neidius
786 661 934 692 curam
967 646 1015 691 in
1047 660 1097 692 eo
1132 646 1382 706 ponendam
1407 646 1490 691 sibi
1514 661 1588 692 ex-

30 738 268 795 istimavit,
310 742 360 784 ut
384 737 575 796 „seriem
604 736 902 783 continuatam
928 735 1141 782 orationis
1164 750 1243 796 per
1274 735 1472 796 singulas
1499 735 1591 781 dis-

30 827 271 889 putationis
305 832 454 889 partes
491 827 781 888 investigaret
815 841 1062 886 nexumque
1098 825 1418 872 sententiarum
1452 824 1591 872 cuivis

30 917 216 964 sectioni
241 922 558 979 praeponeret,
596 916 921 978 digressiones,
956 916 1011 962 ad
1040 932 1148 976 quas
1174 915 1466 977 philosophus
1492 914 1592 960 hinc

31 1006 132 1052 inde
160 1007 301 1069 abripi
327 1023 372 1053 se
395 1023 554 1068 passus
581 1011 714 1065 esset,
752 1007 987 1068 diligenter
1002 1006 1274 1064 observaret,
1309 1005 1372 1052 ita
1392 1009 1443 1051 ut
1466 1005 1592 1052 iuve-

31 1096 104 1142 nis
129 1096 268 1142 lector
294 1101 422 1156 atque
446 1097 643 1142 nondum
668 1097 777 1143 satis
807 1096 1070 1141 exercitatus
1103 1096 1227 1141 filum
1267 1095 1592 1155 disquisitionis

32 1201 255 1244 nunquam
283 1186 605 1242 ainitteret.“*)
677 1185 824 1242 Atque
851 1184 932 1229 hoc
969 1184 1145 1242 quidem
1166 1184 1490 1245 interpretandi
1516 1200 1592 1245 ge-

31 1289 140 1331 nus,
175 1273 222 1318 in
251 1272 518 1318 enucleando
545 1272 897 1331 illustrandoque
923 1272 1243 1318 sententiarum
1271 1288 1387 1318 nexu
1409 1288 1592 1334 occupa-

31 1367 150 1421 tum,
197 1365 367 1408 tantum
391 1363 537 1420 abest,
582 1366 632 1407 ut
655 1361 968 1423 negligendum
1004 1362 1230 1419 videatur,
1283 1361 1413 1408 etiam
1449 1364 1591 1409 omnis

31 1451 410 1513 interpretationis
445 1451 671 1512 fastigium
703 1452 750 1497 in
784 1467 834 1498 eo
871 1452 1080 1498 cernitur.
1155 1452 1245 1499 Sed
1281 1468 1414 1512 quum
1450 1453 1593 1500 Neidii

33 1541 396 1600 commentarius,
434 1541 509 1601 qui
530 1541 705 1600 dicitur,
740 1541 831 1588 fere
855 1542 997 1588 omnis
1020 1542 1067 1588 in
1089 1543 1391 1604 proponendis
1411 1543 1594 1590 univer-

34 1631 95 1677 sis
132 1632 402 1692 argumentis
438 1631 763 1690 contineretur,
808 1632 954 1686 rarius
986 1632 1247 1679 interiorem
1274 1633 1594 1679 sententiarum

32 1736 192 1767 nexum
223 1721 460 1783 attingeret
489 1721 872 1782 disficiliorumque
899 1723 1097 1769 locorum
1124 1723 1388 1769 sententiam
1414 1723 1593 1784 expedi-

32 1816 123 1869 ret,
159 1811 369 1872 neglectis
393 1816 435 1857 et
455 1812 782 1873 praetermissis
810 1814 1037 1872 omnibus,
1075 1829 1184 1873 quae
1208 1814 1262 1859 ad
1286 1813 1591 1875 grammaticae

32 1901 248 1947 rationem
276 1901 581 1961 sermonisque
598 1901 748 1948 Latini
773 1903 1089 1963 proprietatem
1112 1907 1385 1963 spectarent:
1421 1907 1514 1948 tota
1534 1902 1591 1948 il-

32 1990 118 2036 lius
141 1990 311 2036 ratione
339 1990 512 2036 deserta
539 1991 667 2051 plane
694 2007 741 2036 ac
767 1991 998 2049 derelicta,
1036 2007 1130 2037 eam
1153 1992 1488 2053 ingrediendam
1510 2009 1593 2054 pu-

33 2079 125 2126 tavi
157 2079 297 2137 viam,
345 2094 453 2138 quae
489 2083 532 2124 et
566 2080 620 2125 ad
652 2080 966 2127 accuratiorem
1003 2081 1220 2128 librorum
1257 2082 1593 2144 intelligentiam

31 2168 130 2230 plus
156 2169 368 2215 collatura
394 2173 436 2215 et
460 2168 706 2216 iuventutis
732 2170 978 2217 rationibus
1004 2171 1144 2233 magis
1179 2173 1436 2219 consultura
1466 2172 1593 2220 vide-

30 2262 169 2305 retur.
241 2258 294 2305 Id
321 2259 436 2304 enim
456 2259 640 2306 maxime
665 2265 842 2307 secutus
870 2276 967 2307 sum
991 2261 1249 2321 consilium,
1285 2266 1334 2308 ut
1355 2262 1591 2308 editionem

30 2363 252 2409 pararem,
303 2365 386 2408 qua
411 2350 711 2411 praeceptori,
759 2350 1034 2397 Tusculanas
1070 2352 1297 2412 discipulis
1329 2351 1421 2397 suis
1452 2351 1591 2413 expli-

32 2437 170 2495 canti,
214 2452 303 2482 non
332 2438 475 2483 solum
502 2440 769 2487 accuratiore
799 2456 874 2487 eos
909 2441 1068 2487 horum
1091 2440 1307 2486 librorum
1336 2440 1591 2502 intelligen-

28 2525 90 2572 tia
127 2526 350 2573 imbuendi
387 2531 430 2573 et
469 2527 745 2576 Ciceroniani
789 2529 1007 2576 sermonis
1042 2530 1358 2577 consuetudine
1394 2531 1589 2593 fingendi

31 2619 74 2661 et
102 2616 240 2663 Tullii
262 2616 605 2679 philosophandi
632 2620 802 2665 rat-ione
827 2619 1030 2666 initiandi
1058 2620 1180 2681 copia
1205 2626 1463 2682 pararetur,
1511 2622 1588 2667 sed

31 2705 161 2752 etiam
198 2706 415 2754 iuveniles
453 2712 623 2754 mentes
661 2709 842 2755 acuendi
877 2709 1267 2770 subtilioribusque
1301 2710 1586 2758 instituendis·

119 2904 148 2945 *l
175 2907 256 2938 Sunt
280 2907 379 2950 ipsius
404 2908 514 2940 Neidii
541 2910 638 2941 verba
663 2909 696 2940 in
721 2910 862 2942 praefat.
894 2923 922 2953 p.
952 2913 1003 2942 vl.
1032 2923 1078 2953 sq.
