1832 3137
620 137 784 169 LIBER
812 138 866 169 IV.

53 216 208 256 tiautur.

49 294 225 338 censent,
260 288 418 328 ferenda
441 295 568 328 tamen
592 301 716 342 aequo
734 287 862 328 auimo
883 287 1135 329 arbitrantur.

891 137 954 178 2a,
980 135 1034 170 61.
1527 129 1612 172 373

271 212 384 268 Quod
421 214 572 268 quidem
601 215 701 255 solet
730 216 786 256 eis
814 215 927 255 etiam
962 215 1163 266 accidere,
1204 216 1267 270 qui
1296 217 1361 257 illa
1393 217 1492 257 mala
1521 231 1609 258 esse

1197 286 1314 330 Putat
1331 289 1485 344 aliquis,
1521 303 1608 332 esse

51 361 288 415 voluptatem
314 360 481 411 bonum,
516 361 614 401 alius
643 367 795 411 autem,
827 361 1050 415 pecuniam,
1086 369 1212 402 tamen
1236 370 1275 403 et
1299 362 1362 403 ille
1388 363 1435 404 ab
1468 363 1607 404 intem-

45 433 241 488 perantia,
275 439 315 474 et
335 433 396 473 hic
421 434 468 473 ab
492 434 655 474 avaritia
680 434 835 474 avocari
856 440 997 487 potest.

1059 433 1128 474 Illa
1152 443 1280 476 autem
1305 436 1426 477 altera
1445 437 1544 477 ratio
1569 445 1607 478 et

24 507 174 547 ‘oratio
191 538 201 556 ,
235 520 331 560 quae
356 507 468 547 simul
497 514 535 547 ct
556 507 774 561 opinionem
803 506 935 546 falsam
962 507 1082 557 tollit,
1117 515 1155 548 et
1173 509 1453 562 aegritudinem
1479 510 1606 550 detra-

48 579 126 630 hit,
159 586 220 620 est
245 592 290 620 ea
316 579 469 633 quidem
493 580 675 630 utilior3,
709 580 776 620 sed
802 593 891 619 raro
912 579 1061 633 proficit
1086 593 1211 634 neque
1233 589 1294 622 est
1314 583 1360 622 ad
1382 583 1522 636 vulgus
1540 584 1606 623 ad-

49 653 228 693 hibenda.

291 659 360 693 61.
409 651 609 706 Quaedam
637 659 763 693 autem
797 658 887 692 sunt
919 652 1210 705 aegritudines,
1253 669 1347 707 quas
1378 656 1508 696 levare
1539 656 1602 696 illa

44 725 235 767 medicina
259 725 363 766 nullo
400 726 512 765 modo
538 725 682 779 possit3
724 732 765 764 ut
786 724 818 765 si
847 724 932 778 quis
953 738 1070 778 aegre
1096 726 1215 776 ferat,
1257 727 1349 767 nihil
1378 729 1416 767 in
1441 742 1483 768 se
1514 742 1602 769 esse

41 798 221 850 virtutis,
265 798 358 838 nihil
386 798 524 849 animi,
571 797 664 838 nihil
694 797 832 848 officii,
875 797 967 837 nihil
993 797 1232 851 honestatis3
1266 807 1424 854 propter
1451 801 1604 841 malnis

41 871 193 926 quidem
218 877 410 925 angatur,
445 871 512 911 sed
538 870 612 910 alia
634 871 818 924 quaedam
843 870 893 910 sit
914 871 958 910 ad
982 884 1068 911 eum
1092 871 1335 913 admovenda
1359 873 1532 922 curatio,
1566 881 1600 912 et

43 944 132 986 talis
153 944 322 999 quidem,
357 957 456 998 quae
475 942 596 998 possit
617 956 706 984 esse
726 943 894 984 omnium
911 975 921 995 ,
953 944 1069 984 etiam
1091 944 1137 984 de
1158 945 1301 985 ceteris
1320 945 1436 986 rebus
1458 947 1603 987 111511111-
1644 955 1647 957 ’

39 1018 226 1073 pantium,
260 1016 591 1072 philosophorum.

644 1015 753 1057 Inter
773 1031 909 1057 omues
930 1017 1032 1057 enim
1059 1018 1272 1058 convenire
1294 1026 1462 1073 oportet,
1496 1034 1601 1059 com-
1643 1022 1645 1024 ’

39 1090 232 1131 motiones
255 1090 470 1131 animorum
495 1104 517 1129 a
542 1097 649 1130 recta
672 1090 825 1130 ratione
847 1103 1010 1130 aversas
1032 1104 1120 1130 esse
1145 1091 1331 1142 vitiosas,
1367 1099 1430 1142 ut,
1464 1092 1599 1132 etiam-

38 1165 68 1204 si
96 1178 168 1205 nec
189 1164 288 1204 mala
314 1163 393 1203 sint
414 1163 502 1214 illa,
536 1177 635 1217 quae
660 1170 803 1204 metum
827 1163 1187 1217 aegritudinemve,
1221 1177 1292 1205 neo
1315 1164 1467 1215 bona3,
1502 1179 1599 1219 quae

127 1259 149 1293 3
175 1272 204 1291 v.
229 1259 315 1291 Adn.

39 1327 173 1371 propria
189 1312 317 1359 sanatio
342 1333 392 1358 est
414 1333 477 1359 etc.
515 1326 672 1358 Similiter
696 1327 723 1369 §.
736 1326 798 1360 61

38 1376 182 1412 angatur.
231 1371 332 1403 Aead.
356 1373 404 1410 ΙΙ,
430 1371 492 1404 32.
525 1372 607 1403 haec
630 1375 690 1404 sint
715 1371 799 1403 falsa

38 1428 135 1454 saue3
169 1416 332 1448 invidiosa
362 1422 450 1447 certe
474 1427 540 1448 non
564 1422 650 1448 sunt.
688 1427 714 1448 e.
736 1413 796 1448 24:

36 1463 209 1494 dissolverit
229 1472 318 1492 sane.
367 1460 462 1492 Plura
485 1460 624 1492 contulit
639 1463 800 1501 Wopkens.

41 1507 150 1538 Lectt.
174 1506 262 1538 Tull.
284 1507 319 1544 1,
346 1503 396 1538 14.
422 1517 453 1549 p.
482 1505 555 1538 114.
603 1505 655 1537 Cf.
680 1517 740 1537 nos
765 1505 798 1536 in

39 1551 97 1583 Gr.
111 1552 149 1583 L.
166 1553 193 1595 §.
208 1551 280 1590 105,
306 1551 338 1583 5.
357 1550 401 1593 a).
449 1552 540 1582 Ablui
559 1562 578 1582 a
599 1552 743 1583 Schittzto
766 1549 798 1581 in

36 1596 118 1628 Lex.
153 1596 256 1627 Cicer.
287 1595 319 1627 11.
351 1607 382 1627 v.
413 1596 588 1638 exponitur
626 1607 687 1638 per
725 1597 799 1626 tolli.

37 1641 146 1680 Male,
180 1640 307 1683 opinor.
354 1640 515 1682 Equidem
550 1640 661 1671 malim
691 1639 799 1671 inter—

38 1685 162 1728 pretari
182 1697 242 1728 per
262 1687 440 1725 absteryeri,
456 1692 492 1716 ut
505 1685 610 1716 minus
630 1684 684 1722 sit,
702 1695 799 1727 quam

36 1733 112 1763 tolli.
158 1731 212 1762 Sic
234 1740 333 1772 saepe
358 1729 445 1772 apud
465 1730 657 1761 Ciceronem
680 1729 800 1771 legitur

36 1778 207 1816 abstergere
230 1777 376 1814 dolorem,
401 1777 567 1814 molestias,
588 1778 714 1807 metum.
759 1775 799 1805 V.

36 1823 211 1853 Forcellinii
241 1820 340 1852 Thes.
372 1821 447 1851 Lat.
484 1819 516 1851 h.
540 1831 569 1850 v.
600 1819 799 1861 Metaphora

35 1872 166 1908 sumpta
198 1871 248 1896 est
270 1876 287 1896 a
314 1864 378 1895 ritu
401 1864 556 1896 abluendi
577 1864 608 1895 in
632 1864 798 1907 placatio—

35 1910 130 1942 nibus
153 1910 290 1942 deorum
311 1915 368 1940 aut
388 1909 648 1948 lustrationibus,
675 1917 709 1940 ut
734 1909 798 1940 ob-

33 1961 144 1988 servat
177 1957 317 1988 Orellius.
376 1954 516 1985 Ernestii
549 1954 648 1996 igitur
683 1954 797 1986 conie-

37 2007 127 2032 ctura
151 2003 300 2032 allevetur
317 1998 369 2031 vel
388 2002 543 2031 allevatur
567 1998 664 2030 facile
679 2010 796 2042 super-

36 2045 198 2077 sedemus.

99 2093 155 2121 illa
184 2088 321 2132 quidem]
364 2088 442 2121 Scil.
476 2088 702 2131 perturbatio:
747 2088 797 2120 his

33 2134 159 2167 voculis
180 2134 359 2177 respondet
378 2138 589 2166 veruntamen.
622 2135 661 2166 V.
679 2133 798 2166 Adno-

34 2186 102 2212 tata
136 2179 170 2211 in
205 2182 229 2211 Ι.
253 2180 293 2217 3,
318 2179 350 2212 6.
401 2179 454 2210 Sic
478 2178 589 2222 paullo
614 2185 709 2222 post:
748 2185 797 2210 est

34 2235 71 2257 ea
95 2226 220 2265 quidem
244 2224 376 2263 utilior,
402 2226 455 2256 sed
479 2235 554 2255 raro
578 2224 720 2267 proficit.

101 2271 284 2311 turbulente]
311 2271 410 2301 Moser
436 2280 543 2311 comp.
569 2269 611 2300 ad
637 2270 726 2300 Fam.
753 2270 794 2300 ΙΙ.

35 2313 76 2348 16
95 2322 198 2347 extu:
224 2325 284 2346 nos
309 2313 390 2345 nihil
414 2316 610 2353 turbulenter,
635 2314 716 2345 nihil
740 2320 796 2345 te-

33 2370 122 2391 mere
151 2359 318 2390 faciemus.

102 2407 194 2436 Putat
210 2406 324 2443 aliquis
335 2421 378 2426 ——
392 2403 486 2445 alius]
503 2403 574 2434 Fin.
591 2404 646 2434 ΙΙΙ.
664 2402 717 2443 19,
730 2402 793 2435 63:

35 2451 99 2480 aliu
125 2455 200 2479 sunt
227 2454 382 2490 tanquam
415 2447 476 2478 sibi
502 2454 598 2485 nata,
636 2454 671 2478 ut
697 2447 794 2489 oculi,

35 2501 70 2525 ut
93 2504 205 2534 aures:
232 2495 339 2532 aliqua
362 2492 462 2523 etiam
485 2497 669 2523 ceterorum
688 2503 795 2523 mem-

33 2539 167 2570 brorum
205 2549 297 2568 usum
331 2536 508 2575 adiuvant,
551 2543 586 2567 ut
611 2547 722 2574 crura,
761 2543 796 2568 ut

32 2595 164 2616 manus:
191 2589 225 2614 at
249 2582 292 2613 ibi
311 2584 490 2621 Madvigius
511 2587 626 2613 contra
650 2584 794 2614 Goerenz.

33 2628 155 2672 p.39⁴.’.
174 2634 207 2660 et
228 2627 270 2658 ad
286 2626 441 2658 Acud.11.
465 2627 511 2665 10,
533 2626 585 2658 30.
611 2625 689 2657 satis
712 2636 795 2668 pro-

34 2672 188 2705 babiliter
209 2684 280 2704 cum
307 2673 426 2709 Marso,
454 2671 554 2709 Man,
582 2670 695 2703 Lamb.
712 2669 796 2702 scri-

34 2717 177 2749 bendum
215 2723 346 2749 censet:
383 2719 476 2748 alia
510 2718 624 2756 etiam,
662 2715 736 2758 quia
761 2716 794 2747 in

35 2768 149 2804 aperta
174 2762 353 2804 partitione
386 2772 448 2793 nec
474 2761 588 2792 Cicero
624 2772 684 2792 nec
714 2760 794 2792 alius

36 2805 205 2849 quisquam
230 2809 342 2847 aliquis
358 2826 398 2830 -—
421 2808 503 2838 alius
527 2805 664 2843 dixerit,
691 2805 794 2837 multo

34 2850 141 2883 minus
163 2853 244 2883 alius
266 2851 310 2894 (in
333 2861 396 2893 quo
419 2850 483 2882 iam
505 2857 639 2881 notatur
659 2849 795 2892 partitio

37 2902 71 2927 et
97 2895 235 2927 alterum
253 2896 436 2928 membrum
457 2894 655 2938 praeripitur
676 2906 795 2937 exspe-

38 2939 196 2980 ctatione)
223 2959 266 2964 —-
291 2943 412 2981 aliquis.
468 2941 543 2972 Hoc
566 2947 675 2971 autem
699 2950 795 2983 quem

37 2995 124 3017 nuuc
148 2991 324 3017 tractamus
342 2985 415 3018 loco
432 2997 497 3017 non
513 2984 719 3017 distribuitur
734 2995 795 3027 ge-

836 1338 895 1358 nus
916 1327 947 1359 in
971 1338 1044 1359 suas
1067 1336 1188 1370 partes,
1213 1328 1271 1359 sed
1291 1328 1475 1371 exemplum
1499 1338 1597 1359 unum

835 1383 853 1402 e
874 1371 985 1403 multis
1009 1374 1164 1415 ponitur:
1192 1380 1286 1415 putat
1310 1376 1424 1413 aliquis
1446 1391 1490 1397 --
1515 1375 1597 1404 alius

835 1422 868 1447 et
902 1416 950 1448 sic
980 1416 1084 1448 multo
1119 1418 1212 1460 plura
1235 1417 1313 1449 addi
1338 1423 1513 1460 poterant,
1551 1416 1596 1447 uti

835 1467 924 1493 recte
949 1461 1136 1493 observavit
1160 1464 1352 1502 Madvi9ius.

901 1509 983 1538 ratio
1016 1510 1043 1538 et
1077 1506 1189 1549 oratio]
1226 1507 1265 1538 V.
1291 1506 1333 1538 ad
1362 1506 1423 1547 17,
1446 1505 1500 1539 38.
1548 1506 1597 1536 De

833 1553 927 1583 simul
951 1555 978 1582 et
997 1570 1035 1575 —
1055 1555 1081 1582 et
1105 1563 1135 1582 v.
1160 1562 1256 1594 quem
1271 1553 1372 1583 Moser
1394 1549 1508 1582 laudat
1523 1552 1597 1582 Kri-

833 1599 927 1628 tzium
951 1596 994 1627 ad
1017 1595 1097 1626 Sall.
1124 1597 1193 1639 lug.
1217 1596 1315 1637 XCI,
1346 1596 1372 1627 1.
1402 1607 1435 1638 p.
1451 1594 1529 1628 485.

899 1642 1019 1682 utilior]
1045 1641 1137 1672 Haec
1159 1648 1209 1673 est
1231 1641 1375 1672 omnium
1392 1640 1550 1672 librorum
1565 1647 1597 1671 ot

832 1685 1031 1727 scriptorum
1064 1692 1098 1717 et
1121 1686 1286 1717 editorum
1317 1685 1498 1728 scriptura:
1535 1697 1597 1727 qua

834 1730 914 1761 nihil
950 1730 1066 1762 tetrius
1100 1731 1273 1762 foediusve
1307 1742 1342 1761 se
1372 1730 1493 1761 vidisse
1517 1729 1597 1761 dicit

833 1777 1006 1815 Bentteius,
1030 1775 1167 1817 opinans
1189 1775 1335 1812 scilicet,
1361 1774 1461 1806 verba
1480 1777 1597 1814 utilior,

832 1821 886 1851 sed
907 1830 980 1851 raro
1002 1822 1124 1860 proficit
1149 1831 1282 1862 prorsus
1305 1818 1368 1850 sibi
1401 1831 1594 1862 repugnare.

840 1864 965 1903 Quade
986 1876 1097 1896 caussa
1111 1864 1287 1906 legendum
1308 1869 1417 1895 censet
1435 1866 1597 1896 subtilior:

833 1920 928 1952 quam
954 1909 1176 1940 coniecturam
1201 1908 1327 1940 calculo
1350 1919 1409 1939 suo
1428 1908 1595 1951 probave-

834 1960 909 1986 runt
933 1953 1092 1992 Davisius,
1109 1953 1311 1992 Bouhierius,
1336 1953 1513 1984 Ernestius.
1552 1956 1594 1984 At

834 1999 960 2042 optimo
985 1998 1055 2030 iure
1082 2000 1209 2039 Wolfius
1232 1998 1399 2040 vulgatam
1422 1998 1455 2028 in
1479 1997 1596 2041 pristi-

833 2056 907 2075 nam
932 2055 1022 2075 suam
1046 2043 1159 2075 sedem
1183 2042 1324 2075 reduxit.
1372 2042 1486 2074 Voluit
1508 2042 1594 2074 enim

833 2089 1015 2131 significare
1040 2089 1157 2120 Cicero
1182 2088 1263 2119 hoc:
1301 2087 1356 2119 illa
1380 2087 1483 2118 altera
1507 2087 1593 2119 ratio

832 2134 937 2165 multo
957 2133 1117 2166 maiorem
1131 2133 1270 2185 ‘quidem
1291 2132 1357 2164 vim
1379 2132 1480 2164 habet
1494 2139 1527 2164 et
1543 2132 1594 2164 ef-

832 2178 1062 2210 ficacitatem
1053 2190 1085 2210 in
1110 2178 1176 2217 eis,
1211 2178 1266 2221 qui
1290 2176 1470 2220 sapientiae
1494 2189 1594 2220 prae—

833 2223 936 2267 ceptis
960 2223 1076 2255 imbuti
1107 2223 1150 2256 ad
1173 2223 1263 2255 illam
1287 2221 1484 2254 medicinam
1507 2223 1594 2253 reci-

833 2268 986 2312 piendam
1010 2268 1121 2300 idonei
1145 2274 1243 2306 sunt,
1284 2267 1342 2298 sed
1366 2276 1439 2298 raro
1460 2269 1594 2307 proficit,

831 2313 906 2356 quia
930 2314 1024 2356 pauci
1049 2319 1176 2344 tantum
1201 2312 1245 2343 ita
1270 2310 1410 2342 instituti
1434 2317 1526 2350 sunt,
1559 2318 1594 2341 ut

830 2358 904 2389 huic
922 2358 1083 2390 curationi
1099 2357 1168 2399 apti
1189 2356 1274 2393 sint3
1299 2366 1404 2397 neque
1426 2354 1526 2397 igitur
1543 2362 1591 2386 est

830 2402 872 2434 ad
898 2403 1012 2445 vulgus
1036 2401 1236 2434 adhibenda.
1282 2402 1435 2440 Proficere
1459 2399 1594 2442 proprie

830 2428 1014 2479 (11611111ῠά8
1039 2445 1308 2483 medicamentis,
1335 2455 1417 2487 quae
1440 2444 1506 2476 vim
1532 2456 1592 2476 ex-

829 2498 942 2523 serunt
964 2492 1091 2534 (nobis.
1119 2490 1332 2530 anschzayen).
1359 2488 1524 2521 CelsusV.
1537 2489 1591 2528 28,

829 2538 868 2568 2:
901 2548 1006 2579 neque
1032 2536 1096 2567 ulla
1120 2546 1260 2578 unquam
1285 2533 1447 2565 medicina
1472 2533 1589 2577 profe-

832 2581 885 2612 cit.
933 2581 1015 2612 Plin.
1038 2581 1184 2612 XXVII.
1208 2591 1234 2611 c.
1263 2580 1321 2611 ll:
1356 2578 1449 2610 radix
1470 2578 1591 2610 advel—

829 2632 920 2656 satur
943 2625 1086 2657 omnium
1108 2630 1298 2668 serpentum
1321 2623 1505 2667 generibus,
1530 2624 1591 2655 n'en

830 2670 892 2702 alia
919 2682 968 2701 res
995 2670 1130 2702 celerius
1156 2668 1299 2712 proficit.
1348 2668 1401 2700 Cf.
1425 2668 1557 2700 Lexica.

899 2717 927 2758 §.
951 2715 1005 2748 61.
1046 2717 1103 2747 illa
1125 2713 1293 2756 medicina]
1320 2713 1397 2746 Scil.
1420 2713 1513 2756 prior
1535 2712 1590 2744 illa

829 2759 1012 2798 medicina,
1038 2766 1074 2791 ut
1097 2759 1239 2797 doceas,
1273 2758 1355 2790 illud
1377 2758 1497 2789 malum
1523 2768 1588 2788 non

831 2816 910 2842 esse
937 2816 975 2836 ex
997 2816 1061 2848 quo
1086 2803 1258 2847 aegritudo
1280 2803 1486 2846 suscipiatur.
1537 2800 1588 2832 Cf.

829 2861 926 2892 supra
955 2851 1008 2882 lll.
1033 2849 1096 2889 32,

896 2894 1044 2937 anqatur]
1086 2894 1332 2926 concedendurn
1358 2898 1425 2930 est,
1462 2899 1588 2931 negan-

830 2939 907 2971 dum
929 2951 994 2971 non
1011 2946 1070 2978 est,
1089 2939 1181 2971 illum
1203 2937 1407 2980 aegritudine
1427 2934 1588 2965 laborare

897 2986 1017 3017 etiamsi
1039 2995 1092 3017 nec
1113 2986 1199 3016 mala
1212 2986 1272 3016 sint
1287 2990 1395 3013 -nec
1416 2979 1509 3022 bona]
1536 2978 1590 3010 Sic
