1863 3221
237 136 317 176 170
819 136 1217 178 LIBER1.46‚111.

234 236 305 262 nus
337 221 496 271 obruet,
543 234 655 274 quam
689 218 894 261 Salaminii
926 217 1076 272 tropaei
1114 218 1365 269 memoriam
1413 220 1596 274 priusque
1626 218 1792 260 Boeotia

232 294 403 335 Leuctra
425 293 625 343 tollentur,
660 306 771 346 quam
796 305 947 346 pugnae
966 290 1203 331 Leuctricae
1226 290 1366 344 gloria.
1413 291 1540 333 Multo
1564 301 1691 334 autem
1714 300 1793 333 tar—

234 368 318 408 dius
349 368 448 407 fama
478 366 633 406 deseret
654 362 840 416 Curium,
873 363 1118 413 Fabricium,
1154 361 1396 415 Calatinum,
1430 366 1533 405 (Ιιιοι
1568 364 1791 419 Scipiones,

234 442 308 481 duo
334 440 560 489 Africanos,
590 437 826 488 Maximum,
856 436 1105 487 Marcellum,
1134 435 1327 486 Paullum,
1357 434 1564 487 Catonem,
1595 437 1791 487 Laelium,

234 513 539 554 innumerabiles
560 512 681 551 alios:
710 525 871 565 quorum
892 510 1181 550 similitudinem
1203 509 1368 563 aliquam
1390 511 1451 563 qui
1470 511 1692 564 arripuerit,
1718 525 1794 550 non

234 601 319 627 eam
345 588 447 626 fama
475 584 672 639 populari⁷
707 585 775 624 sed
806 598 900 624 vera
928 584 1118 624 bonorum
1151 583 1263 623 laude
1290 583 1454 623 metiens
1487 583 1616 623 fidenti
1649 584 1793 632 animo,

234 659 268 699 si
289 660 343 699 ita
367 673 429 699 res
455 661 585 698 feretl
602 690 611 708 ,
645 658 846 712 gradietur
868 658 912 697 ad
940 664 1126 706 mortem,
1158 657 1196 696 in
1228 670 1302 710 qna
1327 663 1391 696 aut
1417 670 1607 696 summum
1635 657 1793 706 bonum,

233 739 299 772 aut
325 732 466 771 nullum
491 732 630 771 malum
656 745 744 771 esse
771 730 1041 784 cognovimus.
1105 728 1298 770 Secundis
1321 743 1418 769 vero
1444 731 1524 770 suis
1548 729 1663 770 rebus
1692 730 1798 769 volet

534 819 611 844 non
641 804 743 843 enim
775 811 851 843 tam
883 803 1058 843 cumulus
1088 802 1279 843 bonorum
1309 802 1498 842 iucundus
1531 816 1619 843 esse
1651 809 1792 856 potest,

234 892 346 932 quam
383 878 543 917 molesta
577 877 769 917 decessio.
844 883 937 917 111.

234 950 407 991 Laconis
440 951 501 990 illa
536 965 637 1000 vox,
673 950 758 1003 qui,
793 964 907 1003 quum
936 948 1113 989 Rhodius
1146 948 1363 1002 Diagoras,
1398 946 1692 1003 Olympionices
1726 963 1795 988 no-

235 806 349 845 etiam
380 805 500 855 mori;

981 875 1090 916 Hane
1123 875 1356 915 sententiam
1389 876 1610 928 significare
1643 876 1796 916 videtur

233 1023 343 1072 bilis,
378 1038 455 1063 nno
481 1023 541 1062 die
567 1024 675 1062 (1υοῖ
702 1025 825 1062 5ιιο53
857 1022 954 1061 filios
980 1021 1152 1061 victores
1180 1019 1385 1076 Olympiae
1412 1021 1595 1072 vidisset,
1629 1021 1797 1061 accessit

235 1096 279 1135 ad
313 1109 446 1135 senem
483 1102 522 1134 et
550 1095 791 1148 gratulatus:
828 1095 1035 1144 Illorere,
1070 1094 1296 1147 Diayora,
1328 1094 1474 1148 inquit,
1507 1107 1592 1134 non
1618 1095 1727 1134 enim
1753 1096 1796 1134 in

323 1201 344 1233 2
369 1201 423 1232 Sic
447 1208 537 1232 recte
559 1203 614 1232 Or.
641 1213 668 1232 c.
691 1202 728 1232 R.
755 1201 840 1232 Gud.
867 1200 896 1232 1.
924 1203 965 1232 ΙΙ.
993 1201 1050 1232 Gr.
1075 1207 1107 1231 et
1132 1199 1243 1242 paucis
1268 1199 1341 1233 edd.
1363 1207 1444 1232 vett.
1469 1212 1530 1243 pro
1555 1202 1643 1233 duos.
1690 1202 1729 1232 V.
1753 1201 1794 1232 ad

234 1248 262 1289 §-
290 1245 364 1278 110.
412 1245 434 1278 3
458 1247 534 1277 Ern.
559 1246 679 1277 iniuria
702 1245 826 1276 delevit
846 1256 938 1285 suos,
971 1245 1060 1288 quod
1082 1245 1114 1276 h.
1139 1245 1160 1276 l.
1187 1255 1253 1275 non
1281 1245 1351 1276 sine
1373 1245 1479 1288 aliqua
1504 1246 1536 1276 vi
1560 1245 1708 1278 additum
1733 1253 1794 1278 est.

233 1325 284 1345 res
318 1313 417 1344 etiam
442 1312 582 1344 Latinae
615 1313 741 1355 primae
766 1312 997 1344 declinationis

232 1359 265 1390 in
298 1369 374 1398 am,
416 1364 450 1389 ut
480 1359 699 1398 Salaminam,
735 1358 785 1400 leg³
777 1357 860 1389 ibus
897 1357 994 1388 flecti.

232 1403 329 1445 Apud
351 1402 416 1434 Cic.
429 1402 561 1445 quidem
584 1403 624 1433 N.
642 1404 679 1434 D.
703 1404 726 1433 Ι.
748 1401 801 1439 4),
820 1401 892 1434 llQ.
917 1403 995 1433 wro-

231 1460 284 1479 ser
306 1460 345 1478 ex
374 1447 520 1489 pluiimis
545 1446 641 1478 codd
668 1447 771 1478 edidit
796 1449 995 1487 Eleusinam,·

233 1492 293 1523 sed
313 1491 408 1523 multi
430 1491 526 1523 codd.
538 1492 569 1522 h
563 1492 662 1523 ibent
675 1494 868 1531 Eleusinem3
894 1503 995 1535 porro

232 1537 323 1569 Fam.
346 1538 439 1570 XVI.
460 1538 508 1575 12,
530 1538 561 1568 2.
588 1539 747 1568 Anconam
768 1545 833 1579 (ap.
851 1538 905 1568 Or.
926 1537 995 1568 sine

232 1582 298 1614 ulla
320 1594 382 1614 scr.
408 1581 539 1621 variet.)
591 1583 681 1620 Quos
704 1581 745 1612 ad
771 1582 911 1613 formam
934 1584 995 1614 Sa-

232 1629 384 1659 laminam
408 1626 564 1658 tuendam
583 1629 731 1658 Davisius
754 1626 867 1658 attulit
890 1626 993 1665 locos,

233 1684 346 1704 omnes
372 1671 462 1703 ducti
484 1678 559 1702 sunt
585 1683 623 1701 ex
646 1671 738 1702 huius
760 1672 886 1713 generis
909 1671 993 1703 scri-

230 1717 392 1759 ptoribus.
441 1716 495 1747 Sic
520 1716 631 1747 lustin.
652 1717 775 1747 XLIV.
801 1717 832 1754 ὃ,
855 1718 897 1747 2:

934 1719 994 1748 Sa-

231 1764 394 1793 laminam.
444 1761 491 1792 Id.
518 1762 558 1800 11,
582 1761 621 1794 ’ῖς
649 1761 689 1792 de
710 1761 915 1804 proprietate
933 1763 993 1793 Sa-

230 1809 366 1838 laminae
399 1805 535 1837 insulae.
586 1805 706 1848 Sulpic.
740 1808 852 1837 Sever.
888 1807 929 1836 H.
962 1808 993 1836 S.

229 1852 281 1888 Il,
305 1851 344 1882 9:
382 1852 613 1882 Marathonam.
658 1852 718 1881 25:
752 1853 992 1882 Ptolemaidam.

230 1895 316 1927 Dial.
335 1895 399 1927 ¹23:
437 1896 635 1926 Thebaidam.
684 1894 774 1926 Idem
800 1895 870 1926 Liv.
893 1897 915 1931 l,
946 1896 993 1927 lu.

231 1952 249 1972 e
279 1939 376 1971 codd.
398 1942 563 1972 Croconam
588 1951 648 1981 pro
684 1941 815 1971 Crolona
844 1940 991 1970 scriben-

230 1985 307 2016 dum
331 1991 452 2016 censet.
500 1987 544 2015 At
567 1984 671 2015 Cicer.
698 1984 743 2014 de
767 1984 862 2016 Offic.
891 1986 912 2016 Ι.
942 1984 991 2021 18,

229 2029 283 2062 61.
304 2036 338 2060 et
364 2030 502 2060 Att.Vl.
527 2029 554 2066 l,
575 2028 613 2059 ti:
639 2031 810 2060 Salamine.
849 2032 916 2060 Att.
938 2030 994 2060 Vl.

232 2076 262 2111 1,
284 2072 338 2106 26.
363 2080 397 2104 et
418 2072 456 2110 6,
480 2075 518 2104 2:
558 2075 709 2104 Eleusine.
759 2074 810 2104 Cf.
836 2075 993 2105 Bremium

230 2117 271 2149 ad
293 2118 389 2149 Corn.
415 2118 501 2159 Nep.
524 2117 684 2148 Themist.
712 2119 762 2155 ΙΙ,
783 2120 814 2149 15⁴.
845 2118 888 2148 ad
918 2118 993 2148 Ari-

229 2162 306 2193 stid.
330 2164 368 2199 ll,
388 2165 413 2194 l.
438 2168 470 2192 et
487 2164 674 2202 ll'esenbery.
690 2163 813 2193 Em.1[.
833 2174 865 2203 p.
878 2162 920 2194 33
933 2174 992 2204 sq„

230 2207 285 2249 qui
312 2207 346 2238 h.
370 2207 390 2237 l.
426 2213 481 2237 aut
512 2208 678 2238 Salamina
712 2214 767 2238 aut
800 2209 993 2239 Salaminem

231 2251 422 2283 Ciceronem
443 2251 610 2293 scripsisse
633 2251 820 2283 arbitratur.

299 2298 468 2328 Salaminii
487 2298 620 2337 tropaei]
647 2296 826 2339 Eleganter
850 2307 911 2338 pro
932 2299 992 2328 Sa-

229 2344 378 2373 laminiae
402 2344 548 2372 victoriae
574 2353 632 2383 per
655 2341 904 2384 metonymiam,
930 2353 993 2383 qna

230 2398 341 2417 caussa
367 2397 428 2428 pro
451 2386 572 2417 ellectu
598 2392 672 2425 aut,
712 2386 757 2417 uti
782 2387 814 2418 h.
837 2387 880 2425 l.,
907 2387 989 2418 ell'e-

230 2437 299 2462 ctus
321 2442 381 2473 pro
403 2442 512 2463 caussa
536 2432 678 2473 ponitur.
715 2432 769 2463 Sic
791 2433 888 2463 Corn.
906 2433 990 2473 Nep.

229 2475 445 2507 Themistocl.
471 2477 501 2513 ζ),
527 2478 565 2508 3:
598 2477 689 2508 Haec
713 2477 816 2508 altera
839 2476 990 2513 victoria,

231 2531 313 2561 quae
339 2532 410 2551 cum
438 2523 632 2553 Marathonio
667 2522 772 2563 possit
807 2522 992 2564 comparari

229 2570 390 2607 tropaeo:
419 2564 470 2595 nbi
494 2566 536 2596 cf.
561 2568 717 2597 Bremium
738 2579 768 2609 p.
784 2564 826 2599 45
839 2579 888 2609 5(].
926 2569 991 2598 Μο-

227 2619 277 2644 ser
300 2609 394 2640 addit
429 2609 485 2641 Sil.
519 2610 587 2640 Ital.
613 2612 705 2648 XlV
727 2612 812 2643 ²⁸53:
851 2611 991 2643 Salami-

229 2653 359 2685 niacum
379 2661 560 2695 traopieum.
598 2655 763 2697 Aristoph.
789 2658 870 2699 Equ.
888 2658 988 2689 1351:

228 2710 266 2732 το
302 2698 334 2732 ἐ)
358 2698 547 2739 Mummii
579 2703 739 2739 τροπαῖον.
784 2702 830 2731 Ex
866 2701 992 2743 vulgari

230 2742 361 2774 dicendi
398 2743 527 2774 ratione
561 2745 847 2785 exspectabamus.
895 2757 991 2786 quam

228 2791 371 2820 obruetur
393 2790 514 2820 Salam
529 2792 606 2827 trop
628 2792 785 2820 memoria.
820 2790 906 2822 Hinc
920 2793 989 2822 Rei-

228 2834 315 2865 skins
338 2844 425 2874 susp.
445 2842 541 2872 quam
564 2835 675 2864 oblivio
700 2835 733 2864 S.
752 2838 772 2863 t.
798 2838 989 2867 memoriam.

296 2879 359 2909 duo
384 2880 563 2916 Scipiones,
600 2879 661 2908 duo
685 2878 862 2921 Africanos]
890 2880 989 2911 Recte

228 2924 284 2954 Or.
309 2934 369 2964 pro
394 2922 481 2964 vulg.
500 2923 578 2953 duos
602 2921 706 2952 edidit
729 2923 802 2961 duo,
827 2924 915 2965 quod
941 2932 988 2955 est

226 2966 258 2998 in
285 2967 322 2998 R.
347 2967 431 2999 Gud.
462 2969 485 3000 l.
514 2967 571 2998 Gr.
598 2973 701 3009 quatt.
727 2967 832 2998 Gebli.
858 2975 889 2999 et
914 2969 986 3002 edd.

1033 1318 1108 1354 post
1125 1313 1312 1343 Gruterum.
1340 1311 1455 1343 Cicero
1470 1312 1555 1343 enim
1570 1312 1689 1356 aliique
1700 1313 1794 1344 huius

1033 1357 1151 1387 aetatis
1172 1356 1350 1398 scriptores
1375 1357 1596 1388 accusativum
1618 1358 1795 1389 vocabulo-

1033 1413 1103 1432 rum
1128 1403 1189 1432 duo
1215 1407 1248 1431 et
1273 1404 1362 1432 ambo
1387 1402 1564 1433 terminare
1589 1402 1698 1433 solent
1722 1403 1755 1433 in
1775 1414 1793 1434 0

1034 1448 1120 1489 (duo,
1135 1447 1236 1480 ambul
1251 1456 1261 1477 .·
1280 1457 1362 1488 quae
1376 1446 1482 1478 forma
1496 1446 1677 1489 respondet
1690 1448 1794 1478 Grae-

1032 1503 1088 1522 cae
1106 1490 1331 1522 declinationi.
1365 1491 1478 1522 Altera
1499 1491 1606 1522 forma
1620 1493 1708 1531 duos,
1726 1502 1794 1524 am-

1031 1539 1103 1575 bos,
1129 1547 1211 1578 quae
1236 1541 1284 1567 est
1308 1536 1498 1567 terminatio
1525 1536 1663 1567 Latinae
1687 1536 1791 1568 decli-

1030 1581 1195 1619 nationis,
1235 1580 1338 1612 rarior
1373 1581 1428 1612 illa
1454 1581 1586 1624 quidem
1619 1588 1669 1612 est
1703 1581 1792 1624 apud

1030 1625 1175 1657 Tullium
1208 1625 1341 1668 eiusque
1375 1626 1548 1668 aequales,
1584 1638 1645 1658 nec
1669 1633 1790 1665 tamen,

1031 1671 1084 1701 ubi
1111 1670 1261 1701 codicum
1294 1671 1493 1702 auctoritate
1517 1670 1654 1710 nititur,
1691 1683 1792 1713 repu-

1030 1715 1163 1747 dianda.
1211 1715 1324 1747 Paullo
1350 1722 1426 1757 post
1453 1715 1583 1758 §.1112
1623 1718 1685 1747 duo
1716 1728 1792 1748 suos

1031 1761 1126 1792 filios.
1176 1761 1217 1791 N.
1243 1761 1282 1791 D.
1308 1761 1365 1791 ΙΙΙ.
1391 1761 1454 1798 ὃὸ,
1477 1760 1539 1792 (llt
1573 1761 1606 1792 hi
1631 1762 1693 1793 duo
1718 1762 1792 1793 illos

1031 1806 1143 1837 oculos
1178 1817 1256 1836 orae
1286 1805 1470 1836 maritimae
1503 1804 1702 1837 effoderunt.
1751 1810 1792 1837 At

1030 1850 1120 1881 Lael.
1147 1851 1185 1887 ὃ,
1207 1852 1269 1881 20:
1304 1857 1361 1881 aut
1383 1850 1470 1881 inter
1493 1851 1591 1890 duos,
1626 1857 1682 1881 aut
1705 1851 1792 1882 inter

1030 1906 1170 1937 pancos:
1198 1894 1251 1925 ubi
1277 1907 1306 1925 v.
1329 1897 1484 1926 Klotzium
1506 1906 1538 1936 p.
1557 1896 1626 1927 120.
1666 1896 1715 1926 Cf.
1738 1899 1790 1927 El-

1029 1942 1165 1972 lendium
1179 1939 1220 1970 ad
1235 1939 1275 1970 de
1290 1942 1343 1971 Or.
1358 1941 1410 1971 lll.
1424 1941 1454 1977 ὅ,
1468 1940 1523 1971 31.
1543 1939 1617 1971 Vol.
1632 1942 1652 1971 l.
1669 1952 1698 1982 p.
1714 1942 1788 1972 455.

1096 1994 1226 2023 quorum
1248 1986 1480 2016 similitudinem
1501 1986 1641 2024 aliquam
1665 1988 1717 2024 qui
1739 1995 1790 2016 ar-

1028 2028 1172 2071 ripuerit]
1208 2029 1384 2070 Eleganter
1413 2029 1547 2062 dictum.
1596 2032 1696 2061 Moser
1728 2041 1791 2072 ap—

1029 2073 1137 2115 posite
1155 2080 1324 2115 comparat
1342 2074 1383 2104 N.
1398 2075 1437 2106 D.
1453 2075 1508 2104 Ill.
1533 2073 1582 2111 ll,
1596 2074 1656 2108 27:
1684 2075 1791 2113 Quae-

1029 2118 1071 2148 rit
1097 2118 1183 2159 apud
1208 2118 1468 2160 Xenophontem
1494 2120 1667 2157 Socrates,
1705 2119 1790 2150 unde

1028 2162 1169 2193 animum
1193 2163 1433 2204 arripuerimus,
1459 2163 1486 2193 si
1507 2163 1613 2193 nullus
1639 2164 1738 2195 fuerit
1759 2164 1790 2194 in

1027 2206 1170 2238 mundo:
1212 2207 1266 2237 ubi
1290 2207 1389 2238 vertit
1417 2208 1543 2238 Graeca
1567 2208 1654 2238 Xen.
1687 2210 1787 2239 Com-

1028 2258 1127 2282 ment.
1152 2252 1175 2281 Ι.
1200 2250 1221 2281 4
1235 2276 1242 2289 ,
1263 2254 1301 2283 δί
1337 2253 1410 2284 νοῦν
1434 2252 1472 2285 δὲ
1492 2248 1557 2294 ἄρα
1578 2271 1621 2276 —-
1641 2254 1714 2290 Πῶς
1735 2255 1788 2287 δῦ·

1028 2300 1099 2333 κείς
1125 2295 1432 2337 συναρπάσαι.

1095 2344 1121 2373 si
1143 2344 1188 2372 ita
1207 2351 1254 2373 res
1270 2342 1357 2384 feret]
1385 2342 1438 2373 Sic
1458 2348 1548 2373 recte
1571 2344 1624 2373 Or.
1641 2355 1667 2374 c.
1684 2349 1788 2385 quatt.

1029 2388 1109 2417 Oxx.
1122 2386 1220 2416 Vind.
1235 2388 1266 2417 2.
1291 2386 1399 2418 Guelf.
1415 2387 1491 2419 edd.
1504 2388 1543 2418 L.
1560 2387 1687 2430 Gryph.
1700 2388 1786 2419 aliis-

1028 2443 1089 2473 que
1111 2430 1220 2461 multis
1242 2437 1275 2461 et
1291 2432 1443 2462 Lactant.
1458 2431 1533 2464 Div.
1552 2433 1630 2463 Inst.
1656 2432 1685 2470 7,
1714 2433 1786 2470 10.;

1028 2475 1176 2507 nonnulli
1192 2475 1246 2506 alii
1262 2476 1359 2508 codd.
1371 2483 1405 2507 et
1420 2477 1602 2519 permultae
1617 2477 1691 2508 edd.
1706 2484 1786 2508 vett.

1026 2524 1053 2552 si
1076 2531 1123 2553 res
1145 2523 1224 2561 ferm
1259 2521 1356 2563 vulgo
1378 2524 1404 2553 si
1423 2524 1466 2553 ila
1486 2532 1534 2553 res
1554 2524 1633 2561 fert;
1658 2521 1786 2563 optimi,

1028 2573 1062 2597 ut
1088 2566 1122 2596 R.
1151 2565 1236 2597 Gud.
1263 2567 1301 2603 1.,
1328 2566 1446 2608 aliique
1467 2566 1564 2597 codd.
1590 2566 1674 2596 male
1695 2568 1722 2596 si
1742 2568 1787 2597 ila

1025 2613 1125 2651 refert.
1174 2615 1260 2652 Apte
1285 2613 1384 2642 Moser
1417 2617 1587 2653 comparat
1621 2610 1703 2641 Phil.
1731 2612 1785 2641 lV.

1026 2655 1057 2692 o.
1085 2654 1142 2687 l-l:
1173 2659 1199 2687 si
1220 2658 1263 2687 ita
1284 2666 1332 2687 res
1353 2657 1476 2687 tulisset.
1524 2654 1626 2686 Addit
1649 2657 1788 2687 Klotzius

1026 2700 1056 2731 in
1080 2701 1164 2732 Add.
1188 2713 1219 2743 p.
1233 2701 1307 2738 57„
1343 2699 1396 2742 qui
1422 2699 1510 2741 prius
1539 2699 1733 2741 scripturam
1758 2702 1784 2731 si

1025 2748 1069 2776 ita
1093 2748 1184 2786 refert
1205 2751 1385 2787 receperat,
1412 2755 1496 2775 nunc
1519 2750 1627 2775 autem
1643 2744 1685 2774 ad
1702 2745 1785 2776 scri-

1025 2796 1153 2831 pturam
1179 2792 1205 2821 si
1226 2793 1270 2821 ita
1291 2799 1339 2821 res
1361 2790 1435 2828 feret
1456 2788 1574 2828 rediit,
1600 2789 1709 2820 locum
1735 2790 1782 2820 si-

1025 2835 1155 2866 milem:
1182 2834 1224 2865 de
1246 2835 1325 2875 Leg.
1348 2845 1415 2875 agr.
1440 2835 1478 2864 ΙΙ.
1501 2834 1554 2870 28,
1576 2833 1636 2866 77ῑ
1674 2841 1782 2865 tamen

1025 2880 1213 2922 paullisper,
1239 2881 1266 2910 si
1284 2881 1327 2910 ita
1347 2879 1543 2910 commodum
1561 2883 1698 2911 vestrum
1716 2881 1785 2919 fert,

1026 2924 1221 2956 connivebo.

1091 2979 1153 3002 esse
1172 2967 1281 3010 polest]
1308 2967 1361 2999 Sic
1379 2967 1524 3000 omnium
1547 2968 1643 3000 codd.
1656 2975 1689 3001 et
1706 2968 1780 3000 edd.
