1863 3221
175 2452 181 2456 .
228 2429 350 2478 fuerim.

222 113 304 156 106

332 201 494 243 XXIV.

810 119 972 151 LIBER
998 119 1023 150 1.
1048 115 1114 157 24,
1138 115 1192 150 56.

556 205 625 240 56.
673 198 735 240 M.
770 197 900 252 Quid?
931 197 994 238 illa
1015 197 1168 238 tandem
1193 210 1282 237 num
1307 196 1454 238 leviora
1478 210 1641 246 censes,
1680 210 1779 250 quae

221 277 418 316 declarant
444 274 573 313 inesse
598 272 638 312 in
662 271 801 312 animis
828 270 1024 312 hominum
1049 269 1180 310 divina
1208 270 1425 323 quaedam?
1456 284 1555 323 quae
1581 270 1612 309 si
1643 283 1778 309 cerne-

219 363 300 389 rem
330 346 650 401 quemadmodum
679 345 785 385 nasei
815 352 998 399 possent,

219 421 408 461 viderem.

1033 344 1173 394 etiam,
1208 343 1526 397 quomadmodum
1556 343 1777 392 interirent,

470 418 574 460 Nam
597 417 851 472 sanguinem,
884 418 1015 468 bilem,
1050 417 1250 472 pituitam,
1285 430 1397 466 ossa,
1430 430 1598 467 nervos,
1640 429 1778 466 venas,

219 506 372 532 omnem
400 492 565 546 denique
599 491 858 532 membrorum
893 498 932 531 et
960 491 1076 531 totius
1108 490 1284 544 corporis
1314 490 1472 543 liguram
1499 489 1637 530 videor
1666 501 1781 543 posse

219 565 365 616 dicere,
400 566 500 606 unde
521 572 704 605 concreta
726 572 764 605 et
784 578 857 618 quo
877 564 989 604 modo
1011 565 1113 604 facta
1133 563 1233 612 sini,
1267 562 1435 602 animum
1450 565 1464 589 ¹
1490 562 1613 616 ipsum
1628 593 1638 612 ,
1672 563 1704 602 si
1723 561 1780 602 ni-

220 639 270 679 hil
295 646 401 678 esset
427 639 464 679 iu
492 652 563 688 eo,
597 638 671 678 nisi
696 638 755 687 id,
790 645 832 677 ut
857 651 924 692 per
949 651 1035 677 eum
1060 636 1285 678 viveremus
1301 667 1311 685 ,
1346 643 1422 675 tam
1447 637 1585 675 natura
1605 642 1781 689 putarem

220 712 385 752 hominis
405 712 523 752 vitam
545 711 773 761 sustentari,
808 725 919 764 quam
941 710 1046 762 vitis,
1080 724 1193 764 quam
1215 709 1391 759 arbori83
1426 709 1521 749 haec
1544 708 1644 748 enim
1665 708 1780 747 etiam

219 785 381 825 dicimus
402 785 553 826 vivere.

220 865 281 898 ret
299 865 366 898 aut
386 859 539 911 fugeret
557 861 569 884 ¹
590 890 599 909 ,
635 858 668 897 id
693 871 845 911 quoque
866 863 971 897 esset
990 856 1025 896 ei
1046 869 1250 896 commune
1273 870 1358 895 cum
1383 855 1534 895 bestiis.

307 976 436 1008 XXIV.
486 974 501 1007 1
529 987 559 1006 v.
585 974 670 1006 Adn.

220 1043 290 1085 Ego
319 1054 347 1074 c.
370 1043 427 1073 W.
449 1044 503 1073 Or.
525 1043 607 1073 Mos.
631 1041 839 1073 retinendum
869 1040 983 1084 putavi

219 1098 265 1119 su
276 1098 307 1118 m
324 1097 450 1126 passus,
473 1086 562 1129 quod
579 1086 692 1129 reliqui
710 1086 806 1117 codd.
823 1093 856 1117 et
870 1097 984 1117 omnes

222 1134 367 1174 (praeter
391 1132 446 1173 D.)
484 1131 559 1162 edd.
587 1138 668 1162 vett.
700 1131 876 1169 exhibent,
912 1131 984 1173 pri-

219 1188 308 1208 mum
329 1175 419 1219 quod
441 1176 496 1207 ille
522 1176 724 1207 dubitativus
745 1187 818 1206 usus
842 1175 985 1218 perfecti

222 1221 446 1264 (concesserim)
472 1221 656 1252 sententiae
680 1220 773 1252 huius
794 1220 860 1252 loci
883 1232 985 1263 repu-

220 1278 321 1309 gnare
345 1265 494 1302 videtum
531 1278 605 1297 nam
638 1265 770 1297 auditor
793 1277 859 1297 non
885 1265 984 1296 dubi-

220 1318 331 1343 tanter
354 1310 554 1353 respondet,
587 1310 646 1342 sed
670 1317 895 1342 asseveranter
918 1322 982 1352 po-

219 1357 283 1387 tius
305 1356 459 1394 affirmat,
483 1367 518 1386 se
541 1355 582 1387 ad
603 1355 771 1387 Platonica
793 1355 892 1386 verba
915 1366 983 1386 non

220 1400 322 1432 modo
342 1400 423 1431 nihil
441 1400 562 1431 habere
583 1399 672 1442 quod
692 1399 798 1437 dicat,
824 1399 882 1430 sed
904 1411 983 1441 gra—

220 1452 289 1477 tum
313 1444 413 1476 etiam
436 1444 498 1476 sibi
523 1444 644 1483 fuisse,
680 1444 789 1487 quod,
824 1456 922 1487 quum
946 1456 984 1475 ea

220 1489 370 1528 audiret,
395 1501 436 1520 ne
459 1489 493 1520 in
515 1496 659 1520 mentem
681 1489 813 1531 quidem
837 1488 899 1520 sibi
920 1489 984 1519 ali-

222 1534 301 1577 quid
324 1540 440 1565 contra
460 1533 599 1566 veniret.
646 1534 772 1565 Verba:
798 1536 843 1565 ila
864 1536 915 1565 isli
935 1535 985 1574 sa-

220 1589 276 1611 veo
293 1581 458 1611 sententiae
477 1578 634 1610 auditoris
652 1585 796 1610 mentem
816 1585 884 1610 tam
902 1579 985 1609 sim—

223 1623 354 1667 pliciter
388 1630 522 1666 tamque
557 1630 672 1666 aperte
707 1623 898 1662 declarant,
938 1629 984 1661 ut,

223 1668 390 1712 quomodo
405 1680 478 1700 cum
494 1668 680 1700 dubitativo
698 1668 755 1699 illo
773 1667 984 1699 coniunctivo

225 1712 393 1745 conciliari
418 1713 564 1755 possint,
589 1713 727 1744 difficile
749 1713 792 1744 sit
816 1713 858 1744 ad
881 1713 985 1744 intel—

222 1757 403 1800 ligendum.
450 1757 563 1789 Altera
593 1769 724 1795 caussa,
760 1769 817 1789 cur
838 1757 985 1800 scriptu—

223 1814 292 1834 ram
326 1805 404 1834 sim
435 1813 549 1842 passus
580 1802 790 1834 reiiciendam
824 1813 984 1841 censeam,

223 1847 256 1878 in
281 1858 321 1879 eo
343 1847 450 1890 posita
475 1854 543 1886 est,
568 1848 656 1890 quod
678 1847 732 1879 hic
754 1859 827 1878 usus
851 1847 986 1878 dubita—

223 1892 310 1923 tivus
336 1892 536 1924 coniunctivi
560 1892 703 1935 perfecti
727 1904 812 1935 pass.
842 1899 898 1923 aut
925 1891 987 1922 de-

224 1937 379 1980 ponentis
402 1949 561 1980 nusquam
584 1937 662 1969 alibi
686 1937 774 1980 apud
796 1937 987 1969 Ciceronem

224 1981 396 2024 reperitur.
421 1983 461 2013 V.
482 1993 542 2014 nos
562 1982 595 2013 in
620 1983 676 2014 Gr.
699 1984 736 2014 L.
760 1985 785 2025 §.
804 1980 876 2020 105,
894 1982 926 2019 5,
943 1982 986 2019 ul.

224 2027 250 2058 Ε
284 2027 420 2058 Terent.
461 2026 592 2068 quidem
628 2030 768 2059 Klotzius
809 2026 841 2058 in
878 2027 985 2058 Praef.

225 2082 257 2113 p.
272 2071 362 2102 Vlll.
392 2071 550 2102 excitavit
572 2071 673 2103 Andr.
695 2073 718 2102 Ι.
739 2070 779 2109 2,
801 2070 863 2103 32:
902 2071 987 2102 Ubi—

225 2114 273 2146 vis
299 2114 425 2146 facilius
456 2125 570 2155 passus
594 2119 653 2147 sim
685 2127 780 2158 quam
805 2115 836 2145 in
866 2115 928 2147 hac
952 2126 986 2146 re

224 2170 277 2190 me
310 2159 479 2194 deludier;
520 2159 605 2190 adde
638 2171 719 2202 quos
744 2161 923 2199 Madvigius
953 2159 985 2190 in

225 2206 363 2246 Opuscc.
375 2204 519 2235 academ.
532 2204 588 2237 alt.
603 2205 747 2236 Hauniae
763 2204 855 2235 1542.
869 2217 900 2246 p.
915 2202 987 2236 109.

226 2249 338 2280 attulit
358 2249 468 2281 locos:
495 2249 578 2280 Vell.
599 2250 724 2282 Pateic.
748 2251 772 2287 l,
798 2249 855 2279 15:
883 2260 988 2290 neque

227 2305 288 2336 ego
311 2294 374 2325 hoc
395 2293 496 2336 magis
517 2297 648 2325 miratus
668 2296 736 2325 sim.
766 2293 835 2324 Liv.
854 2292 910 2334 22,
928 2291 987 2325 59:

227 2350 268 2370 ne
290 2338 337 2370 illi
362 2338 493 2381 quidem
518 2363 525 2370 .
545 2363 551 2370 .
576 2350 610 2369 se
631 2339 726 2369 nobis
748 2338 866 2369 merito
890 2350 990 2380 prae—

227 2383 362 2414 tulerint
382 2386 566 2424 9loriatique
582 2386 652 2415 sint.
684 2384 737 2416 30
759 2383 815 2415 14:
840 2386 990 2423 gylorz'atus

398 2428 463 2459 Sed
491 2440 587 2471 quem
620 2440 637 2459 e
665 2429 821 2460 Ciceione
850 2431 990 2459 Klotzius

228 2471 261 2502 in
284 2472 368 2503 Add.
394 2485 426 2514 p.
441 2471 493 2504 28.
520 2473 657 2515 protulit
681 2473 807 2505 locum·
842 2474 931 2504 Brut.
956 2472 987 2508 5,

232 2513 302 2552 18„
340 2527 378 2547 eo
394 2485 481 2548 Inihil
504 2524 614 2559 potest
637 2518 789 2560 praobiri,
824 2529 922 2560 quum
945 2517 989 2548 ibi

228 2571 246 2591 e
271 2560 367 2592 codd.
393 2564 494 2592 ausim
518 2574 578 2603 pio
605 2573 700 2594 ausus
723 2566 782 2594 sim
814 2562 989 2605 legendum

227 2604 282 2636 sit.
338 2605 387 2635 De
421 2606 614 2637 confusione
647 2609 822 2639 zerborurn
853 2618 922 2639 sum
957 2613 989 2637 et

228 2652 308 2689 sim,
331 2653 401 2681 sunt
423 2655 455 2680 et
475 2653 554 2689 sint,
578 2661 686 2682 sumus
706 2659 738 2682 et
761 2655 857 2684 simus
882 2652 924 2683 cf.
947 2651 989 2682 ad

231 2695 289 2726 111.
311 2694 343 2731 3,
365 2694 396 2726 5.
422 2695 476 2725 lv.
497 2693 551 2731 23,
570 2694 622 2725 51.
647 2697 685 2725 V.
711 2696 760 2733 10,
781 2697 836 2728 30.
860 2694 914 2734 27,
933 2693 988 2728 76.

229 2736 284 2778 41,
312 2737 385 2770 121.
433 2739 548 2780 Nuper
572 2739 671 2770 etiam
695 2743 897 2781 Wesseubery.
922 2742 990 2772 Em.

230 2784 272 2816 11.
297 2795 328 2826 p.
348 2783 398 2814 15.
425 2782 576 2814 defendit
599 2794 683 2814 sum
707 2795 829 2822 passus.

299 2828 376 2860 cip.
401 2829 532 2859 XXIV.
560 2831 586 2861 t.
605 2826 656 2858 56.
699 2831 808 2866 Quid?
842 2832 899 2860 illa
921 2834 991 2861 tan-

231 2874 300 2905 dem
322 2883 397 2905 num
422 2874 502 2913 eta]
539 2872 592 2903 Sic
621 2878 709 2903 recte
735 2874 788 2902 Or.
815 2873 912 2904 verba
937 2874 990 2904 di-

232 2917 356 2948 stinxit.
405 2915 530 2958 Vulgo:
566 2919 648 2956 Quid
669 2919 723 2947 illa
744 2919 893 2948 tandem?
917 2929 993 2949 num

233 2968 297 2994 etc.
338 2962 392 2994 Sic
411 2961 497 2994 infra
521 2974 548 2993 e.
563 2962 617 3001 25,
637 2959 699 2992 61:
726 2961 838 3001 Quid?
866 2961 920 2993 illa
945 2962 991 2993 vis

615 783 712 824 Item
734 784 765 824 si
789 784 880 824 nihil
903 783 1064 823 haberet
1081 783 1232 822 animus
1252 782 1433 832 hominis,
1468 782 1541 822 nisi
1565 788 1605 821 ut
1625 788 1782 835 appete-

1597 861 1665 895 57.
1701 853 1783 894 Ha-

1019 1053 1100 1084 quae
1120 1041 1255 1073 tandem
1276 1039 1350 1072 est?
1399 1039 1509 1073 Divin.
1532 1041 1556 1078 1,
1577 1038 1639 1071 27:
1667 1039 1782 1078 Quid?

1018 1087 1073 1118 illa
1099 1086 1165 1118 duo
1189 1085 1316 1117 somnia
1337 1110 1345 1117 .
1360 1110 1367 1118 .
1382 1110 1389 1116 .
1421 1085 1490 1128 quis
1513 1084 1648 1116 tandem
1673 1091 1784 1126 potest

1020 1131 1255 1163 contemnere?
1304 1130 1405 1162 Acad.
1432 1132 1471 1161 11.
1496 1127 1550 1168 27,
1575 1127 1635 1161 65:
1666 1129 1781 1168 Quid?

1019 1177 1084 1208 hoc
1105 1187 1215 1207 nonne
1235 1175 1367 1206 videtur
1392 1181 1506 1206 contra
1526 1181 1560 1205 te
1582 1174 1701 1206 valere.
1732 1173 1783 1205 Cf.

1021 1223 1221 1253 Goerenzium
1246 1219 1287 1252 ad
1309 1220 1380 1251 Fin.
1408 1221 1445 1250 ΙΙ.
1467 1218 1522 1257 22,
1547 1217 1600 1251 74.
1644 1221 1784 1259 Seyffert.

1020 1266 1062 1297 ad
1085 1265 1173 1296 Lael.
1196 1263 1228 1303 7,
1253 1265 1307 1296 25.
1368 1262 1467 1295 .165.
1516 1266 1640 1296 lordan.
1664 1263 1706 1295 ad
1732 1275 1781 1295 or.

1019 1322 1051 1353 p.
1079 1309 1208 1341 Caecin.
1232 1308 1283 1347 17,
1305 1276 1362 1341 49p
1384 1307 1499 1351 p.217
1513 1320 1562 1351 sq.
1604 1308 1675 1340 Alia
1698 1308 1783 1339 iatio

1019 1355 1082 1386 fuit
1102 1366 1200 1397 supra
1225 1366 1251 1385 c.
1272 1334 1332 1391 14,
1357 1353 1418 1385 32ε
1457 1355 1540 1393 Quid
1564 1355 1668 1384 illud?
1707 1363 1782 1385 num

1019 1399 1170 1438 dubitas,
1196 1398 1273 1441 quin
1299 1405 1362 1430 etc.

1084 1447 1288 1484 sanguinem,
1319 1445 1409 1474 bilem
1432 1461 1471 1467 —
1491 1445 1598 1474 videor
1624 1452 1712 1482 posse
1734 1443 1784 1473 di-

1017 1499 1101 1528 cere,
1126 1491 1206 1520 unde
1227 1492 1367 1520 concreta
1386 1489 1462 1528 sint]
1489 1488 1547 1519 Est
1571 1486 1784 1526 constructio,

1017 1533 1224 1566 attractionis
1247 1532 1379 1564 nomine
1402 1539 1492 1572 nota,
1519 1544 1582 1575 qua
1602 1531 1785 1563 subiectum

1020 1578 1254 1610 enuntiationis
1291 1577 1503 1609 secundariae
1542 1578 1577 1609 fit
1620 1576 1784 1608 obiectum

1021 1623 1255 1655 enuntiationis
1287 1622 1480 1664 primariae,
1520 1622 1567 1653 uti
1591 1622 1622 1652 h.
1647 1621 1668 1653 l.
1703 1632 1778 1663 pro:

1019 1671 1169 1708 sanguis,
1194 1670 1262 1699 bilis
1282 1687 1324 1691 ——
1344 1669 1450 1699 videor
1467 1678 1556 1706 posse
1577 1669 1676 1699 dicere
1701 1668 1783 1698 unde

1020 1717 1160 1745 concreta
1182 1715 1250 1744 sint.
1289 1713 1380 1743 Haec
1400 1712 1602 1744 constructio
1623 1711 1783 1754 frequen-

1020 1757 1145 1789 tissima
1170 1763 1219 1788 est
1244 1756 1331 1799 apud
1355 1756 1504 1788 Plautum
1527 1764 1561 1788 et
1577 1756 1780 1793 Terentium,

1019 1802 1107 1844 apud
1131 1801 1322 1843 posterioris
1344 1801 1459 1832 aetatis
1482 1802 1659 1843 scriptores
1681 1801 1785 1832 rarior

1023 1854 1083 1879 est.
1132 1846 1239 1878 Verba
1260 1853 1387 1885 autem,
1425 1845 1457 1877 in
1482 1846 1597 1889 quibus
1620 1845 1653 1876 id
1677 1852 1784 1876 attra-

1024 1891 1141 1924 ctionis
1170 1903 1271 1933 genus
1306 1890 1455 1933 usurpari
1482 1891 1586 1928 solet,
1623 1890 1783 1932 imprimis

1021 1943 1097 1968 sunt
1119 1948 1167 1973 ea,
1192 1948 1273 1979 quae
1292 1937 1492 1976 intelliyendi,
1514 1937 1648 1975 dicendi,
1673 1938 1784 1974 optan-

1022 1984 1073 2021 di,
1097 1983 1252 2013 metuendi
1272 1981 1477 2012 notationem
1499 1981 1632 2012 habent.
1680 1979 1784 2011 Cicer.

1025 2028 1064 2059 N.
1088 2028 1125 2059 D.
1151 2028 1183 2064 Ι,
1204 2023 1266 2057 263
1291 2027 1377 2058 Istud
1399 2025 1489 2068 quasi
1508 2036 1620 2065 corpus
1641 2031 1674 2055 et
1693 2023 1784 2067 quasi

1021 2073 1214 2111 sanguinem,
1239 2070 1317 2112 quid
1338 2071 1391 2109 sit,
1414 2069 1596 2112 intelligis?
1623 2069 1677 2100 ubi
1698 2069 1786 2100 mul-

1021 2123 1073 2146 tus
1099 2121 1149 2145 est
1172 2118 1322 2147 Davisius
1355 2115 1389 2146 in
1413 2115 1479 2147 hoc
1503 2127 1560 2146 usu
1586 2114 1741 2156 exemplis
1767 2124 1785 2145 e

1022 2159 1149 2191 Latinis
1172 2166 1204 2190 et
1218 2159 1353 2190 Graecis
1373 2159 1586 2200 scriptoribus
1606 2159 1717 2200 petitis
1740 2158 1786 2190 il-

1024 2204 1204 2235 lustrz.1ndo
1264 2204 1355 2234 Fam.
1387 2205 1417 2234 V
1423 2205 1478 2234 ΙΙΙ.
1510 2203 1570 2239 10,
1596 2204 1636 2235 3:
1686 2202 1785 2234 Nosti

1023 2250 1226 2287 Marcellum,
1262 2259 1358 2289 quam
1390 2248 1503 2279 taidus
1533 2247 1585 2279 sit.
1631 2247 1783 2300 Thucyd.

1023 2294 1103 2330 Vll
1129 2290 1189 2324 76:
1227 2304 1332 2329 τους
1366 2292 1553 2334 μέλλοντ
1565 2304 1612 2330 ας
1641 2288 1696 2324 ατί
1723 2289 1785 2324 α3-

1023 2339 1088 2370 ni»
1119 2336 1185 2370 '20'
1183 2348 1280 2379 σὐς
1316 2316 1585 2378 ’ἶδείσαντεςδ
1621 2334 1667 2378 μὴ
1695 2333 1785 2378 υμᾶς

1023 2365 1192 2415 πείσωσυι.)
1268 2381 1465 2413 Doctissime
1510 2381 1786 2423 subtilissimeque

1024 2427 1110 2458 hunc
1139 2434 1172 2457 et
1197 2428 1341 2458 Graecae
1368 2434 1401 2457 et
1423 2426 1561 2458 Latinae
1591 2426 1786 2468 grammati-

1026 2483 1081 2503 cae
1104 2471 1213 2503 locum
1244 2478 1433 2513 persecutus
1465 2478 1514 2502 est
1546 2478 1579 2502 et
1610 2470 1786 2501 illustravit

1023 2516 1205 2556 Kru'qerin:
1232 2518 1408 2549 Untersuch.
1428 2518 1541 2548 ᾶὺενά.
1554 2518 1623 2547 Lat.
1641 2517 1785 2555 Sprachl.

1025 2563 1080 2592 Ill.
1098 2561 1179 2593 Heft
1202 2562 1230 2603 (ἦ.
1247 2559 1407 2593 58-7-1.
1433 2572 1465 2602 p.
1485 2558 1691 2592 133—179.
1731 2559 1784 2592 Cf.

1024 2608 1168 2638 Ochsner.
1190 2600 1258 2637 1301.
1287 2605 1352 2636 Cic.
1374 2616 1406 2646 p.
1429 2604 1472 2636 42
1489 2616 1537 2646 sq.
1586 2607 1722 2636 Kithner.
1744 2605 1784 2636 L

1024 2651 1081 2682 Gr.
1109 2653 1135 2693 ᾗ.
1158 2648 1295 2689 164,1.

1091 2698 1232 2727 animum
1256 2693 1372 2735 ipsum]
1402 2692 1456 2724 Sic
1481 2695 1535 2725 Or.
1562 2705 1588 2724 c.
1616 2694 1675 2729 D.,
1699 2692 1784 2723 sicut

1024 2740 1143 2782 legitur
1166 2740 1199 2770 in
1225 2738 1372 2771 omnibus
1402 2744 1436 2768 ut
1462 2737 1591 2768 videtur
1617 2717 1783 2767 codicibus

1025 2797 1096 2835 pro.
1111 2784 1198 2826 vulg.
1221 2793 1276 2823 per
1299 2784 1439 2813 animum
1461 2784 1587 2821 ipsum.-
1623 2789 1654 2812 it
1686 2793 1785 2823 prie-

1026 2829 1146 2872 positio
1178 2838 1233 2868 per
1258 2826 1327 2858 sine
1351 2826 1451 2857 dubio
1475 2838 1493 2857 a
1517 2826 1697 2868 glosszwtoie
1721 2826 1784 2857 ad—

1027 2875 1095 2905 dita
1131 2880 1180 2903 est
1214 2872 1256 2903 ad
1291 2870 1510 2902 accusatixum
1517 2850 1783 2912 &explicandum-

1026 2920 1211 2950 Ramshorn.
1242 2917 1314 2947 Lat.
1339 2915 1396 2946 G1.
1429 2918 1456 2954 &5-
1482 2914 1555 2947 132.
1586 2916 1664 2948 Not
1699 2915 1785 2947 hunc

1027 2961 1246 2994 accusativum
1275 2972 1335 3003 pro
1365 2959 1515 2991 absoluto
1545 2960 1691 2992 habitum
1725 2971 1783 2991 ex-
