1832 3137
659 89 818 121 LIBER
845 90 883 121 ll.
913 89 970 127 10,
997 88 1050 123 23.

1554 80 1608 121 ‘20
1621 83 1628 119 l

241 170 398 206 I’acsivit
412 168 457 216 ⁶,-
489 169 579 206 haec
611 169 839 220 bicorporem
871 170 1021 222 afflixit
1049 183 1223 216 manum,-

242 242 530 291 E'rymcinthiam
561 242 652 280 llaec
682 243 894 292 vastzsficam
924 244 1063 281 abiecit
1092 244 1258 290 beluanm

241 317 342 352 Haec
372 316 391 351 ὁ
420 316 601 353 Tartarea
633 315 820 353 tenebret-a
851 315 1082 354 abstractam
1108 318 1228 367 plaga

246 389 460 438 Trz‘cz'pz'tem
492 389 643 434 eduxit,
678 383 807 437 Hadra
835 391 1057 437 generatum
1072 419 1082 435 ,
1120 391 1276 436 Canem,-

239 462 341 498 Haec
372 462 563 499 interemit
592 463 696 498 tantu
726 460 1013 510 multiplic-dibile

238 536 447 572 Draconem
460 563 470 580 ,
505 534 711 586 auriferam
744 533 874 570 obtz'cta
904 534 1161 571 adservantem
1178 536 1196 559 5
1232 535 1420 573 arborem.

239 608 364 645 Multa
393 608 473 644 cilia
504 609 644 644 victl-ziz·
673 608 807 644 nostra
838 607 1022 644 lustravit
1050 620 1195 652 manus,

239 681 319 718 Nec
350 682 547 731 quisquam
578 693 598 717 e
627 681 768 717 nostris
797 680 918 730 spolia
948 682 1049 730 cepit
1077 681 1263 718 laudibus.

70 751 335 794 Possumusne
360 766 431 792 nos
457 758 708 791 contemnere
732 751 922 801 dolorem,
955 766 1070 805 quum
1093 752 1217 805 ipsum
1240 751 1449 792 Herculem
1477 760 1552 793 tam
1579 753 1636 793 in-

71 826 285 866 toleranter
315 825 446 865 dolere
477 824 704 865 videamus?

183 896 239 938 X.
286 904 356 938 25.
391 896 536 938 Veniat
560 897 800 953 Aeschylus,
835 912 911 938 non
940 903 1053 953 poe'la
1078 899 1219 949 solum,
1254 900 1321 939 sed
1351 899 1464 939 eiiam
1490 897 1637 954 Pytha-

68 986 236 1026 goreusg
269 970 326 1012 sie
353 971 454 1011 enim
480 970 716 1024 accepimus.

779 970 870 1025 Quo
899 972 1012 1011 modo
1039 972 1115 1012 fert
1140 973 1236 1026 apud
1267 986 1352 1012 eum
1378 971 1636 1013 Prometheus

70 1045 266 1095 dolorem,
301 1058 412 1098 quem
446 1045 625 1099 exeipitl
663 1044 710 1084 ob
745 1046 884 1084 l'urtum
917 1044 1153 1085 Lemnium?

160 1163 180 1195 5
206 1174 236 1195 v.
256 1162 339 1194 Adn.

69 1211 125 1248 pit.
174 1209 331 1239 Praesens
354 1207 459 1239 multo
485 1207 676 1250 exquisitius
702 1214 764 1239 est.

69 1274 159 1319 quod
180 1285 245 1306 uno
267 1286 362 1306 caeso
384 1275 445 1306 tria
464 1274 572 1317 capita
588 1277 835 1307 excrescebant.“

71 1331 167 1363 quam
191 1319 323 1362 quidem
343 1319 595 1362 originationem
618 1320 745 1361 optimo
765 1319 834 1350 iure

70 1364 213 1407 explosit
227 1366 370 1404 Orellius,
389 1371 484 1395 acute
507 1375 657 1403 monens,
680 1363 833 1395 Latinum

68 1409 264 1442 vocabulum
300 1420 318 1440 e
343 1410 471 1441 Graeco
507 1408 621 1452 ἔχιδνα
655 1415 762 1440 ortum
801 1414 834 1439 et

69 1466 140 1486 cum
176 1460 289 1486 nostro
322 1456 437 1494 Echse,
479 1456 624 1486 Eidechse
657 1460 833 1495 cognatum

68 1499 193 1538 videri,
229 1498 354 1541 pariter
379 1505 569 1540 corruptum
594 1510 633 1531 ac
659 1501 834 1531 Catamitus

69 1556 108 1576 ex
134 1546 329 1584 Ganymedes
354 1551 386 1576 et
410 1544 538 1577 similia.

137 1591 285 1631 Pacavit]
323 1590 381 1620 Est
408 1589 596 1620 coniectura
624 1591 748 1621 Davisii
772 1599 832 1631 pro

66 1637 217 1675 placavit.
266 1633 317 1665 Cf.
342 1634 455 1676 Virgil.
484 1638 562 1666 Aen.
588 1633 621 1674 6,
645 1632 729 1666 504:
759 1633 833 1676 (Al-

69 1679 171 1719 cides)
195 1681 381 1718 Erymanthi
402 1681 530 1711 Pacarit
546 1689 685 1710 nemora.
718 1679 833 1710 Horat.

68 1725 123 1756 IV.
145 1726 177 1763 ὃ,
200 1724 258 1756 19:
286 1726 438 1756 Pacatum
451 1726 582 1755 volitant
601 1734 656 1764 per
674 1734 761 1755 mare
774 1733 833 1754 na—

67 1772 169 1809 vitae,
193 1768 235 1800 de
257 1770 389 1800 Oceano
411 1768 632 1810 praedonibus
653 1780 719 1800 non
740 1767 832 1799 infe.—

68 1821 133 1852 sto,
157 1813 205 1845 uti
229 1820 318 1845 recte
342 1813 519 1856 explicavit
541 1816 697 1845 Davisius⁴
747 1815 833 1845 Orel-

67 1861 128 1891 lius
153 1858 286 1891 confert
308 1860 420 1890 Senec.
445 1860 540 1890 Herc.
566 1859 601 1890 F.
619 1856 706 1889 44¹3:
731 1869 834 1899 paca—

67 1910 139 1936 tum
163 1915 261 1935 manu
279 1903 455 1946 (Herculis)
479 1902 698 1945 quodcunque
713 1920 754 1926 —
771 1902 833 1933 Ti-

67 1955 125 1980 tan
147 1948 248 1980 videt.
299 1950 440 1980 Klotzius
463 1948 549 1989 vulg.
575 1949 714 1986 placavit
738 1957 834 1977 rece-

69 1993 121 2037 pit
152 2000 186 2024 et
209 1993 242 2024 in
267 1992 352 2025 Add.
376 2005 408 2035 p.
430 1993 484 2025 72³.
514 1992 561 2023 sic
590 1991 762 2028 defendit,
799 1998 834 2021 ut

68 2040 208 2078 placavit
237 2037 339 2079 magis
368 2036 536 2079 poeticum
569 2035 716 2074 diceret3
762 2036 834 2078 ipse

70 2083 174 2118 locus.
201 2082 256 2121 ait,
282 2082 314 2113 in
336 2093 401 2124 quo
425 2081 521 2113 belua
543 2087 603 2119 est,
629 2081 777 2112 turbatus
801 2087 834 2111 et

69 2126 210 2158 infestus
244 2126 408 2168 cogitatur
438 2133 471 2157 et
504 2126 546 2157 ob
579 2137 650 2156 eam
688 2137 833 2157 caussam

70 2178 160 2203 recte
182 2171 245 2203 dici
268 2171 397 2213 potuit:
433 2171 514 2202 haec
543 2182 656 2201 manus
680 2172 831 2207 Lernam,

70 2216 177 2248 occisa
200 2216 262 2247 ista
282 2215 389 2253 belua,
412 2218 564 2255 placavit,
585 2215 605 2246 i.
619 2227 648 2246 e.
666 2215 833 2257 tranquil-

67 2260 133 2292 lam
157 2261 312 2292 reddidit.
347 2260 460 2292 Paullo
484 2267 558 2303 post
575 2263 689 2300 bicorp.
704 2270 833 2291 manum

69 2305 103 2338 h.
126 2317 153 2337 e.
182 2306 312 2337 tuibam
337 2305 585 2337 Centaurorum.
622 2305 777 2346 Sophocl.
802 2316 833 2337 V.

72 2348 176 2382 1097:
225 2351 329 2391 διφυῆ
373 2346 401 2382 τ’
439 2345 578 2391 ἄμικτον
622 2348 835 2393 ἱπποβάμονα

71 2392 212 2435 στρατὸν
237 2395 370 2435 Θηρῶν.

137 2440 248 2477 Hydra
267 2441 458 2478 generatum,
478 2439 607 2478 Canem]
630 2438 832 2480 Sophocles:

69 2483 183 2524 δεινῆς
198 2480 272 2526 ’EX
285 2482 295 2516 ί
306 2486 349 2517 ’δν
361 2494 384 2523 η
398 2493 413 2520 ς
430 2481 586 2524 ὶτρέμμα;
603 2481 679 2513 hinc
691 2485 834 2514 Bouhier.

69 2526 245 2569 legendum
258 2526 503 2570 suspicabatur:
520 2528 626 2558 eduxit
640 2529 665 2558 E
676 2538 691 2558 c
701 2529 739 2558 hi
750 2529 770 2558 d
781 2539 801 2559 n
814 2538 833 2558 a

68 2577 257 2612 generatum.
310 2575 350 2603 At
377 2572 492 2603 Cicero
522 2571 591 2602 sine
625 2571 725 2602 dubio
759 2572 833 2614 Hy-

70 2615 161 2648 dram
187 2629 260 2649 cum
283 2616 429 2648 Echidna
455 2616 663 2658 permiscuit,
692 2623 726 2647 ut
753 2627 834 2647 con-

70 2666 121 2692 tra
150 2662 244 2694 Ovid.
271 2663 352 2694 Met.
375 2661 416 2700 9,
449 2662 503 2694 69.
545 2663 615 2693 158.
652 2662 835 2692 Lernaeam

71 2704 219 2747 Hydram
242 2707 423 2738 Echidnam
445 2705 625 2749 appellavit
651 2713 748 2748 atque
773 2705 834 2737 ad-

73 2759 112 2779 eo
134 2751 268 2783 Hesiodi
294 2752 538 2794 lTlieog.‘.'91*.N
560 2751 738 2782 E‹:hi‹lnum
763 2762 834 2782 cum

73 2792 187 2836 Hydra
212 2797 372 2827 confudit.
420 2797 457 2828 V.
487 2798 636 2829 Orellium
660 2797 700 2828 ud
728 2796 760 2827 h.
777 2796 797 2827 l.

142 2842 310 2879 auriferam
325 2841 403 2884 etc.]
432 2843 465 2872 ln
486 2840 589 2873 hortis
604 2840 834 2883 Hesperidum.

74 2883 187 2915 Paullo
210 2893 285 2926 post
319 2889 463 2919 lustravit
496 2886 684 2929 exquisitius
709 2886 834 2917 dictum

72 2938 134 2970 pro
169 2931 321 2963 sustinuit.
369 2931 423 2963 Sic
447 2931 562 2974 virgil.
590 2934 668 2963 Aen.
704 2930 744 2972 9,
769 2930 832 2964 96;

387 1163 430 1196 Χ.
474 1162 488 1194 1
515 1164 571 1195 W.
593 1175 619 1195 c.
643 1162 770 1205 aliquot
793 1162 891 1195 codd.
918 1163 1073 1195 deterior.
1100 1170 1133 1194 et
1159 1163 1307 1196 nonnull.
1336 1164 1412 1195 edd.
1436 1170 1518 1196 vett.
1545 1174 1635 1196 exce-

871 1281 1044 1318 certusque
1079 1275 1205 1307 incerta
1239 1275 1385 1318 pericula
1419 1275 1537 1307 lustret
1568 1279 1636 1307 Ae-

869 1319 974 1350 neas?
989 1338 1033 1342 —
1059 1322 1169 1360 Spolia
1188 1323 1264 1360 cepit
1286 1322 1452 1352 laudibus:
1479 1320 1637 1363 Sophoel.

868 1376 898 1395 v.
930 1361 1031 1396 1104:
1081 1361 1215 1402 κούδεὶς
1246 1362 1377 1405 τρόπαι’
1413 1364 1537 1407 ἔστησε
1571 1366 1637 1400 τῶν

869 1407 959 1451 ἐμῶν
984 1409 1111 1452 χερῶνε
1144 1409 1229 1440 unde
1252 1412 1410 1441 Ernestius
1436 1410 1545 1441 locum
1573 1421 1637 1441 no-

868 1460 972 1485 strum
997 1453 1138 1496 explicat
1158 1454 1223 1485 sie:
1253 1465 1306 1486 nec
1325 1457 1492 1495 quisquam
1516 1465 1572 1487 nos
1590 1457 1637 1487 vi-

867 1502 908 1532 cit
940 1503 966 1530 et
1001 1502 1181 1539 superavit;
1222 1499 1343 1531 rectius
1368 1502 1546 1531 Nissenius:
1583 1509 1638 1532 nec

868 1546 1031 1584 quisquam
1049 1546 1086 1576 de
1108 1546 1201 1576 laude
1222 1548 1327 1576 nostra
1347 1546 1483 1576 detraxit
1504 1546 1637 1584 aliquid.

871 1591 994 1620 Laudes
1017 1594 1093 1620 sunt
1118 1601 1168 1620 res
1194 1589 1402 1621 laudabiliter
1426 1597 1562 1631 gestae,
1606 1601 1637 1620 v.

869 1633 907 1665 ad
934 1637 965 1670 ⁴2,
990 1635 1020 1665 ἶ).
1068 1634 1198 1666 Nullius
1223 1634 1380 1666 momenti
1407 1640 1457 1665 est
1480 1636 1638 1666 Bouhierii

869 1679 1058 1710 coniectura
1081 1681 1283 1711 cladibus
1303 1691 1363 1722 pro
1388 1681 1557 1719 laudibu83
1578 1679 1637 1709 Ci-

869 1735 946 1755 cero
981 1724 1067 1755 euim
1100 1724 1132 1754 in
1159 1724 1340 1762 vertendo,
1376 1724 1422 1755 uti
1447 1723 1512 1755 iam
1536 1735 1634 1766 supra

868 1768 996 1810 saepius
1009 1768 1158 1805 vidimus,
1174 1769 1373 1800 sententiam
1387 1769 1489 1811 magis
1502 1772 1632 1811 poetae,

869 1825 966 1856 quam
996 1814 1067 1855 ipsa
1091 1814 1190 1845 veiba
1214 1814 1385 1856 expressit.

937 1869 1168 1912 adservantem]
1199 1869 1362 1901 Revocavi
1383 1869 1468 1900 hanc
1489 1868 1634 1911 scriptu-

869 1925 949 1951 ram,
975 1913 1214 1955 permultorum
1235 1913 1332 1945 codd.
1356 1914 1634 1956 optimorumque,

870 1965 906 1989 ut
943 1959 977 1989 R.
1003 1957 1152 2000 gTregd.)
1181 1958 1265 1989 Gud.
1291 1960 1316 1990 l.
1341 1960 1402 1996 Il.‚
1438 1957 1638 1990 auctoritate

869 2003 1042 2041 firmatam,
1068 2014 1173 2044 nuper
1195 2003 1291 2034 etiam
1314 2015 1331 2033 a
1352 2006 1540 2042 Wesenberg).
1563 2003 1636 2034 Em.

870 2049 910 2080 11.
936 2060 967 2090 p.
983 2045 1036 2079 41.
1061 2047 1343 2085 commendatam,
1380 2059 1441 2091 pro
1471 2047 1559 2089 vulg.
1585 2049 1639 2078 ob-

867 2096 1052 2124 servantem.
1083 2092 1227 2123 Verbum
1248 2095 1433 2124 asservandi
1448 2103 1514 2122 non
1530 2091 1638 2123 solum

869 2143 918 2168 est
940 2137 1117 2179 diligenter
1142 2148 1294 2176 servare,
1321 2137 1379 2168 sed
1402 2137 1500 2168 etiam
1524 2138 1637 2179 (prae-

868 2182 980 2213 sertim
1006 2181 1078 2221 ubi,
1106 2182 1152 2212 uti
1174 2182 1207 2213 h.
1231 2182 1267 2221 l.,
1300 2194 1327 2216 c.
1350 2184 1455 2213 obtutu
1478 2180 1635 2223 iungitur)

870 2227 1066 2265 observare,
1103 2226 1280 2258 custodire.
1327 2228 1367 2259 V.
1398 2228 1533 2258 Freund.
1554 2227 1636 2256 Lex.

868 2271 901 2303 h.
926 2284 956 2303 v.
988 2278 1021 2302 et
1048 2273 1182 2303 Wesenb.
1204 2271 1224 2302 l.
1249 2271 1301 2309 d.,
1338 2271 1392 2313 qui
1428 2281 1536 2312 comp.
1567 2273 1635 2300 Att.

868 2317 912 2348 X.
932 2316 980 2353 16,
1002 2317 1043 2348 2:
1069 2316 1226 2347 acerrime
1247 2315 1496 2347 asservabimur.
1526 2314 1576 2350 sti,
1598 2315 1609 2346 l
1627 2325 1633 2343 :

871 2361 1050 2399 custodiae,
1077 2361 1191 2403 quibus
1216 2371 1376 2391 asservor.
1428 2360 1519 2390 Caes.
1546 2359 1579 2389 Β.
1598 2359 1634 2390 C.

875 2409 884 2437 l
902 2430 910 2443 ,
932 2406 992 2438 ἳῙῑ
1030 2405 1201 2436 hominum
1229 2404 1376 2435 occultos
1401 2404 1506 2435 exitus
1525 2414 1634 2434 asser-

869 2457 959 2481 vent.
985 2450 1016 2487 3,
1038 2451 1101 2482 215:
1128 2448 1311 2491 equitibus,
1339 2449 1393 2491 qui
1414 2460 1485 2480 eam
1506 2455 1636 2491 partem

870 2506 948 2526 orae
972 2493 1154 2525 maritimae
1179 2493 1402 2525 asservabant.

939 2550 1017 2580 CAP.
1040 2550 1087 2581 X.
1115 2550 1141 2591 ξ.
1161 2550 1214 2582 23.
1254 2551 1433 2591 Aeschylus]
1460 2550 1500 2580 V.
1530 2551 1635 2580 Wei-

869 2596 988 2626 cheri
1012 2596 1168 2635 Nachtra9
1188 2605 1215 2626 z.
1232 2596 1264 2626 d.
1283 2596 1399 2635 Schrift
1420 2597 1493 2627 iiber
1513 2596 1562 2626 die
1577 2595 1635 2625 Ae·

869 2640 1034 2678 schylische
1060 2642 1201 2681 Trilo9ie.
1236 2650 1269 2682 p.
1283 2639 1326 2673 36
1337 2651 1409 2682 sqq.
1435 2646 1469 2671 et
1493 2636 1572 2672 340.

937 2697 1165 2737 Pythayoreus]
1201 2697 1240 2728 V.
1268 2698 1303 2728 G.
1327 2698 1362 2729 F.
1386 2697 1636 2728 Schoemannum

870 2739 903 2770 in
936 2739 1179 2782 elegantissimo
1213 2740 1318 2777 libro,
1358 2740 1412 2783 qui
1447 2738 1636 2771 inscribitur

871 2785 936 2815 Des
964 2785 1142 2828 Aeschylos
1177 2785 1373 2829 gefesselter
1406 2783 1634 2819 Prometheus,

872 2829 1067 2862 Greifswald
1096 2828 1190 2863 lffl-l.
1217 2843 1249 2873 p.
1269 2830 1318 2863 19.
1345 2836 1377 2861 et
1406 2830 1479 2861 101.

937 2889 973 2918 ob
996 2888 1116 2927 surium
1139 2888 1317 2927 Lemnium]
1355 2883 1570 2917 Prometheus
1593 2882 1635 2914 ab

869 2931 972 2963 insula
999 2932 1125 2964 Lemno
1148 2930 1298 2963 Vulcano
1320 2931 1427 2972 iguem
1447 2932 1634 2971 surreptum
