1863 3221
243 107 328 150 400

245 209 381 237 errore
405 195 503 236 alios
523 195 744 234 levaremus
765 197 804 230 ct
820 190 861 229 iu
881 190 986 230 omni
1009 189 1293 244 disputatione,
1327 190 1415 243 quid
1437 198 1542 230 esset
1564 190 1799 231 simillimum

802 112 967 144 LIBER
991 113 1030 145 V.
1057 112 1097 151 5,
1124 109 1175 144 12.
1200 111 1253 145 13.

243 269 350 317 veri,
385 278 677 321 quaereremus.
741 261 868 315 Quem
895 276 1041 302 moreni
1077 276 1192 315 quum
1218 259 1444 302 Carneades
1478 263 1702 303 acutissime
1736 276 1802 302 co-

245 340 540 395 piosissimeque
576 336 790 385 tenuisset,
831 335 993 375 fecimus
1027 341 1066 374 et
1088 334 1184 374 alias
1217 347 1334 388 saepe
1363 341 1402 374 et
1426 348 1550 388 nuper
1578 336 1617 375 in
1647 334 1801 375 Tuscu-

244 415 347 463 lano,
383 419 423 451 ut
445 411 491 450 ad
518 423 602 449 eain
625 407 944 448 consuetudinem
966 407 1265 461 disputaremus.
1327 405 1380 446 Et
1400 407 1622 460 quatriduiss
1647 407 1800 460 quidem

243 497 464 525 sermonem
497 480 764 535 superioribus
808 481 855 520 ad
898 487 934 520 te
978 479 1236 534 perscriptum
1273 479 1382 519 libris
1426 480 1622 530 misimus,
1668 479 1802 532 quinto

243 564 370 596 antem
393 555 452 594 die
467 586 477 604 ,
511 569 625 608 quum
648 554 784 594 eodem
805 553 874 593 in⁹
901 553 987 592 loco
1010 552 1348 602 consedissemus,
1383 552 1439 591 sic
1462 559 1521 591 est
1543 551 1799 606 propositum,

244 630 291 669 de
322 643 397 682 quo
429 629 730 681 disputaremus.

355 700 407 742 V.
445 707 511 741 12.
545 700 598 739 Α.
631 698 724 740 Non
758 699 850 739 mihi
882 699 1060 748 videtur,
1102 698 1149 738 ad
1178 697 1291 738 beate
1322 697 1532 738 vivendum
1559 697 1655 738 satis
1687 710 1801 750 posse

243 775 441 816 virtutem.
506 772 569 813 M.
601 772 658 812 At
687 772 843 812 hercule
871 769 995 812 Bruto
1020 784 1107 811 meo
1140 771 1318 820 videtur,
1361 770 1469 810 cuius
1496 784 1570 823 ego
1600 769 1799 820 iudicium,

241 861 335 902 pace
370 853 435 886 tua
468 845 659 894 dixerim,
705 845 820 898 longe
858 851 1052 898 antepono
1091 850 1172 883 tuo.
1234 843 1287 882 A.
1322 841 1417 883 Non
1455 843 1611 893 dubito,
1655 856 1727 882 nec
1761 842 1798 881 id

242 934 344 960 nunc
367 919 516 972 agitur,
558 926 598 958 tu
626 918 730 957 illum
755 923 938 970 quantum
963 929 1095 966 ames,
1137 916 1206 955 sed
1229 916 1331 955 hoc1
1351 947 1361 966 ,
1403 916 1502 968 quod
1526 915 1618 955 mihi
1642 915 1724 954 dixi
1744 914 1802 955 vi-

242 992 339 1041 deri,
368 991 478 1044 quale
503 991 575 1030 sit:
611 990 657 1030 de
676 1004 751 1042 quo
768 991 789 1014 ²
815 1002 836 1028 a
858 995 896 1027 te
924 988 1113 1042 disputari
1137 988 1242 1028 volo.
1306 988 1370 1027 M.
1403 987 1557 1041 Nempe
1584 1001 1721 1040 negas,
1755 987 1802 1027 ad

241 1065 354 1104 beate
376 1063 585 1103 vivendum
615 1062 711 1101 satis
731 1074 846 1114 posse
865 1060 1078 1101 virtutem?
1125 1059 1178 1099 A.
1211 1058 1382 1099 Prorsus
1401 1074 1516 1113 nego.
1576 1059 1639 1100 ΙΙΙ.
1674 1057 1803 1112 Quid?

241 1137 286 1176 ad
309 1143 440 1184 recte,
476 1135 662 1183 honeste,
695 1132 960 1183 laudabiliter,
1002 1139 1200 1187 postremo
1223 1133 1270 1172 ad
1296 1132 1395 1172 bene
1420 1133 1629 1173 vivendum
1655 1132 1802 1172 satisne

242 1215 302 1249 est
331 1208 498 1262 praesidi
516 1211 532 1235 3
559 1207 599 1246 in
624 1207 797 1246 virtute?
855 1206 908 1245 A.
944 1203 1065 1246 Certe
1089 1205 1200 1245 satis.
1264 1205 1328 1245 M.
1360 1204 1480 1245 Potes
1508 1204 1627 1258 igitur
1650 1211 1715 1245 aut
1740 1204 1804 1258 qui

242 1281 340 1320 male
367 1281 496 1330 vivat,
531 1294 607 1319 non
637 1293 723 1319 eum
746 1278 932 1319 miserum
957 1278 1113 1328 dicere,
1156 1284 1222 1317 aut
1244 1291 1354 1331 quem
1376 1278 1476 1317 bene
1499 1279 1670 1328 fateare,
1715 1291 1804 1317 eum

242 1367 388 1406 negare
420 1353 533 1393 beate
564 1352 728 1392 vivere?
785 1351 838 1390 Α.
870 1349 1013 1403 Quidni
1050 1351 1221 1404 possim?
1261 1365 1347 1390 nam
1380 1350 1495 1390 etiam
1533 1350 1571 1390 in
1601 1350 1804 1391 tormentis

243 1432 374 1475 recte,
408 1425 594 1474 honeste,
629 1423 873 1463 laudabiliter
901 1429 939 1462 et
964 1422 1011 1462 ob
1040 1436 1123 1461 eam
1153 1436 1235 1462 rem
1268 1422 1366 1462 bene
1396 1423 1474 1463 vivi
1505 1429 1654 1477 potest,
1697 1423 1804 1462 dum-

243 1498 355 1538 modo
380 1497 598 1549 intelligas,
633 1496 720 1550 quid
745 1510 846 1536 nuuc
869 1495 990 1534 dicam
1012 1494 1127 1534 bene.
1189 1493 1290 1534 Dico
1311 1495 1413 1534 enim
1436 1502 1683 1544 constanter,
1716 1508 1806 1549 gra-

243 1570 360 1620 viter,
390 1568 604 1623 sapienter,
635 1568 803 1608 sortiter.
852 1573 918 1608 15.
944 1566 1054 1607 Haec
1073 1567 1188 1607 etiarn
1205 1567 1243 1606 in
1263 1567 1471 1607 eculeum4
1494 1566 1803 1619 coniiciuntur-²⁵,

332 1695 354 1729 8
376 1698 433 1728 Tr.
456 1708 494 1728 ex
516 1697 555 1728 R.
578 1698 612 1729 P.
639 1696 724 1728 Gud.
743 1695 769 1727 1.
791 1697 973 1736 quadridui.
1020 1696 1059 1726 V.
1084 1694 1126 1726 ad
1148 1696 1202 1726 IV.
1227 1693 1282 1734 38,
1307 1694 1362 1728 82.
1409 1692 1430 1726 9
1455 1697 1536 1727 Tres
1559 1697 1638 1729 Oxx.
1659 1696 1744 1727 Gud.
1762 1697 1804 1727 ΙῙ.

246 1742 321 1774 edd.
348 1742 453 1772 Gebh.
479 1742 582 1772 Gron.
610 1741 709 1772 Verb.
732 1752 796 1771 om.
820 1743 862 1772 in.
911 1741 951 1771 V.
990 1739 1006 1770 1
1032 1741 1109 1771 Vat.
1136 1740 1173 1770 R.
1188 1740 1272 1772 Gud.
1289 1740 1318 1772 1.
1341 1747 1373 1771 et
1392 1741 1506 1782 reliqui
1527 1740 1673 1783 plerique
1691 1742 1745 1772 sed
1767 1742 1804 1772 de

240 1788 315 1818 hoc:
351 1786 416 1817 hoc
439 1788 475 1817 de
509 1785 604 1816 facile
635 1797 674 1816 ex
702 1787 757 1817 sed
787 1784 865 1816 oriri
888 1784 1018 1826 potuit,
1053 1784 1247 1826 praesertim
1278 1796 1376 1826 quum
1410 1785 1626 1827 subsequatur
1657 1787 1703 1817 de
1732 1795 1802 1825 quo.

240 1829 262 1862 2
288 1829 374 1861 Gud.
390 1829 420 1863 2.
443 1837 475 1861 et
501 1829 648 1861 nonnull.
675 1829 750 1860 edd.
771 1836 850 1860 vett.
877 1831 914 1860 de
935 1839 988 1860 eo:
1026 1829 1115 1871 quod
1137 1829 1177 1859 ab
1200 1829 1237 1859 iis
1256 1829 1384 1860 illatum
1407 1836 1475 1867 est,
1511 1829 1564 1871 qui
1588 1841 1654 1860 non
1675 1829 1801 1860 intelli-

240 1875 382 1917 gebant,
418 1874 459 1905 ad
493 1874 590 1905 verba
611 1876 664 1906 sed
694 1876 750 1905 hoc
782 1873 999 1915 repetendum
1024 1885 1094 1904 esse
1119 1876 1231 1913 ayilur.
1281 1874 1389 1904 Verba
1412 1876 1448 1905 de
1474 1884 1532 1914 quo
1554 1880 1629 1904 sunt
1649 1878 1675 1905 et
1699 1875 1736 1905 de
1757 1884 1802 1905 eo.

240 1919 262 1951 3
287 1919 339 1950 Sic
362 1920 399 1950 R.
415 1920 446 1950 Ρ.
464 1918 589 1949 Gud.l.
615 1926 647 1949 et
670 1930 707 1949 ex
732 1917 807 1948 edd.
822 1925 902 1950 vett.
929 1919 988 1954 D.;
1016 1920 1070 1948 Or.
1084 1929 1109 1949 c.
1126 1917 1211 1959 vulg.
1233 1920 1394 1957 praesidii.
1442 1920 1463 1950 4
1487 1918 1540 1949 Sic
1553 1918 1588 1950 R.
1605 1919 1638 1948 P.
1663 1919 1756 1949 Mon.
1773 1919 1800 1949 l.

244 1963 349 1994 Marb.
377 1963 487 1994 Duisb.
514 1970 547 1994 et
568 1963 620 1994 ed.
648 1964 705 1999 D.;
733 1962 850 1993 eodem
874 1962 963 1992 ducit
986 1965 1128 1993 aculeum
1151 1962 1182 1992 in
1205 1962 1302 1993 vind.
1327 1963 1374 2000 1.;
1400 1964 1452 1994 Or.
1476 1974 1501 1995 c.
1523 1962 1609 2004 vulg.
1631 1965 1802 2002 equuleum.

241 2008 261 2039 5
287 2008 391 2039 Marb.
415 2007 527 2038 Duisb.
549 2010 761 2046 coniciuntur,·
786 2008 843 2039 Tr.
865 2009 1036 2038 coiciuntur
1057 2018 1095 2037 ex
1121 2007 1180 2045 R„
1205 2007 1259 2049 qui
1278 2007 1379 2038 habet
1403 2010 1577 2044 coitiuntur.

240 2084 334 2115 tandi
359 2095 450 2115 more
470 2083 497 2114 si
521 2094 720 2125 cognoscere
745 2083 853 2125 cupis,
886 2095 917 2114 v.
942 2094 1003 2114 nos
1039 2082 1156 2124 §.1501
1177 2095 1209 2126 p.
1224 2081 1300 2118 427.
1328 2084 1380 2115 Cf.
1404 2095 1464 2116 nos
1486 2084 1519 2115 in
1543 2085 1601 2116 Gr.
1622 2084 1662 2116 L.
1685 2082 1802 2128 §.129.

240 2128 274 2159 in
307 2128 392 2159 libro
430 2127 461 2158 d.
494 2129 532 2159 de
560 2130 695 2159 Ciceron.
730 2129 763 2158 in
793 2129 870 2166 phil.
903 2130 1002 2160 merit.

241 2184 274 2215 p.
297 2171 457 2205 ὃδ-ΊΙ.

306 2217 434 2255 fecimus
449 2235 505 2256 —‚
529 2219 561 2246 ut
582 2216 826 2256 disputaremus]
852 2215 916 2246 Per
938 2214 1003 2246 cir-

241 2261 528 2299 cumlocutionem,
552 2259 718 2290 Ciceronis
737 2259 770 2290 in
790 2259 902 2300 primis
922 2270 1003 2301 pro-

240 2305 363 2348 priam,
396 2316 456 2346 pro
482 2304 640 2346 simplici:
676 2305 915 2343 disputavimus.
964 2305 1003 2335 V.

241 2361 301 2381 nos
321 2350 354 2380 in
379 2350 436 2380 Gr.
459 2350 499 2381 L.
525 2348 647 2393 §.142
668 2348 750 2381 Not.
765 2349 793 2381 1.
819 2366 861 2372 —
899 2350 1003 2380 eodem

240 2396 273 2425 in
296 2397 380 2433 loco,
405 2405 435 2425 v.
461 2395 500 2425 ΙΙ.
526 2394 568 2432 3,
593 2392 625 2425 9.

311 2438 388 2469 ΟΑΡ.
410 2439 449 2469 V.
485 2439 512 2480 (3.
539 2437 590 2470 12.
637 2437 805 2478 virtutem]
841 2435 1003 2468 Lambino

241 2481 393 2523 placebat
427 2484 536 2514 virtus.
593 2484 637 2512 At
671 2481 754 2512 nihil
788 2481 1002 2518 mutandum,

241 2527 361 2557 videtur
380 2526 466 2557 enim
487 2537 720 2568 nonnunquam
740 2525 1005 2568 impersonaliter

241 2569 392 2612 ponitur,
419 2570 466 2600 uti
486 2572 609 2609 dicitur,
635 2572 781 2610 traditur,
805 2572 900 2610 fertur
925 2576 1002 2602 cett.

241 2620 275 2645 et
296 2613 383 2656 apud
406 2614 548 2645 Graecos
569 2618 682 2656 δοκεῖ,
708 2614 851 2656 λέγεται,
875 2615 1002 2646 similia.

240 2659 278 2689 In
303 2657 409 2689 verbis
440 2660 561 2689 videtur
583 2661 659 2690 mihi
689 2659 771 2690 latet
795 2659 888 2691 notio
913 2659 1001 2690 indi-

242 2702 357 2741 candi,
393 2702 567 2733 sentiendi.
617 2704 666 2733 Cf.
702 2703 789 2734 infra
820 2716 847 2736 c.
871 2706 912 2742 a,
938 2706 999 2735 ⁴2⁴3:

242 2745 296 2778 ubi
317 2752 453 2788 utraque
473 2752 636 2777 structura
656 2747 828 2778 invenitur.
869 2750 1001 2780 Orellius

243 2790 375 2822 confert
394 2790 502 2821 Divin.
523 2791 546 2821 Ι.
569 2793 595 2827 ὃ.
611 2788 670 2821 44:
698 2791 799 2821 visum
821 2799 869 2822 est
887 2793 919 2823 in
941 2803 1000 2823 so-

241 2835 324 2866 mnis
354 2841 518 2878 pastorem
541 2834 582 2865 ad
605 2846 658 2865 me
680 2835 856 2876 appellere.
906 2836 1000 2867 Plura

241 2880 390 2922 exempla
427 2879 590 2921 congessit
625 2881 661 2910 G.
691 2881 723 2910 T.
750 2881 785 2910 Α.
810 2881 933 2919 Krix‘yer
967 2881 1000 2912 in

242 2924 461 2968 Untersuchg.
498 2935 528 2956 a.
561 2923 592 2956 d.
627 2923 701 2955 Lat.
733 2922 788 2954 Gr.
823 2924 878 2956 ΙΙΙ.
905 2924 999 2956 Heft.

1038 2128 1117 2158 Not.
1141 2130 1168 2160 1.

1103 2181 1181 2210 pace
1202 2175 1256 2202 tua
1275 2172 1423 2214 dixerim]
1446 2174 1529 2210 „Est
1542 2173 1673 2215 elegans
1696 2173 1802 2204 forma

1038 2215 1193 2257 precandi
1212 2215 1340 2246 veniam
1362 2215 1395 2246 iu
1420 2216 1583 2254 dissensu,
1609 2228 1672 2258 qua
1691 2224 1801 2248 tamen

1040 2266 1133 2291 cante
1154 2259 1310 2290 utendum
1333 2266 1393 2297 est,
1418 2272 1479 2291 nec
1501 2260 1562 2291 nisi
1582 2260 1635 2291 ubi
1656 2261 1741 2292 serio
1760 2261 1801 2293 ab

1037 2303 1149 2345 aliquo
1174 2304 1427 2342 dissentimus,“
1464 2305 1511 2335 uti
1546 2304 1645 2336 docet
1671 2308 1804 2345 Wytlen-

1039 2350 1165 2380 bachius
1193 2348 1234 2379 ad
1259 2349 1361 2379 Cicer.
1388 2349 1429 2379 de
1452 2350 1555 2391 Legg.
1579 2350 1637 2380 111.
1664 2349 1723 2389 12,
1747 2348 1801 2382 29.

1039 2405 1070 2435 p.
1093 2392 1170 2424 430:
1196 2393 1248 2424 Cr.
1283 2393 1422 2425 laudatis
1458 2393 1499 2425 de
1529 2394 1631 2436 Legg.
1656 2395 1699 2425 Ill
1716 2419 1724 2433 ,
1750 2392 1801 2426 16.

1039 2437 1080 2468 de
1102 2437 1197 2469 offic.
1221 2438 1287 2475 111,
1315 2438 1366 2469 10.
1414 2440 1514 2470 Moser
1537 2438 1631 2469 addit
1653 2437 1694 2470 de
1718 2439 1802 2470 Fato

1039 2481 1079 2519 3,
1102 2482 1142 2513 5:
1182 2481 1342 2524 quaedam
1364 2482 1464 2513 etiam
1484 2482 1679 2514 Posidonius
1705 2484 1802 2525 (pace

1038 2528 1181 2566 mayistri
1204 2526 1351 2563 dixerim)
1378 2526 1581 2558 comminisci
1604 2526 1744 2558 videtur.

1107 2572 1220 2610 Nempe
1242 2581 1338 2610 neyas
1347 2572 1379 2612 ?]
1419 2571 1498 2601 Cum
1520 2571 1625 2602 ironia
1649 2570 1798 2614 quadam.

1036 2616 1125 2646 Nicht
1144 2617 1260 2646 wahr?
1285 2617 1328 2646 du
1349 2617 1551 2655 behauptest?
1599 2615 1652 2647 Sic
1672 2615 1800 2656 saepis-

1037 2659 1117 2690 sime
1150 2669 1256 2698 nempe
1292 2659 1325 2690 iu
1357 2659 1619 2700 interrogatione
1653 2659 1798 2702 ponitur,

1037 2704 1090 2734 ubi
1113 2704 1183 2746 quis
1204 2704 1287 2734 seire
1311 2703 1418 2746 cupit,
1443 2703 1685 2735 intellexeritne
1709 2711 1798 2735 recte

1035 2748 1167 2778 alterius
1192 2748 1304 2788 verba,
1327 2755 1382 2779 aut
1405 2747 1458 2778 ubi
1481 2747 1550 2789 quis
1577 2748 1715 2779 alterum
1737 2760 1796 2780 ex-

1037 2792 1135 2830 citat,
1172 2799 1206 2822 ut
1242 2792 1402 2830 fateatur,
1440 2803 1509 2822 rem
1542 2792 1680 2835 aliquam
1707 2799 1797 2824 recte

1036 2837 1087 2867 vel
1109 2836 1311 2867 intellectam
1333 2837 1383 2867 vel
1407 2836 1529 2867 factam
1554 2849 1634 2876 esse,
1658 2849 1728 2869 rem
1747 2837 1796 2869 sic

1035 2892 1070 2912 se
1090 2881 1211 2912 habere
1233 2888 1354 2923 sponte
1381 2887 1506 2922 patere.
1557 2883 1643 2914 Brut.
1666 2881 1707 2921 3,
1735 2880 1794 2914 14:

1036 2927 1123 2958 Tum
1140 2925 1214 2957 ille:
1243 2928 1353 2966 Nempe
1375 2936 1448 2956 eum
1470 2924 1563 2968 dicis,
1588 2926 1707 2970 inquit,
1730 2936 1795 2969 quo
