1832 3137
641 68 986 102 PRoLEGOMENA.
1537 58 1590 100 525

363 207 400 245 b.
462 207 656 245 ALTERA
691 205 814 244 PARS
850 206 1239 245 DISPUTATIONIS.

787 287 811 309 D
823 286 845 310 Ε

523 337 705 370 OFFICIIS
728 337 1104 372 CONSOLANTIUM.

0 426 6 478 j
148 421 285 460 Officia
308 421 594 459 consolantium
615 418 897 470 aegritudinem
919 426 1013 457 sunt
1032 420 1171 458 tollere
1189 420 1475 472 aegritudinem
1493 421 1588 457 fun—

0 481 6 552 }
36 490 161 538 ditus,
191 496 262 527 aut
281 490 439 538 sedare,
467 495 536 526 aut
553 486 759 525 detrahere
776 500 890 537 quam
908 487 1140 537 plurimum,
1171 495 1241 526 aut
1259 489 1505 539 supprimere
1521 502 1589 525 nec

0 556 6 633 Ε
37 558 119 609 pati
144 571 301 595 manare
325 556 500 607 longius,
531 561 601 593 aut
628 554 677 591 ad
697 554 771 591 alia
792 554 1014 592 traducere.
1072 555 1176 592 Haec
1195 557 1427 593 consolandi
1451 569 1590 607 genera

37 625 191 676 singula
217 625 360 675 singuli
386 622 613 675 philosophi
636 627 874 672 sequuntur.
933 621 1068 659 Cicero
1091 629 1218 660 autem
1239 622 1334 660 haec
1352 624 1479 660 omnia
1504 623 1589 660 col-

39 692 192 743 ligenda
218 698 365 739 censet,
397 690 488 741 quia
517 690 616 727 alius
640 689 716 726 alio
744 689 861 726 modo
888 696 1116 736 moveatur,
1148 703 1306 740 eamque
1329 690 1590 727 adhibendam

37 759 297 807 curationem,
337 772 452 809 quam
481 757 646 807 quisque
670 756 847 807 recipere
878 757 1021 808 possit,
1064 764 1416 808 opportunumque
1440 763 1593 807 tempus

0 811 4 914 j
34 827 265 864 sumendum
288 839 379 864 esse.
408 824 448 877 §2
471 829 535 864 76.
588 825 748 876 Singula
773 825 1003 863 consolandi
1024 838 1164 876 genera
1185 825 1409 862 accuratius
1431 831 1469 862 et
1495 825 1591 861 ube—

36 893 120 932 rius
150 894 418 931 illustrantur.
450 908 482 930 c.
507 897 573 931 52.
602 896 669 931 55.

0 921 3 1043 y
149 962 213 999 Ill.
242 963 460 999 CONCLUSIO
485 974 622 997 Torius
646 973 956 998 DISPUTATIONIS.
1014 961 1270 1010 Posteaquam
1295 959 1433 997 Cicero
1457 973 1495 997 se
1521 972 1592 997 ex-

0 1045 3 1077 Ι
38 1029 212 1077 cusavit,
244 1029 374 1078 quod,
406 1041 527 1078 quum
551 1027 771 1077 quaesitum
792 1034 908 1074 esset,
949 1034 1130 1077 possetne
1154 1028 1197 1064 in
1220 1028 1435 1077 sapientem
1457 1027 1594 1064 cadere

37 1096 260 1146 aegritudo,
291 1110 310 1131 a
330 1095 538 1145 proposito
558 1095 744 1130 aberrans
770 1101 890 1130 totam
913 1094 958 1130 de
978 1094 1224 1144 aegritudine
1241 1094 1463 1131 doctrinam
1483 1107 1593 1130 com-

0 1144 1 1156 *
37 1162 179 1212 plexus
199 1169 315 1200 esset:
358 1175 438 1198 eam
461 1161 709 1207 sententiam,
750 1174 826 1209 qua
847 1161 972 1197 totius
999 1161 1282 1211 disputationis
1304 1174 1439 1198 caussa
1462 1162 1594 1198 conti-

38 1236 197 1277 neatur,
226 1236 291 1277 ut,
323 1229 523 1280 quicquid
542 1231 598 1264 sit
621 1231 664 1264 in
688 1228 949 1278 aegritudine
971 1229 1099 1272 mali,
1131 1228 1179 1265 id
1202 1243 1281 1265 non
1307 1230 1499 1266 naturale
1523 1232 1594 1273 sit,

38 1297 110 1334 secl
134 1298 367 1333 voluntario
398 1295 555 1332 iudicio
590 1302 625 1331 et
656 1297 860 1344 opinioni-5·
892 1310 1021 1331 errore
1054 1303 1328 1338 contractum,
1371 1297 1517 1346 repetit
1545 1303 1593 1345 et,

36 1377 276 1414 quanquam,
308 1362 494 1400 universa
513 1361 758 1411 aegritudine
775 1361 948 1409 sublata,
979 1362 1224 1412 reliquorum
1245 1363 1437 1400 malorum
1460 1377 1479 1401 e
1500 1365 1595 1413 qui-

35 1431 107 1469 bus
136 1431 291 1468 oriatur
315 1430 524 1481 aegritudo
542 1429 717 1467 remedia.
731 1443 812 1466 non
832 1443 1067 1480 magnopere
1090 1431 1314 1480 quaerenda
1335 1431 1435 1479 sint,
1466 1437 1596 1468 tamen

0 1529 1 1535 ,
35 1498 276 1550 singularum
307 1511 439 1535 rerum
478 1498 661 1548 proprias
692 1497 979 1535 consolationes
1014 1512 1096 1535 non
1125 1498 1286 1535 inutiles
1320 1512 1400 1536 esse
1431 1499 1595 1537 iudicat.

0 1595 1 1606 1
40 1566 204 1613 Deinde,
236 1579 335 1615 quae
358 1565 564 1616 superiore
583 1564 853 1615 disputatione
873 1566 991 1603 latius
1014 1572 1051 1602 et
1070 1565 1254 1603 diffusius
1272 1567 1450 1617 exposita
1471 1573 1596 1614 erant,

39 1633 176 1685 paucis
198 1633 509 1684 comprehendit.
570 1632 742 1682 Denique
763 1633 875 1670 varia
898 1633 1153 1683 aegritudinis
1173 1647 1313 1684 genera
1334 1635 1510 1672 breviter
1529 1634 1595 1671 ‹li-

40 1707 221 1738 numerat
243 1707 280 1738 et
312 1701 416 1739 viam
444 1700 517 1738 sibi
540 1700 670 1737 munit
694 1700 742 1737 ad
771 1701 967 1750 sequentis
999 1701 1280 1751 disputationis
1312 1708 1596 1753 argumentum.

0 1786 1 1806 ÷
39 1782 72 1806 c.
102 1772 170 1808 54.

166 2013 781 2060 TUSCULANARUM
832 2013 1471 2060 DISPUTATIONUM

657 2116 774 2146 ΜΒΝ
802 2115 982 2154 QUART1‚

300 2191 367 2225 Qvl
387 2191 464 2219 EST
487 2192 538 2219 DE
557 2192 746 2225 RELIQUIS
766 2192 883 2219 ANIMI
903 2191 1328 2226 PER'rURBM‘loMBUS,

594 2264 1054 2302 CONSPECTUS.

152 2374 177 2410 Ι.
235 2375 486 2412 Pnoomnum.
544 2376 778 2414 Laudantur
799 2377 987 2424 Romani,
1019 2375 1148 2425 quod,
1180 2388 1302 2424 quum
1325 2390 1345 2412 a
1364 2377 1494 2426 primo
1515 2378 1594 2415 Ur-

39 2441 98 2478 bis
129 2447 223 2478 ortu
254 2442 414 2491 egregiis
443 2442 617 2479 moribus
645 2443 918 2493 institutisque
948 2449 985 2479 et
1012 2443 1217 2493 disciplina
1243 2457 1288 2480 ac
1313 2446 1599 2495 temperatione

40 2508 213 2546 civitatis
235 2509 491 2557 eminuerint,
532 2516 636 2557 tum,
674 2511 879 2547 dominatu
904 2510 1008 2559 regio
1037 2523 1080 2546 re
1106 2510 1263 2560 publica
1287 2511 1469 2560 liberata,
1500 2527 1598 2563 pro-

38 2576 273 2626 gressionem
291 2577 558 2614 admirabilem
576 2576 919 2626 incredibilemque
935 2590 1092 2614 cursum
1107 2577 1156 2614 ad
1170 2592 1318 2615 omnem
1333 2580 1599 2618 excellentiam

39 2643 219 2681 fecerint.
250 2658 283 2681 c.
304 2648 338 2682 1.
368 2643 407 2695 §.
433 2649 467 2683 1.
515 2645 589 2681 lam
612 2644 832 2693 antiquitus
851 2645 1010 2682 Romani
1033 2645 1163 2682 studia
1184 2646 1407 2695 doctrinae,
1439 2648 1600 2685 aliunde

41 2711 245 2757 arcessita,
277 2718 568 2749 conservarunt
593 2718 631 2748 et
655 2711 879 2749 coluerunt.
939 2713 1059 2750 Cuius
1079 2713 1138 2750 rei
1162 2727 1334 2751 caussam
1357 2729 1378 2751 a
1395 2714 1599 2765 Pythago-

42 2789 108 2814 rae
129 2778 178 2814 do
197 2778 311 2816 *trina
334 2779 585 2829 repetendam
616 2792 715 2827 esse,
757 2793 876 2829 quum
908 2780 1137 2818 coniectura
1163 2781 1369 2832 probabile
1397 2788 1472 2829 est,
1514 2787 1600 2818 tum

43 2843 278 2892 quibusdam
300 2847 413 2883 etiam
435 2846 670 2885 testimoniis
690 2846 890 2885 historicis
910 2848 1125 2886 indicatur.
1155 2847 1194 2900 ᾗ.
1214 2854 1253 2887 2.
1275 2854 1313 2888 5.
1345 2863 1377 2886 e.
1403 2853 1441 2886 2.
1500 2848 1598 2886 Phi-

43 2909 263 2962 losophiam
289 2921 415 2952 autem
447 2922 596 2953 veteres
626 2915 785 2953 Romani
812 2915 893 2954 vita
919 2916 1056 2966 magis,
1087 2930 1201 2966 quam
1229 2916 1373 2954 litteris
1405 2916 1599 2966 persecuti
