1832 3137
637 103 801 136 LIBER
828 105 868 137 11.
892 101 932 144 6,
960 101 1011 136 16.

166 179 239 222 vl.

51 253 264 309 disciplinis
296 254 613 309 philosophorum
645 255 804 308 loquar,

1544 99 1622 142 193

304 180 368 221 Μ.
403 179 576 221 Primum
608 181 727 236 igitur
751 182 799 222 de
832 182 1096 224 imbecillitate
1129 184 1336 225 multorum
1362 193 1398 226 et
1427 187 1473 227 de
1496 189 1616 229 variis

837 270 998 309 quorum
1032 258 1211 312 princeps
1243 265 1281 298 et
1311 259 1545 301 auctoritate
1577 269 1615 302 et

49 327 301 381 antiquitate,
348 326 577 368 Socraticus
610 328 857 382 Aristippus,
907 343 983 368 non
1023 330 1212 371 dubitavit
1249 345 1440 372 summum
1473 334 1613 374 malum

48 400 220 440 dolorem
246 400 390 440 dicere.
439 399 594 441 Deinde
617 401 661 440 ad
687 401 784 440 banc
808 408 1030 441 enervatam
1056 403 1359 458 muliebremque
1381 407 1612 447 sententiam

48 473 142 514 satis
167 473 330 514 docilem
354 488 397 514 se
421 473 615 528 Epicurus
641 473 830 527 praebuit.

896 472 1009 513 Hunc
1033 483 1119 528 post
1141 475 1320 517 Rhodius
1346 476 1613 534 Hieronymus

50 547 186 587 dolore
211 550 385 587 vacare¹
415 561 605 587 summum
628 546 773 586 bonum
798 546 920 596 dixit3
956 554 1101 587 tantum
1134 548 1173 588 in
1199 549 1330 590 dolore
1363 551 1476 591 duxit
1505 553 1609 593 mali.

47 617 182 660 Ceteri
216 627 370 674 praeter
403 619 629 669 Zenonem,
665 618 917 668 Aristonem,
951 617 1198 674 Pyrrhonem
1233 621 1333 662 idem
1370 625 1473 674 fere,
1509 626 1608 679 quod

47 693 159 733 modo
186 700 249 732 tu:
285 693 425 734 malum
451 693 540 732 illud
570 692 746 746 quidem,
779 692 846 731 sed
875 692 949 732 alia
975 693 1123 746 peiora.

1188 699 1255 734 16.
1290 694 1398 748 Ergo
1422 696 1475 747 id,
1509 698 1608 751 quod

46 772 186 806 natura
206 766 288 820 ipsa
311 773 350 805 et
375 765 561 819 quaedam
585 779 776 818 generosa
803 765 927 806 virtus
950 767 1078 805 statim
1104 766 1266 821 respuit,
1294 781 1343 807 ne
1364 769 1606 810 *scilieet*2

43 913 83 944 D.
109 867 325 954 OinLrecepit.
373 910 395 942 2
420 923 449 943 ν.
474 911 557 943 Adu.

42 978 284 1021 probaverunt,
309 980 362 1010 sed
382 981 475 1010 etiam
498 977 565 1010 ind.
590 979 613 1010 f.
636 990 687 1021 p.;
714 978 803 1010 diese

41 1023 129 1056 That
149 1023 257 1054 haben
279 1023 369 1061 Alle,
406 1023 458 1055 ich
479 1023 545 1054 will
575 1023 668 1055 nicht
691 1035 801 1066 sageu,

40 1067 208 1110 gebilligt,
243 1067 386 1099 sonderu
420 1067 579 1099 vielmehr
609 1068 663 1099 fiir
684 1068 715 1100 d.
739 1080 801 1099 uu·-

41 1112 217 1154 wiirdigste
247 1112 426 1155 gehalteu.)
474 1112 677 1144 Vocabulum
711 1115 804 1144 modo

41 1163 91 1190 est
126 1157 287 1189 ablativus
320 1156 517 1188 substantivi
549 1159 683 1196 modus,
716 1157 804 1200 quod

40 1198 113 1236 κατ’
134 1199 252 1245 ἐξοχὴν
274 1204 389 1233 iustum
411 1203 538 1233 modum
559 1201 730 1243 siguificat,
758 1201 803 1233 uti

41 1253 130 1279 reete
163 1247 278 1278 statuit
300 1248 514 1278 Doederlinius
546 1247 579 1277 in
612 1248 737 1288 Syuou.
763 1247 803 1277 V.

40 1304 73 1334 p.
89 1289 143 1324 74.
193 1291 245 1322 Cf.
269 1293 291 1323 Ι.
308 1293 346 1322 Η.
361 1292 394 1322 C.
408 1293 592 1330 Eyyersium
613 1290 645 1321 in
668 1292 802 1328 Quaest.

40 1335 127 1368 Tull.
154 1336 266 1367 Alton.
287 1333 380 1367 1642.
402 1346 432 1376 p.
452 1336 491 1366 19
505 1347 564 1377 sq..
592 1335 646 1377 qui
667 1334 708 1365 de
723 1335 753 1366 h.
770 1347 801 1366 v.

39 1380 289 1422 diligentissime
308 1378 470 1422 exposuit.
496 1381 587 1411 Modo
607 1379 707 1421 igitur
725 1391 802 1411 mo-

39 1424 117 1456 dum
148 1425 194 1456 rei
225 1424 339 1467 pouit,
377 1435 448 1455 eam
482 1424 579 1455 certis
612 1424 729 1455 finibus
763 1436 801 1456 ae

37 1469 206 1508 terminis,
241 1474 333 1500 extra
357 1479 437 1511 quos
465 1468 576 1510 egredi
603 1481 667 1500 nou
692 1468 800 1508 liceat,

38 1513 285 1546 circumscribit.
331 1516 398 1545 Non
420 1516 512 1545 modo
542 1513 642 1556 igitur
671 1513 799 1556 siguifi-

39 1566 114 1591 cant
135 1561 184 1591 ich
204 1561 269 1590 will
286 1560 368 1590 nicht
389 1560 596 1590 beschranken
622 1559 802 1600 (entweder

37 1604 98 1635 auf
113 1604 171 1635 das
185 1603 342 1635 Kleinere
363 1603 445 1634 oder
469 1603 529 1634 auf
544 1603 601 1634 das
616 1604 801 1645 Grc'issere).

35 1650 86 1680 De
115 1659 177 1681 non
200 1650 291 1680 modo
315 1667 378 1688 -,
412 1650 465 1680 sed
486 1658 523 1680 ne
545 1665 591 1672 --
612 1651 737 1689 quidem
771 1661 802 1681 v-

36 1694 79 1726 ad
100 1696 123 1725 I.
151 1692 215 1731 36,
239 1693 293 1726 87.

102 1748 139 1770 ne
159 1740 199 1770 sit
219 1748 294 1770 sane
313 1747 471 1770 summum
491 1740 612 1770 malum
633 1737 735 1781 dolor]
759 1739 802 1769 Ne

39 1783 261 1816 concessivam
288 1782 351 1814 iim
375 1782 486 1814 habet.
534 1783 607 1814 Pari
631 1783 734 1814 modo
769 1786 803 1814 ul

37 1839 99 1860 non
119 1839 217 1870 saepe
241 1834 450 1870 usurpantur,
474 1839 557 1870 quae
579 1827 802 1859 concessivam

38 1872 299 1905 enuntiationem
344 1880 500 1915 tanquam
556 1871 801 1903 consecutivam

38 1917 221 1956 enuntiant,
246 1929 278 1948 v.
293 1928 320 1949 c.
343 1921 376 1948 ut
393 1916 557 1948 rationem
573 1916 667 1948 Plato
680 1918 801 1947 nullam

37 1962 191 1999 afferret,
227 1961 298 2003 ipsa
331 1961 529 1992 auctoritate
554 1972 607 1991 me
632 1961 800 2002 frangeret

40 2008 78 2049 (t.
101 2007 164 2044 21,
190 2004 259 2045 49.)
274 2031 281 2045 ,
309 2005 340 2037 h.
354 2017 380 2036 e.
405 2007 453 2037 vel
476 2009 541 2045 ita,
565 2007 612 2037 vel
635 2015 671 2036 ea
694 2006 800 2036 condi-

37 2054 138 2089 tione,
173 2054 206 2082 ut
241 2049 355 2092 (selbst
387 2050 420 2081 in
453 2049 527 2081 dem
552 2049 662 2088 Falle,
698 2049 798 2090 dass).

40 2096 90 2127 Cf.
120 2097 141 2126 l.
164 2097 206 2136 ὅ,
235 2094 286 2128 16.
325 2095 383 2131 11,
409 2094 463 2127 23.
509 2094 594 2125 Illud
627 2101 736 2126 autem
765 2103 801 2125 ne

40 2142 228 2181 Wesenberg.
261 2139 344 2171 Adn.
368 2141 466 2171 Tusc.
496 2140 521 2171 I.
557 2151 590 2181 p.
612 2139 666 2171 25.
701 2138 801 2170 docet

37 2196 103 2217 uon
121 2196 192 2216 esse
208 2183 471 2216 coniunctionem
487 2183 721 2222 concessivam,
743 2182 800 2214 sed

38 2241 162 2261 merum
176 2228 367 2261 adverbium
386 2229 587 2271 negativum,
612 2228 799 2261 coniuncti-

37 2286 113 2306 vum
135 2281 245 2306 autem
259 2285 332 2305 cum
354 2285 394 2305 eo
415 2274 575 2305 sociatum
600 2285 670 2305 esse
690 2274 800 2316 impe—

37 2319 206 2351 ratorium.
241 2320 282 2350 V.
307 2320 467 2358 Wopkens.
490 2319 600 2351 Lectt.
614 2318 702 2351 Tull.
726 2320 751 2359 1,
767 2320 798 2351 8.

38 2375 72 2406 p.
87 2363 141 2396 57.
176 2364 361 2395 Ramshorn.
381 2363 420 2393 L.
443 2363 500 2394 Gr.
524 2360 640 2405 §.194
663 2365 800 2396 Kilhner.

40 2408 79 2439 L.
102 2407 161 2441 Gr.
187 2405 310 2448 §.142
333 2407 412 2437 Not.
432 2406 463 2439 7.

104 2455 255 2492 quantum
277 2470 320 2474 —
345 2452 382 2482 de
415 2452 529 2482 doloris
551 2454 664 2483 terrore
687 2452 801 2483 deiece-

38 2498 95 2538 ris]
125 2497 161 2527 V.
184 2495 352 2527 Adnotata
375 2495 417 2526 ad
439 2496 462 2525 1.
481 2496 520 2533 ὅ,
550 2493 600 2528 16.

107 2542 135 2584 §.
157 2541 206 2573 15.
251 2551 312 2580 quo
333 2550 368 2572 ea
392 2550 439 2572 me
462 2541 594 2581 cunque]
630 2539 672 2571 N.
694 2540 733 2570 D.
760 2541 801 2571 ΙΙ.

38 2585 100 2624 30,
125 2585 186 2619 76:
224 2587 315 2625 quale
347 2584 382 2615 id
412 2594 530 2624 cunque
563 2591 622 2615 est.
672 2586 804 2616 Orellius

40 2636 209 2673 comparat
225 2629 364 2661 Sestian.
383 2630 436 2667 31,
457 2630 518 2663 θός
545 2630 628 2669 quod
647 2628 803 2659 iudicium

39 2684 166 2714 cunque.
202 2675 242 2706 V.
263 2676 419 2707 Kriezium
439 2673 482 2705 ad
506 2674 585 2705 Sall.
610 2674 680 2704 Cat.
702 2674 741 2711 V,
762 2671 800 2705 3:

43 2720 128 2750 cuius
148 2718 195 2750 rei
215 2721 294 2751 libet.
342 2721 474 2751 Ellendt.
495 2718 536 2750 ad
562 2718 596 2750 C.
617 2718 659 2749 de
683 2719 736 2749 Or.
762 2717 801 2748 11.

41 2760 97 2800 67,
113 2763 187 2796 271.
208 2763 282 2795 Vol.
299 2765 338 2796 ΙΙ.
360 2775 391 2805 p.
407 2762 482 2796 304.
516 2765 702 2795 Ramshorn.
728 2763 800 2793 Lat.

43 2806 102 2838 Gr.
125 2807 152 2847 ᾗ.
169 2807 244 2840 207.
291 2810 429 2841 Kilhner.
455 2810 483 2852 ξ.
498 2808 552 2840 ὃὸ.
579 2808 658 2838 Not.
678 2810 709 2839 2.

106 2850 182 2882 Cn).
194 2852 248 2883 VI.
274 2854 311 2884 cle
324 2855 529 2884 imbecillitate
541 2855 709 2884 mullorum
722 2852 800 2892 etc.]

42 2895 84 2928 H.
99 2905 126 2925 e.
148 2893 189 2926 de
207 2895 432 2929 imbecillitate
449 2897 629 2929 multorum
650 2895 801 2939 philoso-

41 2939 181 2982 phorum
217 2950 392 2985 eorumque
425 2953 443 2972 e
478 2941 575 2974 variis
611 2940 802 2983 disciplinis.

117 2992 164 3020 ed.
184 2998 301 3027 quarta.

240 865 256 898 1
284 866 337 898 Sic
360 878 473 898 omnes
494 865 568 897 libri
589 872 721 908 praeter
743 877 840 897 unum
868 867 916 905 R„
943 866 997 910 qui
1020 867 1118 898 habet
1138 877 1253 899 vacare
1275 869 1379 901 dolore
1422 869 1511 912 quod
1534 881 1607 902 cum

839 979 916 1009 Non
951 989 1033 1021 opus
1067 986 1116 1011 est
1150 991 1223 1011 curn
1248 981 1383 1013 Bentleio
1407 981 1516 1024 legere
1540 987 1567 1015 el
1590 993 1605 1016 e

837 1025 936 1055 variis
959 1025 1141 1064 disciplinis.
1178 1025 1339 1067 Apposite
1359 1028 1490 1059 Orellius
1511 1039 1605 1059 com-

838 1073 949 1110 parat:
986 1069 1079 1100 multi
1112 1076 1145 1100 et
1169 1069 1297 1111 magni,
1333 1071 1445 1104 πολλοί
1475 1082 1514 1104 τε
1546 1072 1605 1106 καὶ

838 1111 942 1145 καλοί.

905 1159 994 1188 Hunc
1012 1157 1096 1201 post]
1122 1157 1176 1189 Sic
1192 1157 1320 1200 saepius
1335 1159 1533 1200 pronomina
1549 1163 1604 1202 qui

838 1208 871 1232 et
894 1202 943 1232 hic
970 1201 1003 1231 in
1036 1202 1196 1234 enuntiati
1219 1203 1316 1235 initio
1340 1204 1603 1246 praepositioni-

838 1245 917 1284 bus,
943 1257 1003 1276 nec
1024 1252 1133 1277 tamen
1158 1247 1320 1286 omuibus,
1347 1249 1523 1289 praemissa
1544 1261 1600 1282 re-

838 1289 1018 1332 periuntur.
1068 1291 1122 1321 Sic
1146 1291 1232 1322 infra
1256 1293 1312 1324 IV.
1338 1293 1388 1330 17,
1413 1293 1474 1326 ὅδε
1511 1304 1602 1334 quem

837 1337 930 1365 ultra.
969 1336 1101 1367 Orellius
1120 1335 1233 1368 laudat
1256 1339 1389 1369 Gronov.
1414 1337 1601 1371 Observatt.

837 1379 894 1409 ΙΙΙ.
923 1377 971 1410 19.
997 1391 1029 1421 p.
1043 1377 1119 1412 455.
1147 1380 1236 1422 Lips.
1262 1388 1295 1412 et
1320 1383 1533 1415 Ruhnkenium
1557 1383 1601 1415 ad

837 1423 953 1454 Vellei.
988 1435 1021 1465 p.
1045 1421 1122 1456 574.
1140 1449 1147 1462 ,
1194 1427 1292 1456 Moser
1328 1428 1359 1456 C.
1385 1428 1528 1458 Beierum
1558 1427 1601 1459 ad

838 1467 904 1499 Cic.
930 1468 1092 1510 Fragmm.
1118 1480 1166 1500 or.
1197 1480 1258 1511 pro
1280 1469 1390 1500 Tullio
1415 1467 1467 1502 43.
1495 1483 1527 1514 p.
1545 1472 1598 1506 57.

834 1514 937 1545 Iahnii
963 1514 1079 1545 Annal.
1110 1513 1227 1545 Philol.
1258 1520 1291 1546 et
1315 1514 1477 1557 Paedagg.
1504 1515 1600 1549 1829.

836 1559 878 1588 11.
899 1556 930 1589 -‘1·.
955 1569 988 1600 p.
1005 1558 1082 1591 393.
1132 1559 1227 1590 Adde
1253 1561 1360 1599 Woph.
1382 1560 1492 1591 Lectt.
1515 1560 1602 1593 Tull.

839 1603 877 1634 ll.
895 1603 928 1635 ⁴2.
954 1615 986 1646 p.
1006 1603 1077 1636 178.
1112 1605 1208 1635 Kritz.
1229 1603 1270 1634 ad
1292 1604 1370 1635 Sall.
1391 1605 1459 1647 lug.
1480 1605 1552 1643 101,
1567 1606 1600 1639 8.

836 1645 960 1690 p.54·.›.
1009 1650 1136 1680 Ramsh.
1160 1649 1197 1679 L.
1224 1649 1281 1681 Gr.
1308 1650 1336 1692 ᾗ.
1354 1648 1426 1681 151.
1463 1651 1601 1682 Kilhner.

838 1693 875 1724 L.
901 1693 958 1724 Gr.
984 1693 1010 1735 §.
1034 1693 1104 1726 117.
1130 1693 1171 1724 Ν.
1190 1693 1222 1726 3.
1247 1693 1290 1734 c).

903 1739 1123 1779 Hieronymus]
1151 1737 1218 1769 Cic.
1242 1738 1344 1769 Acad.
1372 1740 1410 1769 11.
1434 1735 1489 1777 42,
1517 1738 1599 1772 131:

835 1791 950 1813 vacare
966 1785 1050 1814 omni
1066 1785 1204 1814 molestia
1220 1785 1425 1821 Hieronymus
1439 1795 1484 1814 sc.
1503 1784 1600 1815 finem

837 1838 906 1857 esse
921 1827 1058 1858 censuit.
1082 1827 1152 1858 Fiu.
1166 1828 1206 1858 V.
1225 1829 1257 1864 5,
1279 1829 1334 1858 14:
1361 1829 1601 1867 Hieronymum:

836 1882 932 1913 quem
964 1871 1028 1902 iam
1063 1882 1119 1901 cur
1146 1871 1398 1912 Peripateticum
1423 1872 1600 1914 appellem,

835 1915 968 1951 nesci03
999 1926 1161 1946 summum
1190 1915 1276 1946 enim
1300 1916 1423 1947 bonum
1449 1917 1602 1959 exposuit

834 1962 1022 1991 vacuitatem
1045 1961 1170 1991 doloris.

908 2008 1031 2044 praeter
1054 2006 1224 2043 Zenonem,
1249 2007 1440 2045 Aristonem,
1464 2008 1600 2045 Pyrrho-

833 2051 917 2089 nem]
953 2051 1062 2087 Zeno,
1099 2048 1232 2080 Stoicae
1256 2048 1451 2092 disciplinae
1472 2057 1598 2089 auctor,

835 2093 916 2124 nihil
937 2093 1060 2125 bonum
1084 2093 1145 2124 nisi
1166 2093 1394 2132 honestatem,
1420 2094 1503 2126 nihil
1525 2106 1600 2127 ma-

834 2138 901 2169 lum
923 2138 984 2169 nisi
1004 2137 1244 2180 turpitudinem
1267 2150 1338 2170 esse
1359 2139 1503 2171 dicebat.
1552 2141 1600 2172 De

834 2186 971 2215 Aristone
1003 2189 1036 2214 et
1061 2184 1218 2222 Pyrrhone
1242 2195 1272 2214 v.
1299 2184 1464 2216 Adnotata
1487 2191 1599 2216 nostra

834 2227 866 2259 in
894 2229 932 2259 V.
957 2228 1018 2267 250,
1045 2227 1098 2261 85.
1149 2227 1200 2259 Cf.
1230 2228 1333 2261 indic.
1359 2228 1505 2260 historic.

902 2273 930 2315 §i-
961 2271 1010 2305 16.
1055 2274 1212 2313 quaedam
1243 2275 1405 2314 9enerosa]
1442 2272 1599 2304 Similiter

834 2329 906 2349 cum
919 2317 1130 2348 excusatione
1141 2317 1303 2348 vocabulo
1315 2327 1490 2356 9enerosus,
1510 2315 1600 2359 quod

835 2362 970 2404 proprie
1011 2361 1132 2393 dicitur
1167 2361 1207 2392 de
1242 2361 1371 2402 generis
1411 2361 1599 2400 nobilitate,

836 2407 964 2439 Tullius
989 2417 1063 2437 usus
1093 2411 1142 2436 est
1166 2405 1257 2436 Lael.
1280 2404 1321 2442 9,
1346 2404 1407 2437 29:
1444 2405 1600 2438 humilem

835 2463 913 2483 sane
933 2450 1122 2492 relinquunt
1146 2456 1178 2480 et
1200 2448 1332 2480 minime
1352 2459 1544 2490 9enerosum,
1567 2455 1601 2483 ul

834 2499 879 2527 ila
900 2498 1015 2533 dicam,
1040 2500 1149 2525 ortum
1169 2493 1351 2525 amicitiae:
1376 2494 1430 2526 ubi
1453 2507 1483 2526 v.
1503 2497 1601 2528 Gorn-

836 2542 927 2572 hard.
948 2551 978 2581 p.
993 2539 1046 2571 71.
1081 2539 1171 2569 Brut.
1194 2538 1247 2576 75,
1264 2537 1348 2571 261:
1374 2539 1483 2571 forma
1501 2539 1601 2571 etiam

837 2583 1008 2626 magnilica
1031 2589 1065 2614 et
1087 2592 1235 2623 qenerosa
1257 2585 1496 2623 quodammodo.
1532 2585 1600 2616 Re-

836 2628 980 2671 spondet
995 2628 1123 2659 Graeeo
1143 2631 1309 2670 γενναῖος,
1335 2627 1377 2660 de
1400 2640 1465 2672 quo
1484 2641 1515 2660 v.
1535 2631 1600 2662 Ρα-

834 2676 923 2713 pium
948 2673 1027 2705 Lex.
1052 2672 1084 2703 h.
1103 2684 1134 2704 v.

915 2727 952 2749 ne
982 2719 1108 2759 scilicet]
1147 2718 1239 2749 Haec
1272 2724 1321 2749 est
1358 2718 1600 2762 elegantissima

836 2764 964 2794 Bentleii
993 2761 1180 2794 coniectura
1212 2774 1272 2804 pro
1299 2762 1430 2804 vulgata
1453 2773 1490 2795 ne
1514 2765 1599 2794 dolo-

836 2817 921 2847 rem,
963 2806 1083 2838 omisso
1117 2809 1238 2839 scilicet.
1298 2807 1403 2840 Codd.
1439 2807 1524 2838 enim
1558 2806 1597 2836 R.

839 2851 926 2883 Gud.
951 2852 978 2883 1.
999 2852 1031 2883 2.
1057 2853 1097 2883 11.
1129 2851 1271 2894 quinque
1298 2853 1379 2883 Oxx.
1403 2853 1492 2882 Mon.
1520 2851 1546 2882 1.
1567 2852 1600 2884 ¹2.

837 2895 957 2939 aliique
976 2895 1133 2928 exhibent
1151 2906 1188 2928 ne
1209 2906 1240 2927 se
1259 2898 1341 2934 ‹lol.,·
1367 2895 1470 2927 Marb.
1492 2904 1553 2926 non
1570 2904 1601 2926 se

837 2942 920 2979 dol.‚·
947 2940 1050 2972 Rehd.
1071 2951 1132 2973 non
1152 2943 1179 2972 si
1201 2942 1283 2972 dol.-
1308 2940 1384 2971 hinc
1398 2941 1493 2971 Bentl.
1517 2937 1601 2970 coni.

1241 3002 1285 3035 ¹5
