1832 3137
527 79 693 112 LissEn
719 80 758 111 v.
785 78 856 120 40,
890 79 1155 123 118.41,119.
1533 73 1617 116 475

59 164 258 197 aeteruum
281 155 374 195 nihil
395 156 587 197 sentiendi
603 160 620 184 ⁶
641 158 944 212 receptaculum.
1002 158 1238 200 Theodorus
1256 157 1495 214 Lysimacho
1513 177 1616 203 rnor-

59 236 136 269 tem
158 228 372 268 minitanti:
409 228 616 283 Maynum
637 243 759 280 vero,
790 230 927 284 inquit,
961 231 1158 284 effecisti,
1188 233 1226 272 εἰ
1246 232 1515 274 cantharidis
1533 236 1616 275 vim

59 306 308 342 consecutus
326 315 382 342 es.
445 308 541 342 118.
575 301 733 342 Paullus
755 301 901 342 Persi⁷
924 304 1172 357 deprecanti,
1206 318 1253 345 no
1277 305 1314 344 in
1337 305 1526 360 triumpho
1549 307 1618 346 du-

57 381 235 414 ceretur:
271 373 319 414 In
340 379 414 414 tna
435 375 479 415 td
503 375 703 428 quidem⁷
723 380 941 428 potestate
964 381 1038 416 est.
1098 375 1221 416 Multa
1243 378 1364 431 primo
1383 379 1467 429 die,
1501 393 1616 432 quum

57 447 106 487 de
130 446 214 501 ipsa
244 454 368 487 morte
391 461 694 500 quaereremus,
728 462 806 487 non
834 461 955 502 pauca
981 449 1096 489 etiam
1120 457 1299 504 postero,
1340 465 1454 504 quum
1481 465 1619 505 agere-

59 526 122 559 tur
144 520 190 559 de
219 520 377 571 dolore,
411 527 501 560 suut
518 519 617 560 dicta
644 521 690 560 de
715 527 864 570 morte,
899 534 997 573 quae
1016 522 1079 574 qui
1105 524 1355 575 recordetur,
1401 524 1498 564 haud
1522 538 1616 564 sane

59 592 270 646 periculum
303 601 386 643 est,
432 606 481 632 ne
506 606 583 632 non
614 599 777 632 mortem
809 598 875 632 aut
911 594 1114 647 optandam
1143 602 1208 635 ant
1234 603 1340 635 certe
1367 610 1445 636 non
1479 597 1616 637 timcn-

58 665 144 705 dam
177 671 298 719 putet.

170 735 288 777 XLI.
348 735 449 777 Mihi
481 737 632 790 quidem
664 737 704 777 in
727 736 806 777 vita
835 738 1030 778 servanda
1057 738 1212 778 videtur
1239 739 1301 779 illa
1329 740 1390 779 lex
1408 772 1418 791 ,
1460 742 1615 794 quaein

57 808 299 850 Graecorum
323 810 514 850 conviviis
535 809 782 850 obtinetur1.
843 809 930 851 Aut
950 810 1089 861 bibat,
1120 810 1267 865 inquit,
1301 817 1375 852 aut
1400 812 1549 853 abeat!
1579 821 1618 853 et

56 889 188 933 reote3
231 889 297 922 aut
325 883 426 922 enim
467 883 616 922 fruatur
641 882 779 936 aliquis
814 883 960 936 pariter
993 898 1078 923 cum
1111 884 1197 923 aliis
1228 884 1424 938 voluptate
1461 886 1616 938 potandi

56 960 143 1005 aut,
186 968 235 995 ne
269 955 423 995 sobrius
448 955 487 994 iu
516 955 740 995 violentiam
774 956 1060 996 vinolentorum
1091 956 1257 1006 incidat,
1302 964 1392 997 ante
1425 957 1613 998 discedat.

57 1025 125 1068 Sic
155 1027 316 1068 iniurias
349 1028 552 1078 fortunae,
597 1042 692 1081 quas
738 1028 842 1068 ferre
885 1042 1080 1082 nequeas,
1126 1029 1358 1082 defugiendo
1401 1030 1612 1083 relinquas.

58 1099 167 1140 llaec
206 1101 363 1151 eadem,
406 1115 503 1154 quae
544 1099 762 1155 Epicurus,
806 1100 965 1140 totidem
1002 1101 1133 1141 verbis
1170 1102 1261 1141 dicit
1297 1101 1612 1157 Hieronymus&

61 1179 153 1214 119.
188 1171 302 1226 Quod
333 1174 365 1214 si
390 1174 437 1213 iis
472 1173 759 1228 philosophisss,
806 1188 967 1227 quorum
1001 1188 1047 1214 ea
1072 1173 1266 1214 sententia
1293 1182 1374 1226 est,
1415 1181 1456 1214 ut
1491 1175 1614 1215 virtus

148 1271 169 1306 6
193 1274 247 1306 Sic
269 1276 323 1307 Or.
347 1285 373 1305 c.
401 1274 437 1305 R.
460 1274 495 1305 P.
520 1272 606 1304 Gnd.
634 1273 663 1305 1.
688 1273 719 1304 b.
746 1273 882 1316 aliisque
903 1284 964 1316 pro
986 1273 1071 1315 vulg.
1095 1277 1251 1307 sentienti:
1275 1274 1364 1317 quod
1386 1274 1533 1317 ineptum
1554 1281 1614 1305 est.

56 1317 265 1396 ZtviIiZdn.3
287 1317 419 1395 §1:1¹an
449 1330 478 1349 v.
502 1318 585 1351 Adn.
633 1316 654 1349 2
679 1318 732 1350 Sic
754 1320 808 1349 Or.
834 1329 860 1349 c.
885 1319 922 1350 R.
946 1319 980 1350 P.
1008 1318 1136 1352 Gud.1.
1157 1318 1187 1350 2.
1212 1320 1242 1351 b.
1266 1319 1401 1362 aliisque
1423 1319 1532 1350 multis
1555 1330 1614 1362 pro

57 1433 123 1462 sius
147 1436 325 1473 comparat.
352 1431 467 1461 Senec.
496 1429 538 1460 de
561 1430 685 1472 Tranq.
720 1440 747 1461 c.
770 1428 822 1463 14.

57 1475 167 1508 Valet.
189 1477 278 1507 Max.
304 1475 358 1506 VI.
383 1474 415 1513 2,
428 1474 459 1507 3.
486 1474 695 1505 Stob.Serm.
718 1474 822 1514 11‚31.

65 1520 117 1552 cf.
141 1531 239 1563 supra
264 1520 287 1551 1.
312 1516 368 1552 43.
393 1531 442 1562 pr.

856 1429 963 1471 legem
985 1428 1122 1460 firmiter
1142 1435 1272 1465 tenere3
1300 1441 1378 1471 ergo
1403 1429 1541 1461 dicitur:
1567 1432 1617 1462 lex

856 1475 1005 1506 obtinetur
1029 1485 1108 1516 pro:
1133 1474 1186 1505 lex
1208 1474 1307 1505 valet.
1343 1475 1382 1505 V.
1407 1476 1563 1506 Klotzium
1585 1474 1616 1505 in

856 1519 966 1550 Lectt.
986 1518 1073 1550 Tull.
1096 1519 1118 1551 l.
1145 1529 1175 1560 p.
1194 1518 1266 1551 1⁴23.
1281 1544 1289 1559 ,
1315 1518 1369 1561 qui
1390 1525 1480 1549 recte
1498 1518 1617 1561 vulga-

126 1567 154 1608 §.
180 1565 251 1598 lle.
287 1564 389 1606 Persi]
426 1563 480 1595 Sic
504 1563 540 1594 R.
564 1563 597 1595 P.
626 1563 712 1594 Gud.
740 1563 819 1602 1.,2.

58 1609 151 1641 Mon.
177 1610 204 1642 1.
222 1610 253 1641 2.
280 1607 385 1639 Rehd.
410 1607 522 1639 Dnisb.
545 1614 612 1638 tres
637 1610 716 1640 Oxx.
741 1619 821 1639 unus

59 1653 157 1686 Leid.
181 1653 271 1685 Med.
294 1654 380 1684 Petr.
403 1652 453 1683 ed.
477 1658 542 1684 vet.
558 1652 680 1689 Bouh.;
718 1654 772 1684 Or.
794 1664 822 1684 c.

59 1698 148 1741 vulg.
170 1701 294 1731 Persae.
328 1698 367 1728 V.
392 1697 433 1728 ad
459 1699 482 1728 Ι.
505 1694 568 1735 4⁴3,
593 1697 664 1729 101.
712 1697 761 1727 De
785 1708 822 1728 re

58 1745 200 1775 Menhius
213 1743 245 1774 in
261 1742 419 1775 Observv.
432 1741 521 1772 ined.
537 1752 643 1784 comp.
656 1741 821 1773 Plutarch.

58 1787 176 1820 Aemil.
193 1787 306 1819 Paull.
331 1798 358 1818 c.
378 1786 432 1819 3⁴.

126 1835 162 1865 ln
193 1835 246 1864 tua
278 1833 312 1863 id
347 1832 471 1871 quidem
503 1834 650 1870 potestate
684 1832 749 1872 est]
787 1830 820 1861 in

58 1877 226 1920 triumpho
249 1887 316 1907 non
336 1875 421 1913 duci,
448 1887 545 1918 quum
569 1875 654 1906 hanc
676 1875 818 1917 ignomi-

57 1922 145 1954 niam
168 1928 275 1953 morte
307 1920 409 1963 possis
432 1920 566 1951 evitare.
613 1920 676 1950 Pro
698 1921 731 1950 id
753 1922 822 1960 qui-

58 1969 128 1999 dem
152 1965 312 2008 plurimae
346 1964 420 1995 edd.
447 1971 527 1996 vett.
562 1964 685 1995 habeut
716 1965 750 1995 id
773 1967 820 1995 in-

58 2014 144 2052 quit,
167 2016 202 2041 et
223 2009 372 2041 nonnulli
397 2008 495 2040 codd.
520 2008 699 2040 deteriores
723 2011 820 2049 inquit

57 2058 92 2088 id
113 2061 168 2087 aut
194 2056 228 2086 id
248 2056 372 2095 quidem
394 2056 502 2093 inquit.
550 2057 593 2085 At
614 2053 748 2085 verbum
773 2056 821 2084 in-

58 2102 124 2141 quit
145 2110 210 2131 non
233 2109 307 2130 raro
332 2098 505 2131 omittitur.
545 2098 597 2131 Cf,
626 2100 648 2130 1.
667 2096 721 2135 43,
740 2096 819 2129 ¹04:

58 2144 113 2176 ubi
138 2156 168 2176 v.
183 2143 266 2175 Adn.
289 2144 329 2175 V.
354 2144 409 2182 35,
430 2143 484 2176 96.
521 2143 572 2174 Cf.
589 2144 723 2175 Wesenb.
737 2141 821 2173 Adn.

58 2191 157 2222 Tusc.
184 2200 215 2231 p.
235 2187 284 2220 16.

125 2243 204 2274 quae
217 2235 270 2273 qui
290 2232 480 2275 recordetur]
507 2231 742 2263 Coniunctivus
756 2242 821 2273 po-

58 2278 152 2320 situs,
167 2277 241 2320 quia
259 2277 340 2308 haec
363 2277 544 2308 enuntiatio
565 2277 607 2308 ad
627 2283 820 2318 sequentem

59 2322 319 2354 enuntiationem
348 2321 566 2363 pendentem:
615 2331 652 2352 ne
674 2339 717 2344 —-
737 2324 821 2359 putet

59 2367 162 2398 relata
197 2373 256 2397 est.
306 2365 356 2396 Cf.
389 2365 496 2396 Divin.
521 2367 541 2397 Ι.
565 2364 627 2403 ὓὸ,
654 2365 732 2397 127:
768 2366 822 2403 qui

60 2411 146 2442 enim
184 2414 283 2442 teneat
316 2420 443 2440 caussas
483 2420 591 2440 rerum
627 2408 820 2447 suturarum,

58 2455 147 2488 idem
170 2465 302 2486 necesse
321 2460 370 2485 est
394 2453 503 2484 omnia
527 2457 638 2492 teneat,
662 2464 743 2495 quae
767 2454 822 2483 fu·-

59 2507 133 2532 tura
157 2499 235 2531 sint.
269 2500 309 2530 V.
331 2500 528 2539 Madvigium
549 2498 592 2529 ad
616 2497 686 2528 Fin.
710 2497 821 2536 11.·37,

60 2544 115 2579 86.
166 2543 264 2577 .”.’91.

130 2556 209 2621 ἕω».
231 2589 323 2619 XLl.
361 2588 524 2628 obtinetur]
561 2586 617 2617 W.
643 2587 696 2617 Or.
720 2587 777 2617 Tr.
805 2597 822 2615 e

62 2634 144 2666 Dav.
169 2632 254 2666 coni.
279 2635 401 2671 obtinet,
426 2632 472 2663 uti
492 2630 612 2673 legitur
635 2630 667 2661 in
692 2630 822 2662 Gudfl.

63 2685 96 2710 et
129 2678 261 2714 Marb.;
301 2677 374 2708 cod.
402 2676 451 2707 El.
485 2678 672 2714 continetur,·
706 2674 823 2717 reliqui

64 2733 176 2754 omnes
211 2722 284 2753 libri
310 2729 343 2753 et
377 2721 489 2763 scripti
515 2728 546 2750 et
572 2719 650 2749 editi
675 2721 824 2750 obtinetur

65 2777 116 2819 (R.
132 2769 244 2809 obtine?
259 2776 508 2817 i.e.obtinetur].
532 2775 735 2806 Rectissime.
758 2777 823 2804 An-

63 2832 138 2853 reae
171 2822 254 2852 enim
288 2822 405 2853 aetatis
448 2821 624 2862 scriptores
669 2820 823 2850 obtinendi

63 2866 198 2897 verbum
223 2877 384 2908 uunquam
418 2864 626 2896 intransitive
655 2869 822 2905 usurpant,

64 2910 122 2941 sed
143 2921 273 2953 semper
292 2910 473 2943 transitivo.
500 2912 610 2949 Legem
627 2911 758 2940 obtinere
774 2914 822 2939 est

856 1570 924 1594 tam
948 1562 1101 1594 defendit
1123 1563 1347 1606 exemplisque
1369 1563 1557 1602 illustravit,
1582 1570 1617 1595 et

859 1610 992 1640 1=Vesenb.
1018 1609 1089 1638 Em.
1113 1609 1152 1639 11.
1179 1619 1209 1649 p.
1223 1608 1278 1641 57.
1314 1609 1419 1650 Supra
1442 1608 1467 1640 Ι.
1489 1607 1615 1645 12,26;

856 1653 1074 1689 sententiam,
1101 1663 1198 1695 quam
1222 1651 1269 1683 vis
1298 1655 1435 1684 obtineri.
1485 1652 1556 1684 Fin.
1579 1653 1616 1683 ll.

855 1696 909 1735 33,
939 1697 1017 1730 107:
1052 1696 1133 1727 illud
1157 1703 1265 1728 autem
1288 1697 1392 1738 ipsum
1416 1697 1472 1739 qui
1491 1699 1618 1728 obtineri

855 1747 977 1783 potest.
1019 1741 1131 1772 Partit.
1155 1747 1237 1771 orat.
1261 1741 1315 1778 37,
1342 1741 1421 1773 13οῖ
1448 1752 1531 1783 quae
1555 1753 1615 1772 au-

854 1791 923 1816 tem
945 1784 1066 1827 scripta
1089 1796 1154 1817 non
1177 1791 1274 1825 sunt,
1298 1791 1354 1815 aut
1379 1785 1616 1816 consuetudine

855 1835 910 1861 aut
935 1829 1105 1860 conventis
1138 1829 1306 1860 hominum
1340 1835 1373 1860 et
1406 1829 1497 1872 quasi
1531 1840 1616 1861 con—

855 1885 951 1905 sensu
977 1877 1148 1906 obtinentur
1182 1877 1230 1915 (nt
1264 1873 1374 1915 paullo
1390 1880 1493 1912 ante:
1533 1885 1616 1916 qnae

855 1918 925 1949 sine
946 1918 1063 1949 litteris
1088 1925 1143 1950 aut
1172 1918 1317 1960 gentium
1338 1918 1408 1950 iure
1430 1925 1486 1949 aut
1508 1918 1614 1949 maio-

856 1974 927 1994 rum
957 1974 1049 1994 more
1078 1963 1270 2003 retinentur).
1327 1963 1391 1994 Off.
1420 1964 1442 1994 l.
1465 1962 1528 2002 21,
1550 1961 1614 1994 254:

856 2007 945 2046 quod
969 2008 1130 2051 (regnum)
1154 2007 1326 2039 aTantalo
1348 2014 1380 2039 et
1394 2007 1515 2050 Pelope
1535 2018 1615 2049 pro—

855 2052 959 2083 ditum
984 2052 1054 2083 iure
1077 2054 1278 2085 obtinebatur.

924 2099 983 2128 Aut
1007 2099 1089 2128 bibat
1112 2100 1166 2127 aut
1189 2098 1293 2137 abeat]
1332 2097 1459 2127 Graece
1494 2091 1519 2138 ἦ
1542 2096 1618 2128 πῖθι

854 2137 879 2183 ἦ
914 2137 1019 2175 ἄπιθι.
1070 2141 1215 2183 (Nobis:
1254 2141 1338 2172 sauf'
1374 2140 1456 2172 oder
1489 2140 1614 2181 laus’!)

858 2188 981 2218 Erasm.
1007 2185 1110 2228 Adag.
1140 2185 1222 2216 Chil.
1250 2187 1272 2216 l.
1300 2192 1385 2216 cent.
1410 2186 1464 2224 X,
1490 2184 1544 2218 47.

924 2244 952 2285 &5-
980 2240 1050 2274 119.
1089 2242 1178 2279 Quod
1209 2243 1235 2271 si
1265 2243 1303 2271 iis
1330 2240 1534 2282 philosophis]
1561 2241 1615 2270 Or.

857 2286 979 2317 edidit:
1015 2287 1097 2325 quod
1117 2287 1143 2315 si
1166 2286 1189 2315 it
1212 2286 1402 2323 philosophi,
1438 2283 1483 2314 uti
1513 2290 1563 2314 est
1583 2283 1617 2314 in

856 2332 930 2361 Vat.
954 2330 1056 2360 tribus
1089 2328 1168 2359 Pall.
1193 2335 1295 2370 quatt.
1318 2331 1398 2359 Oxx.
1449 2329 1518 2369 Ego
1544 2339 1617 2359 cum

856 2377 975 2406 Klotzio
1008 2373 1171 2415 vulgatam
1211 2372 1385 2410 revocavi,
1434 2373 1618 2403 orationem

856 2416 1078 2452 ἅνακὸλουὶῖον
1111 2428 1181 2447 esse
1210 2424 1368 2448 statuens.
1419 2417 1554 2448 Dativos
1578 2419 1617 2448 iis

854 2465 1043 2503 philosophis
1054 2462 1180 2493 Tullius
1206 2461 1323 2503 posuit,
1339 2473 1437 2503 quum
1457 2461 1489 2492 in
1506 2468 1616 2492 mente

857 2508 993 2538 haberet
1019 2506 1181 2537 scribere:
1226 2510 1328 2537 tamen
1361 2508 1465 2538 licet
1499 2515 1618 2545 semper

857 2555 979 2583 beatum
1013 2560 1131 2583 censere
1169 2546 1231 2581 esse
1264 2552 1432 2590 sapientem
1443 2561 1453 2590 ;
1496 2549 1617 2581 deinde

857 2603 964 2627 autem
1002 2602 1077 2638 post
1111 2595 1294 2636 longiorem
1330 2594 1615 2636 interpositionem

857 2640 1027 2671 institutae
1039 2646 1220 2671 structurae
1231 2639 1350 2670 oblitus
1364 2639 1501 2670 alteram
1514 2650 1616 2669 enun-

858 2684 1003 2715 tiationis
1029 2691 1154 2726 purtem
1191 2694 1254 2715 non
1282 2683 1390 2715 verbis
1411 2683 1615 2715 anteceden—

859 2729 944 2759 tibus
970 2732 1007 2760 iis
1025 2731 1214 2768 philosophis
1234 2728 1460 2759 accommodat
1483 2734 1514 2757 «fl
1535 2726 1613 2755 snb-

859 2773 983 2815 iungit,
1018 2774 1095 2812 sed,
1122 2773 1211 2816 quasi
1239 2780 1390 2815 coeptum
1413 2769 1615 2801 minutiatio-

859 2830 933 2849 nem
952 2818 1015 2849 iam
1039 2818 1217 2850 absolverit
1239 2817 1281 2848 ad
1306 2817 1466 2857 linomquo
1490 2813 1614 2856 perdu—

857 2862 960 2901 xerit,
996 2869 1150 2906 tanquam
1173 2862 1333 2903 integram
1356 2858 1614 2891 enuntiationem

858 2919 915 2950 per
937 2912 964 2940 et
985 2908 1143 2950 adiungit.
1189 2906 1294 2938 Etiam
1317 2916 1354 2935 cx
1378 2904 1441 2936 hoc
1463 2903 1537 2935 loco
1555 2913 1613 2945 ap-
