1863 3221
229 104 312 148 386
800 103 966 137 Lissa
991 103 1047 136 iv.
1073 100 1136 143 36,
1160 101 1216 136 77.

236 191 551 238 monstrandum,
597 185 738 226 nullam
769 196 858 223 esse
883 181 958 222 nisi
986 180 1246 235 opinabilem,
1287 179 1362 220 nisi
1389 179 1531 221 iudicio
1552 186 1788 234 susceptam,

237 266 310 307 nisi
337 260 610 307 voluntariam.
673 255 830 296 Etenim
849 255 882 295 si
903 254 1091 294 naturalis
1112 267 1221 293 amor
1241 259 1368 303 esset,
1402 260 1441 293 et
1459 259 1634 293 amarent
1656 264 1791 293 omnes

238 347 276 380 et
296 349 450 391 semper
476 337 651 374 amarent
673 336 712 369 et
731 329 831 369 idem
851 334 1052 391 amarent,
1086 339 1211 380 neque
1234 325 1349 366 alium
1372 326 1516 381 pudor,
1549 325 1665 365 alium
1687 324 1792 378 eogi-

239 411 353 460 tatio,
387 408 501 448 alium
533 403 693 445 satietas
724 402 956 442 deterreret.

347 476 552 521 XXXVI.
596 482 664 518 77.
698 473 763 515 Ira
781 487 892 525 vero,
926 475 1052 526 quael
1074 485 1187 525 quam
1207 471 1271 511 diu
1289 471 1488 526 perturbat
1506 468 1691 520 animum,
1725 469 1794 509 (lu-

239 554 463 596 bitationem
488 548 664 591 insaniae
686 561 764 588 non
793 546 910 587 habet
939 569 992 575 —
1023 544 1132 585 cuius
1163 544 1330 598 impulsu
1364 543 1524 584 exsistit
1548 542 1664 584 etiam
1694 543 1797 582 inter

241 629 256 667 f
257 634 381 668 ratres
414 626 487 666 tale
518 623 683 677 iurgium
699 638 708 662 ε

353 703 443 751 Quis
472 700 577 737 homo
609 704 643 735 te
671 697 913 746 exsuperavit
940 693 1126 744 usquam2
1155 694 1324 741 gentium
1354 692 1579 742 impudentia
1593 693 1611 727 ?

353 775 442 823 Quis
472 778 593 809 autem
622 771 765 808 malitia
795 775 829 805 te
846 769 897 805 ³?

241 846 383 895 Nosti,
417 857 515 897 quae
544 842 815 895 sequuntur43
859 837 1019 878 alternis
1044 837 1146 877 euim
1183 836 1360 878 versibus
1393 836 1668 889 intorquentur
1694 834 1796 874 inter

242 922 383 960 fratres
404 915 660 970 gravissimae
679 911 957 960 contumeliae,
993 917 1034 950 ut
1055 910 1167 949 facile
1194 916 1400 964 appareat,
1434 909 1547 948 Atrei
1568 907 1666 948 filios
1690 920 1795 955 esse,

244 994 327 1034 eius
359 990 422 1044 qui
454 988 658 1028 meditatur
688 998 852 1039 poenam
883 984 921 1022 in
954 984 1112 1022 tratrem
1143 996 1308 1021 novam:

338 1095 503 1128 XXXVI.
552 1091 568 1123 1
595 1103 626 1122 v.
650 1090 737 1122 Adn.

795 1088 816 1120 2
841 1088 895 1119 Sic
917 1089 971 1119 Or.
993 1099 1010 1118 e
1038 1086 1143 1118 Bentl.
1167 1086 1275 1125 coni.‚
1312 1093 1345 1118 et
1370 1086 1417 1118 sic
1449 1092 1532 1129 sept.
1558 1088 1638 1116 Oxx.
1665 1088 1729 1129 pro'
1745 1096 1803 1117 un-

247 1152 361 1185 quam,
385 1138 475 1182 quod
496 1135 657 1169 latinitati
678 1139 849 1178 repugnat.
898 1131 920 1165 3
945 1144 976 1165 v.
1001 1131 1087 1164 Adn.
1113 1131 1174 1163 ad:
1203 1133 1280 1171 Quis
1299 1133 1398 1163 homo.
1445 1130 1467 1163 4
1492 1130 1577 1162 Gud.
1604 1131 1633 1162 1.
1658 1132 1751 1162 Mon.
1770 1134 1803 1162 2.

247 1193 328 1230 Aug.
353 1188 506 1218 secuntur.

250 1251 427 1287 curationis
450 1261 550 1293 genus
574 1257 831 1280 commemorare
856 1245 926 1277 vult
950 1244 1006 1276 Ci-

251 1310 346 1337 cero,
371 1296 430 1328 sed
448 1293 672 1327 antecedentis
695 1291 879 1324 sententiae
902 1290 1007 1322 ratio-

250 1354 325 1376 nem
349 1341 498 1374 reddere.

319 1387 397 1418 CAP.
410 1385 578 1416 XXXVI.
604 1381 698 1426 §.77.
722 1390 800 1421 quae
819 1390 914 1420 quam
937 1378 1007 1421 diu]

251 1432 304 1464 Sic
336 1433 390 1462 Or.
418 1441 445 1460 c.
472 1427 621 1460 omnibus
653 1426 724 1456 fere
759 1424 875 1461 codd„
912 1424 1009 1454 etiam

253 1475 387 1519 optimis
409 1474 445 1505 R.
458 1473 492 1504 P.
507 1471 592 1503 Gud.
609 1472 635 1503 1.
650 1470 682 1501 b.
706 1476 739 1500 et
752 1467 917 1500 nonnullis
933 1467 1008 1499 edd.

252 1527 354 1555 vett.3
378 1516 473 1561 pauci
495 1515 635 1548 codd.et
646 1514 821 1557 pleraeque
839 1512 914 1544 edd.
929 1518 1011 1543 vett.

253 1576 318 1598 om.
341 1573 442 1605 quae,-
476 1563 551 1592 Ern.
573 1572 599 1591 c.
627 1559 732 1590 Bentl.
756 1561 805 1590 ira
826 1567 896 1590 vero
917 1567 1012 1596 quum

254 1612 330 1650 diu5
353 1608 435 1640 aliae
457 1606 531 1637 edd.
542 1610 622 1636 vett.
638 1607 686 1636 ira
702 1613 731 1635 v.
742 1612 923 1642 quanquam
936 1603 1011 1640 diu;

253 1656 309 1687 Tr.
325 1662 404 1694 quae
425 1651 514 1682 uncis
536 1649 646 1681 cinxit.
686 1647 776 1679 Nihil
801 1646 1011 1678 movendum.

254 1699 367 1730 Oratio
387 1693 612 1731 dvuz<5>.0u‘:0;
635 1699 702 1729 est3
733 1691 836 1723 altera
857 1690 1011 1722 enuntia-

252 1743 352 1774 tionis
381 1751 454 1783 pars
480 1740 560 1770 latet
580 1738 613 1768 in
637 1736 744 1769 verbis
769 1739 856 1768 cuius
876 1737 1012 1774 impulsu

253 1794 316 1819 etc.
361 1785 470 1817 Etiam
495 1785 629 1814 Wesenb.
655 1784 679 1813 1.
704 1793 736 1823 p.
761 1784 815 1812 24.
844 1790 922 1820 quae
949 1779 1011 1809 de-

254 1830 345 1864 fendi
368 1841 464 1872 posse
486 1834 599 1870 putat,
624 1826 683 1858 sed
705 1826 762 1863 ita,
789 1832 824 1856 ut
848 1824 1011 1855 sententia

253 1888 312 1920 per
333 1872 575 1906 anacoluthiam
598 1873 624 1913 Q.
640 1871 693 1904 79.
716 1869 937 1901 continuetur.
971 1869 1010 1899 V.

254 1921 297 1952 ad
318 1918 371 1956 34,
399 1919 460 1951 7⁴3:
485 1917 535 1948 sin
560 1923 679 1947 autem.

319 1964 540 1995 dubitationem
555 1963 696 1993 insaniae
713 1969 775 1990 non
797 1959 899 1998 habet]
926 1958 967 1988 H.
984 1968 1011 1988 e.

254 2020 336 2052 quae
350 2006 492 2038 dubitari
513 2016 578 2036 non
595 2011 706 2046 potest
726 2003 804 2046 quin
825 2003 867 2033 sit
888 2003 1010 2034 insana.

252 2055 350 2084 Hunc
373 2051 464 2081 verbi
488 2051 620 2080 habendi
643 2059 734 2078 usum
760 2046 910 2078 Ciceroni
934 2046 1013 2077 satis

256 2096 450 2129 familiarem
474 2096 573 2124 Moser
597 2093 645 2123 his
667 2092 809 2122 illustrat
834 2091 1010 2133 exemplis:

255 2143 357 2183 Legg.
383 2140 423 2170 11.
453 2139 510 2174 lt),
538 2136 598 2167 24:
636 2136 716 2166 deos
740 2143 796 2166 aut
819 2146 924 2165 novos
957 2141 1013 2166 aut

253 2185 450 2226 alienigenas
485 2181 547 2212 coli
581 2182 787 2220 confusionem
810 2181 899 2210 habet
932 2179 1011 2210 reli-

252 2230 394 2274 gionum.
428 2226 470 2257 ad
494 2227 583 2256 Fam.
606 2225 649 2262 X,
679 2228 735 2257 10²:
763 2235 845 2266 quae
870 2235 921 2254 res
944 2225 1013 2254 nul-

253 2279 317 2307 lam
341 2274 470 2305 habebat
491 2272 721 2301 dubitationem.
748 2279 852 2310 comp.
874 2270 896 2299 Ι.
918 2269 1013 2299 Vorst.

255 2320 295 2351 de
326 2316 434 2349 Latin.
462 2326 549 2356 susp.
585 2325 616 2355 p.
640 2314 701 2346 170
714 2324 785 2355 sqq.
832 2311 925 2343 Adde
956 2314 1012 2343 Ill.

257 2365 308 2401 13,
326 2363 368 2395 ¹27
383 2373 388 2391 ;
414 2362 501 2391 habet
525 2360 668 2389 ardorem
684 2357 799 2388 libido.
831 2357 869 2388 V.
887 2357 935 2394 13,
948 2356 1011 2389 35:

252 2418 335 2450 quae
349 2407 458 2437 habent
482 2405 621 2442 aliquam
642 2404 903 2441 comparationem
922 2401 968 2443 (h.
984 2412 1012 2431 e.

254 2452 362 2494 aliquo
384 2448 484 2480 modo
503 2446 685 2490 comparari
697 2453 835 2488 possunt
848 2452 922 2476 aut:
948 2445 1011 2476 ali-

254 2507 350 2537 quam
372 2492 652 2534 comparutionem
671 2490 877 2529 admittunt).
901 2496 934 2521 et
948 2491 1012 2521 Ba-

255 2541 340 2570 hium
358 2538 398 2568 ad
418 2538 509 2578 Legg
543 2538 583 2567 Il.
605 2535 659 2574 26,
680 2535 734 2568 65.
761 2542 795 2566 et
808 2537 1011 2567 Schoemann.

255 2583 297 2614 ad
328 2583 369 2613 N.
393 2582 431 2611 D.
468 2583 489 2611 t.
511 2582 551 2617 ζ»,
582 2581 631 2611 12.
681 2581 729 2610 De
758 2580 887 2611 Graeco
925 2578 1010 2622 ἔχω

255 2639 285 2659 ν.
309 2637 368 2658 nos
391 2625 433 2655 ad
456 2625 542 2655 Xen.
567 2624 787 2655 commentar.
812 2625 867 2655 ΙΙΙ.
896 2624 954 2663 11,
977 2623 1009 2655 4.

254 2678 288 2703 et
312 2670 354 2702 ad
380 2668 482 2700 Anab.
507 2669 561 2698 Vl.
592 2670 627 2705 l,
651 2667 684 2700 9.

323 2716 399 2754 Quis
414 2713 516 2752 honio]
545 2712 663 2741 Versus
684 2712 824 2743 iambici.
851 2712 893 2743 Hi
909 2718 941 2743 et
955 2723 1009 2743 se-

256 2765 394 2803 quentes
417 2767 525 2787 veisus
541 2766 579 2785 ex
595 2756 680 2786 Accii
692 2760 793 2787 Atreo
810 2757 904 2799 petiti
923 2763 1009 2788 sunt.

255 2806 297 2835 V.
321 2806 465 2836 Diintzer.
487 2800 518 2830 in
544 2799 795 2830 Zimmermanni
825 2801 1010 2832 Alterthsw.

256 2850 354 2880 Mart.
380 2847 471 2879 ledii.
494 2844 606 2876 unffi.
632 2855 664 2885 p.
677 2845 883 2876 292—295.
913 2846 1010 2877 Prio-

254 2905 322 2926 rem
347 2891 428 2923 dicit
454 2893 672 2931 Agamemno,
697 2888 911 2930 posteriorem
933 2891 1009 2920 Me-

254 2938 377 2970 uetans.
416 2935 567 2966 Ceterum
589 2932 694 2964 hiatus
716 2932 936 2964 observandus
960 2940 1008 2965 est

1041 1249 1068 1276 te
1087 1254 1218 1285 exsup:
1242 1255 1338 1287 quem
1359 1243 1490 1274 sustulit
1503 1244 1629 1275 Bothius
1648 1241 1679 1274 in
1694 1243 1800 1274 Poett.

1043 1291 1162 1321 Scenu.
1197 1301 1229 1332 p.
1256 1289 1351 1327 152,
1389 1300 1487 1331 quum
1510 1288 1641 1330 scripsit
1663 1289 1712 1319 ted
1736 1297 1799 1318 exs.

1046 1334 1134 1365 ldem
1158 1346 1227 1376 seq.
1252 1345 1282 1365 v.
1306 1332 1454 1375 scripsit:
1501 1335 1576 1372 Quis
1599 1334 1722 1363 malitia
1744 1342 1803 1363 att-

1043 1383 1102 1410 tem
1122 1381 1175 1410 te?
1202 1378 1391 1409 Bouhierius
1414 1378 1461 1408 sic
1481 1376 1700 1419 transposuit:
1726 1377 1802 1414 Quis

1044 1427 1070 1454 te
1094 1427 1197 1453 autem
1220 1424 1320 1453 mat?

1111 1465 1334 1509 intorquentur]
1360 1466 1399 1497 V.
1417 1465 1459 1497 ad
1485 1467 1542 1497 III.
1558 1464 1612 1504 26,
1633 1464 1686 1498 63:
1710 1466 1805 1496 verba

1045 1515 1227 1551 contorquet.
1274 1512 1324 1542 De
1352 1521 1421 1553 seq.
1454 1513 1519 1542 eius
1544 1512 1597 1550 qui
1629 1520 1659 1540 v.
1684 1508 1727 1540 ad
1751 1510 1805 1541 tv.

1048 1557 1063 1588 l
1077 1581 1085 1596 ‚
1112 1558 1141 1587 Δ.

1113 1603 1146 1632 in
1168 1601 1312 1641 fratrem]
1345 1599 1537 1642 Thyestem.

1115 1658 1216 1687 Maior
1232 1657 1315 1686 mihi
1339 1657 1452 1694 moles,
1491 1656 1595 1686 maius
1618 1655 1808 1686 miscendum

1045 1702 1178 1741 malum]
1216 1700 1362 1731 Observa
1384 1698 1576 1743 παρήχησιν
1601 1706 1656 1731 aut
1680 1699 1806 1730 allittc-

1046 1745 1228 1782 rationem,
1265 1756 1360 1786 quam
1384 1752 1526 1782 vocant,
1563 1756 1580 1775 a
1605 1747 1704 1787 poeta
1728 1743 1760 1775 h.
1785 1744 1806 1774 l.

1045 1801 1170 1821 summa
1196 1790 1226 1820 vi
1256 1789 1299 1820 ad
1322 1800 1390 1820 rem
1424 1789 1628 1820 teterrimam
1661 1789 1806 1831 graviter

1045 1834 1288 1877 depingendam
1307 1833 1499 1865 adhibitam.
1528 1835 1566 1864 V.
1579 1833 1622 1865 ad
1644 1835 1668 1866 Ι.
1683 1834 1802 1871 ὂό,ὅ5.

1045 1880 1165 1910 Versus
1190 1885 1299 1910 autem
1331 1886 1406 1909 sunt
1429 1878 1583 1916 iambici,
1619 1889 1658 1909 ex
1690 1877 1803 1908 eadem

1046 1923 1158 1955 fabula
1188 1923 1294 1966 petiti.
1341 1925 1467 1955 Miscere
1490 1925 1608 1954 malum
1641 1922 1807 1964 eleganter

1046 1968 1180 1999 dictum.
1217 1968 1270 1999 Sic
1287 1968 1381 1999 Catil.
1396 1969 1449 1999 lV.
1473 1968 1506 2005 ὃ,
1527 1967 1567 1999 6:
1595 1978 1679 1998 nova
1702 1978 1805 2009 quae-

1046 2013 1122 2044 dam
1154 2015 1275 2045 misceri
1307 2020 1340 2044 et
1376 2012 1532 2044 concitari
1556 2014 1643 2043 mata
1670 2011 1805 2054 iampri-

1047 2057 1122 2088 dem
1145 2057 1308 2089 videbam.
1357 2059 1483 2097 Wolfius
1506 2057 1641 2088 verbum
1657 2058 1806 2088 miscendi

1047 2113 1106 2144 per
1122 2113 1256 2144 zeugma
1279 2102 1376 2133 etiam
1397 2102 1438 2133 ad
1454 2104 1564 2132 molem
1580 2101 1720 2132 relatum
1734 2112 1804 2132 esse

1047 2153 1179 2182 monet;
1216 2147 1337 2177 malum
1362 2145 1452 2188 quasi
1477 2157 1638 2176 venenum
1662 2145 1804 2184 misceri,

1046 2190 1164 2221 molem
1187 2197 1296 2221 autem
1321 2190 1459 2221 moveri.

1116 2248 1176 2285 Qui
1199 2245 1296 2287 illius]
1323 2247 1384 2284 Qui
1408 2251 1457 2275 est
1473 2244 1644 2283 ablativus,
1669 2250 1705 2275 ut
1719 2244 1805 2286 Nep.

1048 2290 1146 2321 Arist.
1171 2291 1229 2327 ΙΙΙ,
1253 2293 1291 2321 2:
1317 2294 1361 2329 ut,
1385 2292 1437 2330 qui
1459 2292 1635 2330 efferretur,
1658 2291 1712 2320 vix
1735 2291 1807 2320 reli-

1047 2338 1154 2374 querit.
1203 2335 1242 2365 V.
1266 2336 1420 2374 Hartuny.
1444 2334 1486 2365 de
1515 2334 1638 2365 casibus
1671 2344 1803 2365 eorum-

1047 2390 1109 2421 que
1133 2378 1273 2410 flexione
1301 2391 1333 2421 p.
1355 2380 1431 2411 209.
1461 2385 1494 2410 et
1525 2389 1585 2410 nos
1619 2378 1652 2409 in
1677 2378 1735 2410 Gr.
1762 2379 1802 2410 L.

1047 2427 1074 2467 ᾗ.
1088 2424 1141 2456 ὃὸ.
1168 2424 1246 2455 Not.
1267 2424 1295 2456 l.

1113 2469 1244 2511 Impius]
1267 2469 1350 2499 Sunt
1370 2467 1554 2499 tetrametri
1569 2466 1729 2499 trochaici
1746 2478 1804 2499 ca-

1045 2512 1199 2544 talectici.
1259 2512 1362 2543 Iidem
1403 2523 1514 2544 versus
1550 2511 1727 2544 laudantur
1761 2511 1804 2543 de

1047 2559 1136 2590 Orat.
1158 2558 1215 2589 111.
1241 2558 1296 2598 523,
1321 2557 1396 2590 217.

1112 2612 1266 2655 hortatur]
1301 2614 1341 2643 D.
1379 2611 1463 2644 coni.
1487 2614 1626 2643 hortatus
1658 2611 1701 2643 ob
1734 2623 1802 2654 seq.

1044 2656 1294 2699 imperfectum3
1334 2663 1368 2688 at
1392 2667 1544 2699 praesens
1568 2655 1657 2698 quod
1684 2657 1801 2698 appel-

1045 2701 1131 2732 latur
1143 2701 1332 2733 historicum
1345 2701 1443 2743 longe
1454 2700 1716 2742 frequentissime
1729 2712 1802 2733 cum

1045 2745 1242 2789 imperfecto
1272 2746 1451 2787 copulatur.
1501 2746 1538 2777 V.
1567 2747 1710 2779 Ochsner.
1732 2745 1801 2778 Ecl.

1047 2790 1114 2822 Cic.
1127 2803 1159 2833 p.
1175 2791 1246 2823 131.
1277 2793 1433 2822 Bremium
1447 2789 1487 2821 ad
1503 2789 1600 2820 Corn.
1614 2790 1699 2832 Nep.
1710 2790 1797 2822 Mitt.

1046 2836 1110 2873 IV,
1137 2836 1167 2867 4.
1219 2836 1350 2867 tt'esenb.
1382 2834 1502 2866 Adnot.
1535 2834 1568 2865 in
1598 2835 1695 2866 Tusc.
1718 2835 1742 2866 1.
1765 2846 1797 2877 p.

1044 2879 1087 2912 33
1101 2891 1171 2922 sqq.
1219 2881 1354 2911 Kiihner.
1378 2879 1415 2909 L.
1434 2879 1490 2910 Gr.
1513 2877 1656 2922 §.140ss
1676 2879 1798 2912 Note.

1112 2934 1310 2977 Mandarem]
1336 2933 1390 2965 Sic
1412 2934 1450 2967 R.
1463 2935 1496 2966 P.
1519 2933 1701 2967 Gud.1.11.
1724 2933 1799 2966 alii-
