1863 3221
203 98 285 139 238
784 102 1013 135 LissEssn.
1037 99 1181 142 25,61.

202 184 364 224 dol0¹·.“
429 182 532 222 Tum
560 179 812 229 Cleanthem,

201 271 252 295 ex
285 254 506 309 Epigonis³
545 255 672 293 ferunt
703 251 875 292 dixisse:

847 194 959 233 quun»
992 180 1088 234 pede
1116 187 1257 220 terrain
1284 183 1567 235 percussisset,
1602 197 1757 224 versum

430 329 605 366 Audlsne
634 328 724 365 llaec
737 356 747 373 ‚
782 323 1040 378 Αηφίιίανάίί,
1075 328 1144 365 sub
1176 330 1345 366 terram4
1380 330 1534 368 cibde‘te?

1500 407 1568 442 61.
1605 402 1657 441 ΑΙ
1680 417 1757 442 non

1224 480 1262 512 et
1283 473 1320 513 id
1348 474 1494 524 dicam,
1530 475 1629 528 quod
1655 475 1758 515 sole-

202 400 404 441 Zenonem
426 399 692 453 significabat,
726 414 745 438 a
773 414 846 452 quo
874 399 977 439 illum
1008 400 1249 453 degenerare
1270 401 1437 442 dolebat.

200 481 333 514 noster
357 471 615 522 Posidonius,
650 486 761 526 quein
786 480 825 512 et
845 472 928 527 ipse
953 487 1068 526 saepe
1092 473 1190 523 vidi,

199 548 263 588 bat
284 560 443 587 narrare
456 544 689 600 Pompeius:
723 560 781 596 se,
816 561 928 600 quum
950 545 1129 586 Rhodum
1151 546 1326 586 venisset
1347 548 1538 587 decedens
1558 562 1608 587 ex
1621 546 1755 602 Syria,

198 620 331 661 audire
359 619 530 660 voluisse
555 617 832 671 Posidoninm3
877 620 943 659 sed
973 634 1086 673 quum
1121 619 1316 669 audisset,
1364 634 1448 660 eum
1474 621 1648 674 graviter
1669 634 1757 661 esse

198 708 382 747 aegrum,
418 693 517 747 quod
539 693 792 733 veliementer
819 692 901 732 eius
927 700 1033 733 artus
1056 693 1301 744 laborarent,
1335 694 1509 734 voluisse
1535 700 1663 734 tamen
1687 708 1757 733 no-

197 767 426 807 bilissimum
462 765 728 821 philosophum
752 766 906 817 visere,
950 781 1061 820 quein
1094 773 1133 806 ut
1159 767 1322 807 vidisset
1351 773 1390 807 et
1417 767 1668 807 salutavisset
1689 766 1756 807 lio-

288 868 309 901 3
336 869 442 907 Quum
471 867 503 899 in
525 868 562 900 R.
584 869 618 899 P.
645 867 731 899 Gud.
756 868 778 899 Ι.
803 869 842 899 ΙΙ.
866 868 941 899 Vat
963 867 1099 911 aliisque
1118 870 1300 908 Ερίςοηείε,
1336 867 1369 898 in
1399 867 1564 899 nonnullis
1585 870 1756 908 Epigoniis,

197 914 229 945 in
252 925 316 945 uno
337 916 395 944 Ox.
421 915 585 953 Epiyonies
609 913 744 955 legatur,
771 915 822 943 ΚΖ.
844 912 875 943 in
900 912 984 943 Add.
1007 925 1036 955 p.
1064 912 1136 944 110.
1158 914 1191 944 in
1213 914 1393 963 aichetypo
1419 913 1544 944 Graece
1565 909 1657 945 'Erus
1637 924 1756 955 γοφοις

196 958 352 1001 scriptum
374 958 474 989 fuisse
494 957 689 999 suspicatui,
715 969 899 1000 quanquam
921 957 998 988 inde
1007 925 1172 989 lcoucludi
1195 969 1259 989 non
1285 957 1404 1000 possit,
1430 958 1537 1000 ipsum
1563 957 1756 988 Ciceronem

196 1004 243 1035 sic
264 1003 452 1045 scripsisse,
479 1014 576 1044 quum
603 1002 740 1039 Graeci,
767 1001 881 1044 quibus
904 1012 970 1032 non
993 1013 1068 1033 ιιιιο
1093 1002 1191 1033 etiam
1215 1002 1323 1033 Latini
1345 1003 1522 1044 scriptores
1547 1001 1755 1033 describendi

197 1048 340 1086 luerint,
366 1047 398 1077 in
422 1047 606 1088 usurpanda
631 1048 756 1077 Graeca
778 1046 939 1088 scriptura
960 1046 1020 1077 sibi
1045 1047 1204 1088 placuisse
1228 1047 1410 1077 videantur.
1458 1046 1479 1078 4
1503 1058 1534 1078 v.
1559 1046 1643 1078 Adn.

262 1124 300 1145 ex
319 1113 482 1155 Epiyonis]
504 1114 581 1143 Erat
601 1112 754 1155 Aeschyli
776 1111 955 1154 tragoedia,
993 1112 1122 1144 videtur
1153 1115 1329 1153 degenerem
1352 1123 1423 1145 esse.
1472 1113 1544 1145 Fin.
1566 1115 1605 1145 V.
1628 1114 1666 1153 5,
1696 1113 1752 1146 13:

195 1170 292 1202 qnam
306 1158 417 1190 laudat
431 1157 622 1189 scholiastes
644 1157 686 1187 ad
700 1156 828 1188 Pindar.
844 1157 956 1188 lsthm.

196 1206 258 1243 Vl,
288 1204 337 1235 10.
351 1228 358 1242 ,
390 1214 526 1245 eamque
544 1202 675 1233 videtur
697 1202 815 1233 Accius
835 1202 868 1233 iu
890 1202 957 1233 lin-

194 1260 290 1291 guam
304 1247 456 1279 Latinam
470 1247 616 1278 vertisse.
650 1248 688 1277 V.
702 1247 845 1278 Nonium
860 1258 957 1289 quum

195 1294 265 1325 aliis
293 1293 392 1331 locis,
428 1299 497 1323 tum
530 1292 561 1323 in
591 1296 738 1323 mactare.
787 1291 958 1323 Falluntur

194 1339 234 1377 ii,
271 1337 326 1381 qui
350 1337 511 1380 Euripidis
544 1337 656 1368 drama
689 1336 788 1368 fuisse
816 1348 952 1368 censue-

195 1390 282 1416 runt.
328 1386 476 1414 Davisius
499 1382 540 1413 ad
565 1382 595 1413 h.
620 1382 641 1412 l.

262 1427 411 1470 Audisne]
449 1428 508 1458 Est
538 1426 689 1458 trimeter
720 1426 876 1458 iambicus
906 1426 957 1458 vel

194 1473 350 1505 senarius.

261 1520 316 1550 sub
339 1521 452 1549 terram
474 1517 590 1560 abdite]
618 1518 707 1548 Haec
731 1517 831 1549 verba
852 1516 956 1559 signi-

195 1563 293 1595 ficant
308 1565 475 1594 Zenonem
495 1562 557 1593 iam
583 1569 748 1593 mortuum
770 1573 850 1593 esse.
884 1565 955 1593 Au-

194 1608 297 1647 disne,
316 1607 421 1649 iuquit
437 1607 620 1645 Cleanthes,
645 1618 664 1638 o
677 1609 777 1645 Zeno,
801 1607 854 1649 qui
870 1618 956 1638 nunc

193 1652 330 1684 versaris
355 1652 441 1694 apud
464 1652 610 1693 inferos,
636 1652 768 1683 mollem
794 1651 952 1694 Dionysii,

194 1697 344 1740 discipuli
368 1697 433 1734 tui,
470 1697 678 1728 orationem?
728 1698 791 1728 Pro
815 1699 871 1728 sub
895 1701 954 1728 Ier-

192 1753 263 1774 ram.
283 1753 363 1772 unus
381 1741 482 1773 Rehd.
506 1742 637 1773 exhibet
657 1744 711 1773 sub
734 1745 815 1773 terra
838 1749 953 1772 contra

192 1787 372 1829 legitimum
388 1786 550 1817 bonorum
568 1786 764 1827 scriptorum
786 1798 886 1817 usum.
928 1786 953 1817 li

192 1833 278 1863 enim
299 1843 430 1873 semper
448 1830 561 1862 dieunt
581 1833 693 1862 abdere
707 1841 737 1862 se
759 1837 815 1862 aut
834 1833 955 1871 aliquid

189 1879 334 1909 inlocum
348 1882 404 1906 aut
419 1878 475 1907 sub
490 1878 602 1915 locum,
626 1887 691 1907 nou
714 1880 746 1907 in
768 1877 847 1917 (sub)
871 1878 954 1907 loco:

191 1921 279 1964 quod
313 1920 425 1951 (locuit
460 1922 598 1952 Klotzius
634 1920 667 1951 in
704 1920 787 1951 Add.
815 1932 846 1962 p.
872 1921 952 1959 ttl.‚

190 1967 239 1997 his
274 1966 401 1997 collatis
426 1966 601 2007 exemplis:
639 1977 687 2007 pr.
714 1965 784 1996 Mil.
812 1967 871 2001 15.
898 1964 952 1997 40.

190 2011 231 2042 ad
257 2011 346 2041 Fam.
370 2011 441 2042 Vll.
467 2010 529 2048 35,
556 2013 586 2042 2.
630 2010 673 2040 ib.
700 2010 762 2048 21-3,
788 2012 817 2041 2².
859 2010 953 2041 XIII.

189 2055 233 2087 ⁴29
276 2054 308 2086 3).
342 2066 391 2096 pr.
414 2055 499 2084 Mur.
522 2052 583 2092 41,
609 2053 663 2086 259.
714 2054 874 2085 Dolabell.
899 2066 951 2096 ap.

193 2099 258 2130 Cic.
281 2098 323 2129 ad
348 2100 438 2129 Fam.
463 2098 523 2128 IX.
547 2098 579 2137 9,
603 2100 634 2130 2.
686 2099 776 2130 Caes.
804 2100 837 2130 Β.
864 2099 903 2130 G.
927 2101 951 2137 Ι,

194 2145 244 2175 12.
270 2144 327 2181 Vt,
345 2145 374 2174 Ξ).
403 2143 486 2183 Nep.
504 2142 607 2174 Alcil).
624 2142 655 2179 9,
677 2142 704 2174 l.
750 2143 836 2174 Hinc
855 2143 953 2174 etiam

190 2190 317 2219 domum
339 2199 373 2219 se
394 2186 469 2218 abd.
520 2187 555 2217 C.
578 2187 611 2218 in
634 2187 695 2218 Pis.
715 2188 779 2225 ὃὸ,
805 2188 858 2219 92.
895 2193 951 2219 Ar-

187 2236 299 2272 pinum
318 2244 352 2263 se
375 2231 450 2263 abd.
482 2232 524 2263 ad
546 2235 614 2263 Att.
637 2232 697 2262 IX.
718 2231 748 2270 6,
778 2233 802 2263 l.
853 2233 952 2263 Recte

192 2279 392 2317 Sliirenbury.
417 2276 458 2307 ad
489 2289 537 2319 pr.
566 2276 661 2308 Arch.
688 2276 727 2313 6,
760 2277 806 2308 12.
842 2288 873 2319 p.
896 2277 949 2308 95.

189 2321 222 2352 in
253 2321 419 2353 locutione
454 2324 590 2361 „abdere
621 2331 651 2353 se
683 2323 813 2352 litteris“
847 2324 954 2353 litteris

191 2378 251 2408 pro
280 2367 393 2397 dativo
427 2367 569 2409 accipit,
608 2373 643 2397 ut
676 2366 719 2396 sit
749 2365 836 2396 idem
871 2367 951 2405 sere,

190 2411 279 2453 quod
312 2414 344 2443 in
376 2414 502 2444 litteras.
550 2413 586 2442 In
620 2410 795 2453 participio
830 2413 953 2443 abditus

190 2455 305 2485 eadem
331 2468 357 2486 c.
384 2468 489 2487 accus,
516 2463 625 2487 manet
656 2463 829 2487 structura.
877 2458 952 2487 Klo-

188 2501 266 2531 {zius
299 2511 407 2541 comp.
442 2502 572 2532 Lucret.
601 2502 654 2540 lV,
680 2503 765 2532 420:
813 2512 952 2542 corpora

189 2543 338 2574 mirando
361 2547 415 2575 sub
438 2549 534 2576 [erras
556 2547 663 2577 abdita
683 2545 792 2581 cae103
817 2545 952 2576 ablativi

190 2589 373 2630 exemplum
407 2589 504 2619 all'ert
538 2590 604 2620 Cic.
637 2590 678 2620 <le
703 2591 772 2621 Inv.
800 2591 823 2620 Ι.
847 2592 887 2626 2,
912 2593 950 2622 2:

186 2633 241 2675 qui
262 2633 426 2674 dispe1sos
445 2633 592 2664 homines
611 2637 642 2665 in
665 2637 752 2673 (lyris
768 2641 801 2665 et
817 2637 848 2666 in
868 2638 952 2667 lectis

185 2680 373 2709 silvestribus
393 2679 512 2708 abditos
536 2678 664 2709 ratione
690 2679 828 2720 quadam
855 2691 950 2711 com-—

190 2721 273 2764 pulit
296 2733 392 2752 unum
416 2722 448 2752 in
473 2721 591 2753 locum.
627 2723 676 2754 Cs.
703 2735 761 2754 nos
787 2724 819 2754 in
835 2724 892 2755 Gr.
908 2725 947 2756 L.

188 2768 215 2809 ς’
236 2766 307 2798 120.
336 2767 414 2798 Not.

252 2812 463 2852 siynificabat]
483 2812 666 2851 Siynificare
679 2810 766 2842 idem
780 2818 840 2850 est,
861 2814 948 2855 quod

186 2855 388 2888 recentiores
409 2866 507 2897 saepe
528 2855 612 2886 male
634 2857 790 2894 alludere,
823 2859 948 2890 innuere

187 2900 320 2939 dicunt,
348 2907 382 2930 ut
407 2900 559 2931 observat
587 2902 721 2940 Wolfius.

260 2946 457 2986 deyenerare]
495 2945 569 2977 Hoc
598 2944 733 2976 verbum
763 2944 946 2986 significare

992 1158 1109 1189 horum
1134 1158 1257 1200 posteri
1288 1158 1440 1189 meliores
1469 1158 1515 1189 illi
1544 1157 1675 1201 quidem
1697 1178 1754 1197 --‚

993 1214 1089 1246 quam
1119 1202 1317 1245 reliquarum
1344 1203 1534 1245 philosophi
1561 1203 1754 1246 disciplina—

992 1259 1082 1286 rum,
1119 1247 1179 1278 sed
1199 1247 1244 1279 ita
1268 1250 1473 1288 degenerant,
1514 1255 1547 1279 ut
1569 1248 1631 1290 ipsi
1655 1260 1695 1280 ex
1718 1260 1753 1280 se

993 1292 1060 1324 nati
1075 1304 1144 1323 esse
1157 1292 1347 1324 videantm.
1342 1305 1347 1310 ·
1375 1293 1618 1333 ub1Maclv291us
1635 1292 1754 1336 p.634.

994 1349 1100 1380 comp.
1131 1338 1526 1380 Philipp.XI[1.§.30:
1565 1338 1659 1370 fiatri
1683 1345 1752 1377 tuo,

993 1382 1046 1425 qui
1072 1394 1089 1413 a
1114 1382 1207 1413 nobis
1233 1382 1313 1414 nihil
1337 1384 1519 1422 deyenerfflzt
1546 1383 1751 1415 extorsimus

1060 1450 1088 1491 {5
1105 1449 1158 1482 431.
1194 1460 1283 1490 quem
1308 1454 1334 1481 et
1355 1452 1418 1490 ipse
1439 1459 1530 1489 saepe
1553 1451 1637 1490 vidi,
1670 1454 1696 1481 et
1718 1451 1752 1481 id

992 1496 1110 1536 dicam]
1137 1496 1172 1526 V.
1197 1495 1238 1525 ad
1262 1496 1283 1527 Ι,
1305 1494 1357 1531 30,
1376 1495 1436 1528 7²:
1464 1494 1644 1537 quibusque
1666 1495 1750 1525 fuis-

990 1547 1039 1570 set
1053 1559 1095 1562 —
1112 1546 1220 1570 coutw
1211 1540 1264 1581 gio
1285 1551 1420 1581 seseque
1441 1558 1478 1563 —·
1497 1539 1748 1572 sevocavissent.

1058 1597 1206 1627 decedens
1239 1606 1277 1626 esc
1301 1597 1411 1636 Syria]
1450 1606 1545 1637 quam
1579 1595 1752 1638 Pompeius

989 1640 1153 1672 devictam
1186 1653 1203 1671 ιι
1236 1652 1271 1670 se
1304 1639 1539 1682 rempublicam
1573 1640 1753 1673 Romanam

989 1686 1112 1716 fecerat
1136 1683 1192 1727 (64
1212 1697 1241 1716 a.
1265 1684 1368 1725 Chu).
1405 1685 1549 1716 Verbum
1569 1692 1679 1717 autem
1698 1688 1751 1718 de-

988 1732 1114 1762 cedendi
1136 1729 1303 1772 proprium
1327 1729 1428 1760 estin
1452 1730 1513 1761 hac
1536 1741 1581 1761 re.
1619 1731 1750 1763 Cornel.

989 1776 1073 1817 Nep.
1100 1775 1168 1806 Cat.
1192 1776 1225 1812 Ι,
1250 1772 1288 1806 4:
1325 1784 1362 1805 ex
1386 1776 1504 1814 Africa,
1523 1774 1686 1807 decedens
1713 1777 1749 1814 Q.

987 1822 1123 1851 Ennium
1151 1823 1273 1859 poetam
1294 1820 1476 1851 deduoeeral.
1525 1820 1627 1851 Addit
1650 1823 1750 1852 Moser

991 1865 1026 1895 C.
1053 1864 1133 1896 Phil.
1157 1866 1205 1903 ΙΙ,
1231 1865 1270 1895 ὀε
1309 1864 1513 1895 consulatum
1545 1876 1653 1896 meum
1689 1865 1747 1895 Cn.

990 1909 1161 1951 Pompeius
1184 1908 1334 1951 probavit
1363 1928 1394 1932 —
1417 1911 1563 1941 decedens
1586 1921 1625 1940 ex
1644 1910 1747 1952 Syria.

989 1955 1028 1985 V.
1054 1956 1150 1985 Kritz.
1174 1953 1217 1985 ad
1239 1954 1315 1985 Sall.
1342 1955 1409 1995 lug.
1436 1955 1528 1992 XX,
1555 1954 1580 1986 l.
1618 1966 1650 1997 p.
1675 1954 1746 1987 1⁴26.

990 1999 1199 2041 Participium
1231 1999 1412 2041 praesentis
1445 1999 1587 2041 positum
1615 2005 1664 2030 est
1687 1999 1749 2030 hac

990 2044 1038 2081 vi,
1064 2050 1098 2074 ut
1121 2043 1359 2086 significaretur
1379 2050 1487 2075 totum
1510 2045 1573 2075 iter
1597 2056 1636 2075 ex
1655 2043 1748 2086 Syria

988 2088 1142 2119 Rhodum
1174 2089 1308 2120 factum.
1357 2089 1397 2119 V.
1419 2091 1573 2120 Kritzium
1601 2089 1644 2120 ad
1668 2088 1745 2120 Sall.

988 2134 1056 2173 lug.
1080 2133 1126 2170 X,
1152 2133 1183 2164 2.
1198 2158 1206 2171 ,
1237 2133 1291 2175 qui
1315 2139 1405 2163 recte
1429 2133 1538 2171 docet,
1565 2145 1749 2176 quanquam

987 2176 1074 2208 hunc
1094 2177 1258 2219 participii
1276 2177 1457 2219 praesentis
1482 2189 1571 2209 usum
1593 2178 1669 2208 inde
1690 2189 1747 2209 or—

986 2227 1055 2252 tum
1078 2233 1147 2252 esse
1171 2222 1280 2263 negari
1301 2233 1365 2253 non
1389 2222 1503 2263 possit,
1530 2223 1746 2264 qnoclLatinu

986 2266 1096 2307 lingna
1118 2267 1259 2308 perfecti
1280 2266 1460 2309 participiis
1484 2274 1611 2305 careat,
1636 2273 1746 2298 tamen

987 2310 1216 2353 negligendum
1241 2323 1307 2342 non
1342 2322 1433 2349 esse,
1471 2322 1534 2342 non
1570 2312 1666 2354 plane
1700 2312 1746 2344 ita

987 2355 1154 2386 defectum
1178 2356 1275 2387 istum
1301 2356 1523 2397 compensari,
1557 2356 1616 2387 sed
1641 2355 1745 2388 ubivis

987 2401 1152 2452 propriam
1184 2401 1230 2432 rei
1264 2400 1410 2432 nondum
1433 2401 1602 2432 absolutae
1631 2401 1746 2433 notio-

988 2457 1061 2475 nem
1086 2446 1238 2483 retiueii,
1276 2452 1311 2476 ut
1344 2457 1408 2476 non
1434 2452 1501 2477 tam
1525 2446 1666 2488 perfecti
1690 2453 1745 2477 ant

988 2489 1145 2532 plplecti,
1172 2502 1268 2534 quam
1292 2490 1477 2532 imperfecti
1502 2491 1565 2521 vim
1585 2489 1745 2521 eiusmodi

986 2535 1157 2577 pa1ticipin
1192 2536 1384 2566 sustineant.
1449 2534 1552 2566 Multa
1596 2533 1744 2576 exempla

985 2580 1199 2622 suppeditant
1221 2583 1317 2612 Kritz.
1339 2579 1360 2610 l.
1378 2578 1410 2609 d.
1440 2581 1598 2610 Ruhnken.
1621 2578 1744 2609 Dictat.

985 2624 1018 2654 in
1041 2625 1189 2656 Terentii
1214 2624 1360 2656 Eunuch.
1383 2625 1421 2654 ΙΙ.
1446 2623 1485 2661 2,
1510 2623 1540 2655 5.
1577 2624 1744 2654 adveniens

987 2668 1020 2711 gi.
1039 2681 1066 2699 e.
1092 2681 1186 2709 quum
1208 2671 1405 2706 advenirem,
1440 2678 1525 2706 non,
1553 2673 1589 2697 ut
1613 2667 1740 2698 Ruhnk.

984 2714 1073 2753 vult,
1098 2725 1194 2754 quum
1215 2712 1430 2753 advenissem).

1049 2773 1114 2801 eius
1134 2773 1221 2801 artus
1234 2768 1422 2807 laborarent]
1448 2767 1576 2809 Fragm.
1591 2768 1736 2799 Horten-

984 2813 1020 2844 sii
1045 2826 1075 2856 p.
1095 2813 1171 2846 402.
1196 2813 1247 2845 ed.
1271 2815 1344 2844 Or.:
1382 2811 1458 2843 Vidi
1480 2812 1511 2842 in
1535 2811 1651 2843 dolore
1676 2824 1742 2854 po·-

983 2859 1102 2900 dagrae
1123 2858 1175 2889 vel
1196 2857 1338 2889 omnium
1354 2855 1528 2887 maximum
1542 2856 1740 2897 Stoicorum,

982 2902 1213 2942 Posidonium,
1238 2901 1341 2933 nihilo
1363 2900 1488 2942 ipsum,
1517 2912 1613 2944 quam
1633 2901 1741 2933 Nico-

980 2947 1132 2979 machum
1144 2946 1300 2989 Tyrium,
1326 2945 1489 2988 hospitem
1514 2957 1639 2986 meum,
1665 2946 1740 2978 for-
