1863 3221
229 125 311 167 258

234 214 309 254 tius
333 209 451 251 animi
474 222 496 248 a
523 213 660 247 natura
689 203 872 244 tributum
902 209 976 243 est.

811 124 976 157 LIBER
1002 125 1057 156 111.
1080 124 1121 163 ὃ,
1149 124 1200 156 11.

1041 201 1186 243 Graeci
1208 208 1336 242 autem
1363 203 1505 253 μανίαν
1530 202 1630 243 unde
1659 202 1791 256 appel-

236 285 366 334 lent¹‚
397 295 475 322 non
498 279 611 320 facile
639 275 832 326 dixerin13
877 289 961 316 eam
996 282 1124 315 tamen
1159 274 1281 329 ipsam
1311 275 1581 329 distinguimus
1614 289 1685 316 nos
1715 287 1797 315 me-

237 358 336 407 lius,
369 368 483 409 quam
511 352 581 393 illi.
645 348 758 390 Hane
789 349 891 389 enim
919 347 1137 398 insaniam,
1181 361 1278 401 quae
1307 347 1437 388 iuncta
1461 348 1658 388 stultitia2
1691 354 1797 402 patet

237 429 368 479 latius,
401 441 423 467 a
447 427 577 466 furore
599 422 853 476 disiungimus
870 425 906 462 ³.
971 420 1114 462 Graeci
1136 421 1272 461 volunt
1288 421 1343 460 illi
1364 421 1540 475 quidemg
1574 421 1641 460 sed
1666 434 1801 474 parum

1679 490 1803 545 Quasi

240 589 335 616 vero
363 581 447 614 atra
482 570 550 613 bili
575 570 699 611 solum
724 583 834 609 mens
864 582 908 608 ae
942 582 1017 608 nou
1051 581 1168 621 saepe
1196 567 1260 609 vel
1289 567 1489 607 iracundia
1521 566 1706 620 graviore
1741 564 1805 606 vel

241 647 379 688 timore
414 645 478 687 vel
513 644 648 684 dolore
682 648 911 683 moveatur:
958 655 1032 695 quo
1067 654 1213 694 genere
1247 639 1549 690 Athamantem,
1594 638 1805 679 Alcmaeo-

241 734 353 770 nem,
392 718 584 768 Aiacem,
626 712 810 757 Orestem
837 716 966 754 furere
992 714 1168 754 dicimus.
1233 712 1311 768 Qui
1336 713 1389 753 ita
1412 712 1464 752 sit
1487 712 1675 763 affectus,
1718 724 1805 752 eum

241 793 436 833 dominum
464 803 551 831 esse
582 803 712 830 rerum
737 801 893 828 suarum
927 794 1060 827 vetant
1091 786 1292 827 duodecim
1326 785 1495 826 tabulae.
1557 783 1695 839 ltaque
1728 797 1807 827 non

242 873 303 908 est
319 865 530 923 seriptum:
563 864 600 904 si
622 863 820 911 insumis,
851 860 944 901 sed:
979 874 1012 901 Sl
1043 874 1225 901 wmosvs
1247 860 1267 884 *
1299 858 1491 899 ese1T*³.
1555 855 1802 899 Stultitiam³

237 502 371 543 valent
406 499 551 549 verbo3
596 510 708 551 quem
744 510 815 536 nos
849 496 1044 545 furorem,
1087 493 1336 547 μελαγχολίαν
1370 494 1424 533 illi
1458 500 1615 534 vocant.

336 984 352 1014 1
380 983 419 1013 R.
444 982 479 1013 P.
501 979 587 1012 Gud.
613 978 641 1010 1.
669 980 709 1011 ΙΙ.
735 978 840 1009 Marb.
867 979 958 1009 Mon.
982 977 1008 1010 1.
1034 984 1067 1008 et
1091 977 1213 1008 multae
1236 976 1312 1008 edd.
1339 982 1422 1008 vett.
1443 977 1622 1015 appellant:
1656 974 1742 1006 unde
1764 975 1805 1007 D.

244 1029 277 1059 in
301 1026 397 1059 ed.2.
422 1037 509 1068 susp.
534 1026 733 1065 appellarint.
779 1021 800 1056 2
824 1022 878 1053 Sic
902 1023 940 1054 R.
964 1023 996 1053 Ρ.
1025 1024 1106 1064 Aug.
1131 1033 1211 1052 unus
1233 1023 1309 1057 Ox.;
1337 1022 1392 1053 Or.
1417 1032 1444 1052 c.
1460 1020 1547 1062 vulg.
1572 1023 1729 1053 stultitiae.
1764 1020 1804 1051 V.

244 1072 287 1104 ad
307 1073 346 1104 V.
366 1070 431 1110 33,
455 1067 511 1101 96.
559 1068 580 1100 3
606 1080 638 1099 v.
663 1067 752 1099 Adn.

244 1141 353 1171 mente.
388 1136 496 1168 Minus
517 1141 608 1167 recte
632 1136 790 1166 Turnebus
806 1132 943 1165 Advers.
965 1134 1005 1164 11.

247 1195 274 1219 e.
293 1183 343 1215 11.
362 1181 448 1213 hanc
469 1179 671 1213 locutionem
693 1190 732 1210 ex
752 1190 791 1210 eo
815 1184 926 1210 natam
943 1189 1008 1223 pu·-

246 1234 317 1267 tat,
351 1226 440 1270 quod
475 1224 591 1257 furiosi
623 1235 688 1255 non
712 1223 745 1254 in
770 1235 847 1262 sua,
892 1222 1008 1254 sedin

247 1278 440 1315 agnatorum
466 1277 499 1302 et
520 1269 689 1312 gentilium
711 1268 833 1299 fuerint
854 1274 1006 1310 potesta-

247 1325 303 1355 te;
326 1324 396 1348 tum
420 1315 615 1347 translatam
637 1325 707 1345 esse
728 1312 771 1344 ad
793 1324 862 1351 eos,
879 1312 933 1355 qui
948 1323 1009 1344 ve-

247 1361 453 1395 hementiore
487 1360 594 1402 aliqua
618 1357 718 1390 animi
753 1357 930 1389 affectione
954 1364 1008 1388 te-

249 1413 397 1441 neantur.
435 1406 475 1436 V.
497 1407 604 1436 Davis.
626 1402 668 1434 ad
688 1402 721 1433 h.
742 1402 764 1435 l.
799 1402 924 1433 Graece
948 1401 1013 1440 ἐξί-

250 1452 396 1485 eruebat
431 1449 567 1482 ἑαυτῶν.
617 1447 667 1478 Cf.
692 1458 753 1478 nos
785 1446 827 1478 ad
852 1447 1010 1489 Xenoph.

251 1496 472 1528 commentar.
499 1495 523 1524 Ι.
550 1493 590 1532 3,
618 1494 668 1524 12.

319 1542 430 1572 Graeci
467 1537 583 1580 μανίαν
615 1538 696 1568 unde
728 1537 895 1577 appellent]
934 1535 1010 1566 Sine

252 1585 352 1617 dubio
379 1582 480 1626 μανία
503 1580 674 1613 descendit
697 1593 715 1612 a
739 1579 864 1618 ΜΑΩ,
903 1592 921 1612 a
946 1591 1010 1623 quo

243 1626 412 1672 -μαιμοὶω,
449 1627 611 1671 μαίομαι,
646 1637 728 1669 quae
752 1625 936 1668 significant
960 1635 1011 1665 ye-

251 1678 344 1713 stire,
375 1675 564 1705 vehementer
597 1675 760 1710 appetere,
793 1670 891 1701 ducta
925 1676 1010 1700 sunt.

250 1720 291 1751 V.
314 1720 392 1749 Lex.
418 1718 474 1748 Gr.
498 1729 528 1748 v.
556 1715 723 1757 μαίνομαι.
772 1714 903 1757 Aliquot
934 1713 1011 1744 edd.

251 1762 442 1805 praeferunt
465 1763 641 1801 appellant:
664 1759 753 1802 quod
769 1758 935 1792 immerito
950 1758 1010 1791 de-

252 1807 359 1838 fendit
393 1808 551 1845 Wopkens.
588 1805 699 1835 Lectt.
723 1803 810 1836 Tull.
838 1805 885 1841 II,
912 1805 942 1836 5.
979 1815 1011 1845 p.

250 1852 338 1890 205„
363 1857 454 1883 recte
472 1857 581 1881 autem
600 1849 713 1880 reiecit
725 1850 870 1880 Handius
892 1848 933 1879 ad
948 1848 978 1879 h.
992 1848 1011 1879 Ι.

252 1897 291 1929 V.
316 1895 485 1928 Adnotata
509 1895 541 1925 in
568 1895 606 1925 V.
631 1892 684 1925 41.
712 1899 794 1924 extr.

320 1962 340 1982 a
361 1954 465 1992 furore
481 1950 703 1991 disiunyimus]
731 1951 780 1980 Tr.
805 1960 822 1979 e
842 1949 880 1980 R.
894 1950 928 1980 Ρ.
950 1948 1014 1979 tri-

255 1997 313 2027 bus
326 1998 405 2027 Oxx.
420 1996 523 2027 tribus
540 1994 620 2025 Pall.
635 1993 764 2036 scripsit
775 1996 1015 2034 distinguimus:

257 2040 347 2083 quod
370 2040 576 2071 librariorum
599 2038 771 2075 mendum,
802 2050 841 2068 ex
865 2038 1015 2080 proxime

256 2084 466 2115 antecedenti
486 2085 705 2121 distinyuimus
724 2089 842 2120 ortum,
868 2083 937 2113 iure
960 2093 1015 2113 re—

256 2128 334 2159 iecit
358 2130 498 2159 Klotzius
517 2127 548 2157 in
566 2125 650 2157 Add.
669 2137 700 2168 p.
716 2125 800 2165 126„
826 2126 880 2169 qui
907 2137 1014 2168 comp.

256 2173 300 2204 N.
317 2173 355 2203 D.
380 2173 405 2203 I.
426 2172 457 2209 7,
478 2171 538 2203 16:
565 2171 618 2213 qui
632 2171 772 2201 honesta
793 2183 810 2202 a
834 2171 1015 2202 commodis

257 2228 325 2249 non
340 2216 484 2255 nomine,
501 2215 558 2246 sed
573 2226 693 2257 genere
710 2221 783 2246 toto
797 2217 1017 2254 disiunge-ent.

323 2274 430 2303 volunt
448 2273 494 2302 itti
515 2272 653 2312 quidem]
680 2272 731 2301 Sc.
749 2270 908 2302 insaniam
925 2282 943 2301 a
960 2270 1016 2301 fu-

258 2327 334 2348 rore
355 2316 565 2358 distinguere.
612 2316 651 2347 V.
674 2314 798 2346 Adnot.
822 2314 854 2345 in
879 2316 903 2346 I.
929 2315 961 2353 3,
985 2314 1015 2347 6.

325 2370 442 2413 furere]
474 2370 642 2403 Praesenti
674 2377 825 2413 tempore
859 2381 932 2401 usus
969 2377 1017 2401 est

262 2416 397 2455 Cicero,
423 2416 498 2459 quia
523 2415 673 2455 fabulae,
698 2415 729 2446 in
757 2415 871 2458 quibus
897 2426 1012 2457 perso-

261 2472 323 2493 nae
344 2460 420 2491 illae
443 2460 661 2498 inducuntur,
702 2460 809 2491 adhuc
834 2460 1016 2491 exstabant.

327 2517 490 2547 duodecim
511 2516 649 2557 tabulae]
675 2515 733 2546 His
756 2515 881 2546 verbis:
908 2515 940 2546 Si
962 2515 1018 2546 su-

262 2558 365 2590 riosus
389 2559 518 2598 existit,
548 2560 702 2601 agnatum
726 2560 961 2602 gentiliumque
985 2560 1017 2591 in

263 2612 302 2634 eo
324 2603 526 2645 pecuniaque
545 2605 611 2634 eius
635 2611 780 2646 potestas
802 2611 885 2636 esto.
922 2606 959 2635 V.
975 2604 1017 2636 ud

262 2648 409 2679 Herenn.
433 2649 456 2677 Ι.
475 2647 565 2680 (215.
590 2655 623 2679 et
642 2649 684 2679 de
706 2650 834 2681 Iuvent.
860 2651 898 2681 11.
921 2661 947 2680 c.
963 2651 1015 2682 50.

260 2694 369 2724 Davis.

328 2735 415 2778 escit]
440 2735 493 2767 Sic
514 2743 604 2767 recte
628 2748 645 2766 e
669 2737 857 2768 coniectura
875 2738 1017 2770 Bouhie—

265 2779 305 2813 rii
324 2779 487 2812 c.VVolfio
511 2780 648 2811 Orellius
675 2780 779 2812 edidit
802 2793 862 2823 pro
883 2782 1016 2824 vulgato

265 2834 328 2857 csse
346 2826 470 2864 incipit:
506 2824 595 2867 quod
613 2830 662 2855 est
687 2832 835 2866 apertum
855 2826 1017 2868 glossema

266 2868 358 2901 verbi
379 2871 451 2900 escit
469 2868 505 2911 (i.
520 2880 548 2900 e.
560 2879 630 2900 esse
643 2868 769 2910 incipit,
785 2870 920 2909 exsistit,
943 2872 1014 2909 erit,

266 2913 315 2947 uti
334 2913 532 2946 adHerenn.
554 2915 580 2954 J,
603 2912 660 2946 13:
685 2915 711 2945 si
734 2915 901 2951 flexsistit:
926 2916 1014 2959 quod

1043 1132 1176 1164 Schiitz.
1190 1138 1281 1163 recte
1300 1130 1441 1163 mutavit
1465 1131 1498 1162 in
1521 1130 1619 1172 escit).
1645 1129 1700 1162 sic
1711 1130 1809 1162 Lucr.

1043 1179 1068 1215 Ι,
1090 1176 1176 1210 619:
1202 1179 1285 1208 escit.
1319 1179 1403 1209 Escit
1421 1175 1554 1219 antique
1576 1187 1637 1218 pro
1655 1174 1726 1207 erit.
1773 1174 1808 1207 C.

1044 1224 1147 1264 Legg.
1180 1223 1239 1253 ΙΙΙ.
1265 1222 1307 1262 3,
1332 1222 1375 1254 9:
1410 1225 1523 1253 escunt.
1572 1222 1611 1252 V.
1635 1222 1810 1252 Forcellinii

1043 1267 1143 1299 Thes.
1161 1267 1234 1298 Lat.
1257 1266 1288 1298 h.
1309 1278 1351 1305 v.,
1376 1268 1526 1298 Nobbium
1548 1265 1581 1297 in
1605 1266 1805 1307 Programm.

1045 1311 1177 1355 Lipsiae
1198 1322 1284 1342 anno
1310 1311 1404 1344 1026.
1426 1310 1528 1350 edito,
1554 1312 1587 1342 in
1611 1321 1676 1353 quo
1698 1310 1810 1354 5¹¹..Susst

1045 1357 1152 1388 Lectt.
1168 1356 1316 1388 Ciceron.
1340 1367 1373 1398 p.
1390 1356 1409 1389 7
1424 1375 1460 1379 -
1472 1356 1516 1396 9.,
1543 1358 1704 1388 Struvium
1717 1353 1809 1387 Uber

1046 1400 1078 1432 d.
1101 1402 1174 1432 Lat.
1198 1400 1291 1432 Dekl.
1314 1412 1342 1430 u.
1369 1399 1461 1440 Conj.
1487 1412 1520 1442 p.
1542 1399 1618 1439 62„
1658 1402 1744 1431 Grut.
1767 1398 1809 1430 ad

1049 1445 1083 1477 C.
1106 1446 1209 1487 Legg.
1234 1446 1274 1476 ΙΙ.
1299 1442 1361 1483 2-1»,
1388 1444 1442 1477 60.
1470 1444 1536 1487 <ubi
1561 1451 1650 1476 recte
1670 1444 1808 1475 restitu—

1045 1497 1114 1521 tum
1136 1497 1186 1521 est
1209 1489 1325 1529 escunt)
1352 1501 1382 1531 p.
1405 1490 1480 1521 351.
1506 1489 1558 1521 ed.
1585 1490 1635 1520 Cr.
1661 1496 1694 1520 et
1720 1489 1804 1520 Mos.

1047 1538 1180 1567 Gronov.
1203 1534 1245 1565 ad
1280 1533 1364 1565 Gell.
1389 1535 1450 1564 XI.
1479 1536 1528 1566 15.
1580 1535 1712 1565 Wesenb.
1735 1533 1806 1564 Em.

1046 1581 1089 1611 Il.
1112 1576 1206 1621 p,-‘}.*⁴,
1253 1578 1381 1610 Nonius
1404 1576 1525 1620 11.-143,
1549 1579 1578 1610 5.
1606 1579 1706 1609 Merc.
1726 1577 1807 1620 legit

1045 1627 1072 1656 si
1095 1626 1230 1664 furiosus
1261 1626 1391 1655 esset.-
1428 1622 1514 1653 unde
1543 1622 1692 1665 Tregder
1723 1622 1808 1654 scri-

1046 1670 1112 1710 psit
1136 1671 1162 1700 si
1195 1670 1217 1708 f.
1240 1670 1323 1699 esit
1360 1667 1392 1710 ki.
1416 1679 1445 1698 e.
1481 1667 1578 1709 erit):
1625 1679 1808 1710 quanquam

1046 1713 1127 1744 illud
1150 1717 1224 1744 esset
1247 1711 1375 1743 facilius
1399 1724 1437 1743 ex
1462 1715 1552 1752 escit,
1576 1724 1672 1755 quam
1695 1724 1734 1743 ex
1753 1715 1808 1744 esit

1047 1757 1126 1790 oriri
1149 1757 1269 1800 potuit.

1115 1803 1299 1842 Stultitiuni]
1329 1802 1437 1843 Vulgo
1457 1802 1626 1843 legebatur
1647 1804 1810 1833 stultitiam

1047 1850 1128 1879 enim
1151 1850 1329 1878 censuerunt
1351 1849 1589 1878 inconstantiam
1601 1871 1610 1886 ,
1635 1849 1668 1878 id
1693 1850 1735 1877 est
1758 1856 1810 1878 sa-

1046 1895 1140 1929 nitate
1161 1895 1334 1930 vacantem,
1359 1898 1392 1922 et
1408 1891 1454 1922 sic
1476 1902 1587 1922 omnes
1610 1891 1680 1922 fere
1697 1890 1806 1928 codd.‚

1050 1937 1149 1968 etiam
1173 1935 1290 1978 optimi
1313 1936 1349 1969 R,
1374 1936 1446 1978 (sed
1466 1936 1520 1968 hie
1542 1935 1683 1976 stultitia)
1702 1936 1736 1969 P.
1751 1935 1809 1967 Gr.

1049 1982 1093 2020 b.‚
1118 1980 1248 2023 legunt3
1275 1981 1349 2014 var,
1373 1987 1405 2011 et
1428 1981 1501 2012 cod.
1517 1980 1645 2011 Sehotti
1663 1991 1807 2012 consen-

1050 2026 1147 2063 tiunt,
1172 2025 1230 2056 sed
1250 2036 1310 2067 pro
1331 2028 1572 2057 inconstantiam
1591 2025 1715 2056 hubent
1739 2035 1810 2056 con-

1049 2073 1186 2103 stantia.-
1225 2069 1314 2112 quod
1351 2074 1467 2113 (nuper
1500 2070 1598 2101 etiam
1630 2082 1648 2101 a
1676 2071 1808 2101 Wesenb.

1051 2116 1121 2146 Em.
1145 2116 1183 2145 11.
1209 2126 1240 2156 p.
1262 2116 1316 2146 50.
1340 2115 1528 2156 probatum)
1560 2126 1586 2146 c.
1611 2114 1744 2146 Davisio
1776 2119 1810 2144 et

1052 2159 1172 2190 Orellio
1193 2158 1394 2200 recepimus:
1421 2159 1563 2201 quinque
1584 2160 1663 2190 Pau.
1680 2166 1713 2190 et
1727 2158 1807 2191 Fab.

1051 2208 1086 2235 st.
1124 2213 1148 2234 e.
1182 2214 1207 2234 c.
1242 2206 1531 2235 constantiam
1574 2206 1594 2235 i.
1637 2215 1662 2235 e.
1698 2213 1721 2234 s.
1755 2213 1810 2242 u,-

1053 2247 1138 2278 Gud.
1166 2248 1194 2279 Ι.
1229 2246 1310 2288 legit
1340 2250 1469 2279 stultitia
1500 2258 1524 2279 e.
1548 2258 1573 2279 c.
1603 2249 1810 2279 inconstantia

1051 2299 1134 2328 etc.;
1170 2292 1320 2333 Tregder
1345 2303 1371 2323 c.
1396 2291 1507 2323 Nonio
1539 2303 1572 2334 p.
1595 2290 1671 2325 443.
1706 2291 1810 2323 edidit

1050 2338 1270 2368 insaniam
1289 2339 1368 2368 enim
1383 2340 1573 2376 censuerunt,
1596 2339 1638 2368 id
1662 2341 1720 2368 est
1743 2335 1817 2369 11ιέ

1050 2383 1344 2413 constantiam
1373 2392 1397 2413 s.
1420 2391 1471 2413 v..·
1509 2381 1595 2425 quod
1626 2381 1696 2412 iure
1719 2380 1807 2412 reie-

1053 2426 1096 2457 cit
1119 2427 1251 2457 Wesenb.
1272 2425 1349 2464 l.d.,
1375 2425 1430 2468 qui
1450 2426 1579 2468 egregie
1602 2425 1711 2463 docet,
1735 2426 1810 2457 No-

1052 2470 1096 2501 nii
1121 2470 1351 2501 auctoritatem
1371 2470 1400 2501 h.
1428 2470 1448 2503 l.
1483 2482 1552 2502 esse
1576 2470 1806 2513 perexiguam;

1052 2514 1193 2547 Wolfius
1217 2518 1433 2547 insaniam
1459 2526 1483 2548 e.
1508 2525 1532 2546 c.
1558 2516 1807 2547 constantia

1053 2562 1071 2591 ἱ.
1095 2570 1119 2591 e.
1143 2570 1167 2591 s.
1191 2569 1244 2599 v.;
1273 2566 1306 2590 at
1327 2560 1464 2601 primum
1489 2571 1600 2591 omnes
1625 2558 1721 2590 codd.
1732 2561 1808 2590 stul-

1051 2607 1152 2636 titiam
1177 2604 1367 2646 praeferunt
1390 2611 1520 2646 praeter
1544 2603 1591 2634 El.
1611 2606 1662 2642 2.,
1687 2602 1719 2633 111
1740 2614 1805 2645 quo

1051 2649 1170 2690 legitur
1201 2651 1357 2680 insaniam
1385 2659 1410 2680 e.
1429 2659 1455 2681 c.
1481 2659 1542 2680 esse
1570 2649 1808 2679 inconstantiam

1052 2697 1159 2725 mentis
1178 2696 1309 2724 sanitate
1323 2703 1373 2732 υ.,·
1397 2693 1454 2723 sed
1471 2698 1610 2731 constat,
1627 2692 1714 2724 hunc
1730 2691 1804 2724 cod.

1052 2737 1338 2769 innumerabilibus
1365 2737 1446 2768 locis
1479 2736 1713 2778 interpolatum
1736 2748 1806 2768 esse

1051 2783 1091 2813 ab
1113 2782 1197 2814 ltalo
1231 2793 1295 2813 sec.
1315 2782 1391 2812 XV.
1440 2782 1555 2823 Neque
1586 2781 1720 2813 omnino
1745 2782 1806 2813 hac

1051 2827 1233 2858 mutatione
1258 2837 1338 2868 opus
1358 2832 1426 2864 est,
1463 2837 1561 2868 quum
1582 2837 1599 2856 e
1621 2826 1806 2858 Stoicorum

1050 2878 1172 2910 mente,
1197 2870 1243 2902 uti
1266 2881 1363 2912 supra
1385 2882 1412 2901 c.
1428 2867 1459 2908 -Ι,
1482 2870 1512 2902 9.
1537 2877 1570 2901 et
1591 2872 1661 2909 αὖ,
1684 2871 1733 2904 10.
1752 2869 1802 2902 vi·-

1050 2916 1174 2955 dimus,
1208 2917 1332 2948 insania
1366 2920 1398 2945 et
1419 2917 1549 2947 stultitia
1581 2915 1718 2948 eandem
1739 2915 1804 2947 vim
