1832 3137
629 125 797 158 LIBER
826 127 881 159 lll.
911 126 970 167 19,
995 126 1050 161 44.

1539 120 1618 163 2237

171 226 228 234 -
257 206 343 251 Pol,
379 206 476 243 milei
498 205 656 257 fortuna
686 209 810 257 magis
839 222 938 246 'lunc
967 210 1077 259 desit,
1112 205 1219 259 qmim
1246 223 1381 260 genus.

170 274 340 329 Na'mque
369 292 526 328 regnam
556 280 774 330 suppetebat
803 283 876 326 mi,
911 283 952 318 tlt
980 284 1100 327 scius,
1135 289 1272 333 qemulo
1302 285 1322 319 ὁ
1352 284 1446 329 loeo,

172 346 330 401 aninle's
360 352 513 402 opibus,
548 353 682 403 qm'bzls
711 355 756 391 de
783 353 895 391 rebus
926 350 1035 404 la'psa
1054 356 1219 407 Jbrlema
1251 358 1446 394 oeee'clac2.

60 422 193 476 Quid?
223 423 311 463 huic
333 424 436 464 calix
462 424 577 465 mulsi
601 424 871 478 impingendus
899 433 981 475 est,
1016 434 1058 466 ut
1085 428 1235 480 plorare
1257 428 1433 468 desinat?
1465 436 1526 468 aul
1553 430 1621 469 nli—

56 497 143 550 quid
170 497 387 537 eiusmodi?
446 496 551 538 Ecce
580 498 647 538 tibi
682 512 732 539 ex
765 498 887 538 altera
919 506 1026 552 parte
1061 500 1109 539 ab
1142 501 1277 541 eodem
1311 507 1447 556 pocla:

168 573 232 610 Eoe
263 572 396 623 &pibus
425 575 577 610 summis
609 575 689 623 &pils-
720 586 854 623 egens,
885 575 1053 619 Heclt'n‘,
1089 581 1186 612 tuae.

59 642 158 684 Huic
188 644 398 684 subvenire
431 645 638 695 debemus,
674 645 825 699 quaerit
856 644 958 685 enim
990 645 1202 685 auxilium:

174 721 276 768 Quid
299 726 421 769 pelam
448 720 622 769 praesidi
647 726 714 756 aut
742 720 928 770 e'oesequal·
942 723 960 756 ?
990 723 1108 770 qula-e
1136 734 1236 758 num·

168 793 328 829 :tm-llio
358 793 485 829 Ariliss
518 790 588 829 mit
604 792 708 844 sug-a
724 793 740 817 ³
766 793 874 847 freta
899 793 966 831 sim
983 797 1001 830 :²

166 868 272 903 Arce
300 872 337 903 et
366 865 457 903 urbe
488 865 580 903 brba
609 879 705 903 sum.

772 868 850 915 Quo
882 869 1052 904 tic-eldam
1068 868 1087 892 4
1105 872 1124 905 ‚⁹
1153 881 1225 918 quo
1256 867 1434 918 dpplieem
1451 874 1469 906 :³

169 940 242 976 (j'eli
267 952 334 976 nee
363 952 454 976 arae
477 941 628 990 patriae
660 941 763 977 domi
788 946 914 986 stanl‚·
936 941 1094 992 fructae
1123 948 1159 978 ec
1188 943 1366 979 dds-sectae
1397 945 1541 989 iacent,

168 1007 276 1050 Fdna
294 1015 454 1064 flamma
485 1014 721 1065 deflagrata,
757 1015 851 1051 ldsle'
873 1015 947 1051 alte·
971 1021 1075 1052 slaltt
1100 1010 1278 1065 parieles,

171 1086 385 1138 Dffarnmti
410 1093 521 1136 alque
550 1081 671 1123 a'bt'ele
700 1088 825 1137 erispa

55 1157 207 1199 Scitis⁵
227 1191 237 1210 ,
271 1171 369 1212 quae
401 1165 635 1212 sequantur,
672 1165 710 1198 et
740 1158 838 1199 ina⁶
871 1158 908 1198 in
943 1158 1098 1212 primis:

143 1253 164 1286 2
188 1255 227 1286 R.
251 1255 286 1286 P.
315 1255 390 1287 Vat.
422 1253 507 1285 Gud.
534 1254 564 1285 1.
593 1255 634 1285 ll.
668 1253 768 1287 duob.
801 1253 883 1286 Pall.
916 1254 1013 1286 Fabr.
1046 1256 1179 1287 accidat.
1226 1256 1266 1287 V.
1290 1256 1374 1289 Adn.

1433 1254 1455 1288 3
1482 1268 1510 1289 v.
1534 1256 1619 1289 Adn.

52 1300 74 1332 li>
99 1300 152 1332 Sic
173 1302 227 1331 Or.
250 1311 276 1330 c.
300 1299 331 1330 b.
357 1298 423 1342 (hie
445 1310 484 1330 ex
507 1301 606 1339 corr.)
629 1310 690 1341 pro
712 1298 800 1341 vulg.
825 1301 994 1331 accedam:
1019 1300 1109 1342 quod
1134 1301 1233 1331 etiam
1255 1301 1292 1333 R.
1314 1302 1349 1332 P.
1371 1313 1424 1344 ap.
1439 1302 1531 1333 XVes.
1558 1302 1620 1333 lm<

54 1345 143 1377 lient.
191 1344 212 1376 ὃ
239 1356 269 1374 v.
294 1344 379 1377 Adn.

426 1341 447 1374 6
472 1344 526 1375 Sic
546 1350 642 1375 acute
665 1345 722 1375 Tr.
748 1355 764 1374 e
788 1343 893 1380 coni.,
920 1355 1017 1386 quam
1039 1345 1137 1376 etiam
1161 1345 1218 1376 Kl.
1246 1346 1277 1376 in
1304 1346 1390 1378 Add.
1415 1346 1554 1389 probat:
1580 1359 1619 1378 eo

53 1390 139 1421 enim
161 1389 285 1420 ducunt
299 1389 335 1420 R.
357 1388 490 1420 P.Gud.
509 1388 539 1420 1.
562 1390 613 1426 ll.,
637 1388 692 1431 qui
713 1388 836 1419 habent
857 1394 883 1420 el
900 1391 986 1420 illam
1006 1392 1128 1428 primis,
1152 1391 1260 1422 Marb.
1283 1390 1422 1423 Vindfz.
1445 1392 1510 1423 duo
1525 1393 1620 1431 0³22,

53 1434 108 1477 qui
131 1434 254 1466 habent
275 1437 302 1465 et
325 1436 414 1466 illum
438 1436 469 1465 in
489 1436 622 1474 primis,
647 1436 701 1466 Or.
725 1445 752 1465 c.
775 1433 865 1476 vulg.
886 1439 912 1465 ec
932 1436 1010 1465 illud
1033 1437 1206 1474 inprimis.

120 1502 198 1533 CAP.
212 1501 309 1532 XIX.
330 1503 358 1545 ᾗ.
374 1498 428 1533 44.
455 1511 601 1541 expressa
617 1502 661 1532 ad
676 1501 817 1545 verbum]

52 1548 94 1580 V.
119 1558 217 1589 supra
240 1545 284 1577 ad
309 1557 335 1576 c.
357 1544 397 1584 4,
423 1546 455 1579 7.

122 1602 203 1631 eum,
225 1593 278 1632 qui
298 1593 343 1622 ila
366 1590 464 1634 dicul]
487 1591 608 1622 Rursus
627 1590 818 1623 Telamonis

56 1637 156 1668 verba
177 1648 194 1667 e
218 1635 407 1678 tragoedia,
434 1636 550 1678 quibus
572 1636 704 1667 exilium
726 1647 819 1667 suum

54 1682 218 1725 deplorat.
243 1681 275 1712 in
300 1680 386 1723 quod
411 1680 453 1712 ob
476 1681 612 1712 fratrem
630 1681 778 1713 Phocum
801 1693 819 1713 a

55 1739 90 1759 se
110 1726 322 1759 intersectum
344 1725 453 1769 pulsus
476 1726 597 1757 fuerat.
645 1726 697 1758 Cf.
719 1727 746 1769 §.
764 1723 819 1759 39.

54 1774 190 1805 Neidius.

121 1817 192 1860 Pol]
216 1818 299 1847 Sunt
321 1827 429 1847 rursus
452 1815 633 1847 tetrametri
658 1815 820 1847 trochaici

55 1861 247 1894 catalectici.
282 1863 362 1902 Defil
382 1861 516 1904 antique
535 1872 594 1904 pro
615 1860 735 1892 deficit.
770 1863 819 1892 De

54 1906 323 1951 pronuntiatione
347 1905 520 1937 verborum
540 1908 651 1946 quibus
673 1913 706 1937 et
729 1909 820 1938 rebus

55 1955 180 1996 (quibu,
202 1952 290 1990 reba)
320 1963 349 1983 v.
375 1950 416 1982 ad
442 1952 465 1981 Ι.
491 1952 532 1988 9,
562 1952 613 1984 12⁴.

120 1999 245 2037 fortuna
267 1997 400 2038 occidat]
428 1998 481 2028 Or.
507 2008 533 2027 c.
561 1995 694 2037 optimis
719 1995 816 2028 codd.

55 2046 98 2084 (v.
124 2043 162 2072 V.
190 2041 274 2080 Ser.)
300 2043 445 2080 accidal;
479 2040 539 2071 sed
570 2040 734 2072 sententia
755 2041 818 2072 fla-

53 2088 137 2130 gitat
159 2088 298 2118 occidat:
332 2085 420 2127 quod
445 2085 542 2116 etiam
571 2087 647 2117 Wes.
669 2087 691 2117 Ι.
715 2097 747 2128 p.
762 2085 817 2118 33.

54 2131 276 2175 recipiendum
315 2130 447 2162 iudicat.
517 2130 663 2162 Eandem
699 2130 817 2162 horum

53 2177 227 2209 verborum
262 2176 540 2218 permutationem
576 2186 673 2218 supra
711 2175 754 2207 ad
789 2177 813 2207 1.

51 2223 107 2260 35,
132 2223 187 2253 ³55.
213 2221 364 2252 vidimus.
412 2223 512 2252 Moser
534 2220 661 2263 recepit
684 2221 815 2264 quidem

53 2268 193 2306 occidat,
230 2266 288 2298 sed
321 2265 403 2297 illud
433 2265 568 2297 defendi
601 2276 697 2308 posse
720 2272 816 2308 putat

54 2312 150 2344 Ennii
170 2311 259 2353 loco,
281 2311 335 2354 qui
355 2310 476 2353 legitur
496 2311 538 2342 N.
556 2312 594 2343 D.
618 2312 746 2350 111.50,
762 2311 816 2345 75.

53 2363 87 2389 et
111 2356 153 2388 de
177 2357 250 2387 Fat.
280 2357 337 2394 15,
363 2356 415 2388 35.

108 2404 157 2433 Ex
177 2401 300 2441 opibus]
327 2401 385 2431 Est
402 2400 548 2431 senarius
566 2399 732 2431 iambicus.
769 2401 816 2431 De

51 2445 321 2478 annominatione
354 2446 463 2484 opibus
489 2446 554 2485 (=
581 2445 742 2486 potentia)
785 2452 818 2476 et

52 2494 119 2532 opis
145 2492 202 2533 (=
223 2489 346 2530 auxilii)
372 2501 402 2520 v.
428 2488 470 2520 ad
494 2488 548 2524 27,
572 2487 627 2521 64.

121 2538 216 2577 Huic]
243 2535 319 2567 Scil.
342 2533 604 2573 Andromachae,
631 2544 713 2576 quae
736 2535 818 2566 haec

53 2581 153 2613 verba
172 2581 302 2623 profert
322 2578 408 2622 apud
430 2579 580 2609 Ennium.
616 2580 736 2610 Versus
757 2590 819 2610 au—

52 2634 120 2658 tem
141 2626 196 2669 qui
214 2632 395 2668 sequuntur
414 2630 482 2655 tres
502 2623 628 2666 priores
646 2630 722 2654 sunt
743 2635 818 2655 cre-

53 2671 110 2704 tici
133 2670 338 2703 tetrametri:
377 2680 458 2712 quos
491 2668 533 2699 ad
564 2679 716 2699 numeros
741 2679 817 2700 suos

55 2716 223 2748 revocavit
238 2717 366 2748 Bentleii
385 2725 532 2746 acumen.
565 2714 673 2756 Vulgo
694 2713 741 2744 sic
759 2724 817 2744 ex-

54 2761 267 2792 hibebantur:

56 2807 138 2844 Quid
158 2810 261 2846 pelam
282 2806 424 2846 praesidi
444 2808 499 2835 aut
522 2804 697 2843 exsequar?
723 2811 819 2842 quove

339 2860 420 2881 nunc
444 2851 564 2880 auxilio
589 2852 643 2879 aul
668 2848 746 2890 fuga

54 2897 144 2927 Freta
167 2896 251 2926 sim?
288 2904 359 2927 arce
379 2898 414 2939 'et
443 2896 516 2926 urbe
540 2896 615 2925 orba
637 2902 724 2924 sum:
759 2902 819 2932 quo

341 2938 522 2971 accedam?
554 2949 613 2979 quo
637 2939 818 2977 applicem?

52 2983 255 3016 Posteriores
276 2990 385 3016 autem
400 2995 512 3016 versus
534 2990 610 3015 sunt
633 2994 741 3015 rursus
765 2989 819 3014 te-

853 1499 1000 1531 trametri
1019 1501 1177 1533 trochaici
1197 1501 1390 1535 catalectici.
1429 1502 1481 1537 Cf.
1496 1504 1621 1536 G.Her-

853 1555 1005 1577 mannum
1021 1545 1054 1576 in
1077 1546 1178 1578 Elem.
1197 1547 1305 1579 doctr.
1324 1554 1419 1579 metr.
1444 1560 1476 1590 p.
1491 1548 1557 1580 205
1568 1559 1617 1591 sq.

854 1590 1059 1622 Vocabulum
1081 1594 1165 1631 exili,
1191 1592 1279 1635 quod
1303 1592 1334 1623 in
1362 1592 1494 1635 vulgata
1518 1593 1620 1624 omit-

853 1636 957 1673 titur,
997 1635 1115 1677 legitur
1149 1636 1181 1668 in
1218 1637 1368 1669 omnibus
1402 1638 1473 1669 fere
1508 1638 1621 1676 codd„

855 1681 953 1712 etiam
974 1681 1118 1723 optimiS,
1142 1689 1176 1713 ut
1196 1683 1234 1713 R.
1249 1683 1283 1713 P.
1306 1682 1447 1721 Gud.1.,
1469 1689 1502 1714 et
1525 1695 1620 1715 com-

854 1725 1000 1768 pluribus
1022 1725 1097 1757 edd.
1116 1733 1197 1758 vett.
1232 1728 1293 1759 Pro
1315 1729 1391 1767 fa9a
1414 1730 1468 1759 Or.
1489 1740 1516 1761 c.
1536 1728 1618 1760 Ball.

854 1781 919 1802 uno
942 1772 1000 1803 Ox.
1024 1777 1058 1802 et
1084 1775 1186 1813 Aug„
1223 1772 1312 1803 nulla
1343 1779 1482 1815 cogente
1503 1784 1620 1805 neces-

853 1815 962 1854 sinite,
988 1815 1091 1846 edidit
1113 1819 1216 1856 fugae.
1252 1818 1315 1848 Pro
1336 1820 1460 1857 patriae
1483 1818 1525 1850 ob
1546 1829 1621 1849 me-

852 1867 942 1892 trum
964 1863 1118 1892 Bentleius
1146 1861 1356 1892 scribendum
1381 1868 1491 1893 censet
1520 1865 1622 1902 patris

854 1905 905 1936 vel
938 1908 1045 1944 palri’.
1099 1908 1190 1937 Domi
1221 1906 1330 1948 potius
1364 1905 1621 1951 μονοσυλλάβως

856 1950 958 1993 ((Γτηί)
994 1951 1275 1992 pronuntiandum
1298 1962 1387 1989 esse,
1423 1952 1534 1983 multis
1559 1963 1621 1983 ex-

854 1994 970 2037 emplis
992 1995 1146 2036 probavit
1171 1998 1240 2028 Chr.
1258 1998 1395 2027 Wassius
1415 1996 1456 2028 (le
1477 1997 1620 2028 Licentt.

853 2041 944 2070 Vett.
978 2040 1083 2071 Poett.
1117 2051 1149 2083 p.
1179 2040 1252 2073 160.
1313 2042 1364 2071 Cf.
1396 2043 1451 2073 1V.
1475 2042 1537 2079 31,
1563 2041 1617 2075 67.

852 2087 944 2116 Fores
965 2100 1010 2111 =
1034 2088 1116 2117 Fres.
1172 2085 1272 2117 Nullo
1310 2085 1411 2117 modo
1447 2086 1620 2128 probanda

853 2137 901 2160 est
929 2131 1030 2170 Wolfii
1051 2129 1237 2167 sententia,
1271 2131 1324 2173 qui
1356 2131 1505 2163 ultimam
1528 2131 1620 2163 verbi

852 2177 936 2206 domi
960 2175 1120 2218 syllabam
1147 2175 1389 2218 corripiendam
1415 2183 1538 2208 censet.

927 2230 987 2260 quo
1018 2220 1186 2263 occidam]
1224 2221 1416 2252 Sententia:
1453 2221 1493 2252 ad
1531 2221 1620 2252 cuius

851 2276 956 2307 genua
990 2265 1130 2307 supplex
1162 2265 1319 2298 accidam.
1344 2285 1379 2289 ——-
1433 2277 1492 2305 quo
1516 2268 1620 2305 appli-

851 2312 942 2342 cem?
982 2310 1135 2341 reflexive
1159 2322 1190 2341 v.
1215 2310 1432 2341 intransitive.
1479 2312 1520 2341 V.
1547 2309 1617 2341 Ad-

851 2362 966 2386 notata
998 2355 1030 2385 in
1057 2356 1082 2386 l.
1104 2352 1167 2392 44,
1197 2354 1269 2387 107.
1319 2356 1392 2386 Hoc
1417 2355 1551 2385 verbum
1580 2366 1619 2386 ex

853 2401 1076 2431 Romanorum
1101 2410 1197 2429 sensu
1222 2399 1346 2430 dictum
1373 2411 1466 2437 esse,
1502 2399 1620 2431 obser-

851 2444 942 2476 vavit
968 2446 1099 2476 Orellius
1135 2443 1198 2484 (de
1233 2447 1452 2484 applicationis
1485 2444 1553 2476 iure
1589 2456 1618 2476 v.

853 2500 935 2531 quos
957 2488 1000 2519 ad
1023 2488 1088 2519 Cic.
1108 2488 1150 2518 de
1171 2490 1261 2519 Orat.
1285 2491 1308 2519 Ι.
1330 2490 1384 2527 39,
1409 2489 1479 2522 177.
1506 2489 1619 2520 attulit

852 2533 1077 2572 Harlessius5),
1100 2533 1220 2563 rectius
1232 2536 1372 2566 Klolzius
1390 2534 1618 2577 metaphoram

853 2590 871 2609 a
896 2589 930 2609 re
955 2576 1085 2608 nautica
1111 2576 1241 2609 ductam
1266 2589 1337 2610 esse
1363 2586 1485 2610 censet.

921 2624 1017 2654 abiete
1036 2623 1155 2663 crispa]
1183 2623 1304 2662 Quales
1326 2624 1435 2655 trabes
1459 2624 1619 2667 abiegnae

854 2678 925 2698 esse
958 2666 1087 2706 solent,
1124 2678 1221 2710 quum
1245 2675 1322 2700 sunt
1355 2668 1510 2708 adustae,
1550 2680 1617 2701 non

854 2712 951 2754 plane
975 2711 1177 2751 combustae,
1202 2713 1249 2744 uti
1273 2716 1428 2745 Ernesrius
1449 2715 1618 2756 interpre—

853 2764 952 2788 tatur.
977 2759 1174 2789 Forcellinius
1192 2758 1223 2789 h.
1239 2770 1269 2790 v.
1291 2759 1450 2801 explicat:
1472 2763 1540 2800 i9ne
1551 2769 1618 2790 cor-

852 2805 988 2842 ruyata,·
1015 2801 1177 2833 Kernius:
1201 2806 1283 2835 raah
1303 2807 1462 2844 gebramzt.

922 2847 1027 2890 Scitis]
1051 2847 1104 2877 Sic
1121 2854 1211 2879 recte
1229 2850 1282 2881 Or.
1305 2860 1332 2879 c.
1353 2848 1498 2890 plurimis
1518 2846 1616 2878 codd.

855 2897 889 2923 et
910 2891 1055 2934 optimis,
1077 2898 1113 2923 ut
1132 2893 1170 2924 R.
1186 2894 1220 2924 P.
1243 2894 1315 2926 Vat.
1339 2892 1426 2923 Gud.
1445 2892 1538 2929 1.b.;
1562 2890 1617 2923 alii

853 2939 931 2969 scis:
951 2943 1101 2980 apertum
1120 2937 1295 2980 glossema.
1333 2937 1447 2968 Cicero
1471 2947 1537 2968 non
1560 2946 1618 2967 so-

853 2981 920 3014 lum
955 2981 1160 3023 auditorem,
1208 2983 1267 3014 sed
1301 2982 1382 3014 alios
1418 2991 1548 3024 quoque
1584 2981 1618 3012 iu
