1863 3221
211 156 263 198 74

805 157 1103 197 LlBER1.12,
1129 156 1182 191 27.

209 245 287 287 scis
311 245 401 294 illis,
436 255 532 296 quos
559 253 710 281 cascos
726 239 891 293 appellat
912 237 1079 289 Ennius,
1114 250 1203 277 esse
1228 237 1267 276 in
1291 243 1415 277 morte
1436 250 1609 286 sensum,
1643 249 1768 290 neque

210 332 379 359 exce-ssu
401 316 504 356 vitae
528 313 585 354 sic
610 313 731 353 deleri
755 312 947 352 hominem
963 343 974 362 ‚

1010 319 1048 351 ut
1076 311 1246 351 funditus
1273 309 1476 361 interiret3
1512 310 1626 363 idque
1653 323 1768 362 quum

209 390 338 432 multis
357 389 443 428 aliis
468 387 600 437 rebus,
635 394 712 426 tum
738 399 758 425 e
777 385 973 440 pontificio
995 385 1078 425 iure
1097 391 1136 424 et
1154 385 1206 423 e4
1234 377 1769 437 caerimoniis'sepulcrorum

209 462 370 516 intelligi
403 461 516 511 licet,
561 473 656 514 quas
687 458 869 499 maximis
900 458 1068 511 ingeniis
1097 456 1258 512 praediti
1283 469 1354 495 uec
1384 463 1486 495 tanta
1508 469 1600 495 cura
1628 455 1769 495 coluis-

208 543 321 586 sent,
364 549 436 575 nec
470 533 634 573 violatas
662 539 735 572 tam
768 531 993 586 inexpiabili
1021 530 1210 584 religione
1237 528 1486 578 sanxissent,
1531 528 1605 568 nisi
1632 528 1769 571 haere-

209 612 300 650 ret⁵
328 608 366 648 in
392 621 526 648 eorum
554 606 771 656 mentibus,
805 612 967 644 mortem
990 619 1066 644 non
1087 603 1284 643 interitum
1309 615 1398 641 esse
1422 601 1550 640 omnia
1570 601 1767 640 tollentem

209 689 324 736 atque
353 681 544 722 delentem
562 712 572 731 ,
608 680 675 719 sed
702 678 890 732 quandam
916 677 1024 732 quasi
1051 676 1321 730 migrationem
1353 674 1769 728 commutationemque

299 793 321 825 4
346 793 399 824 Sic
420 794 457 825 R.
480 792 528 824 El.
552 791 580 824 1.
609 792 704 829 Bak.;
743 793 798 822 Or.
822 802 848 821 c.
874 790 959 832 vulg.
988 801 1051 820 om.
1075 799 1099 821 e.

209 838 319 871 multis
345 838 442 870 codd.
474 839 536 880 (De
562 836 646 868 Gud.
671 836 699 868 1.
722 842 812 867 tacet
839 836 939 876 Mos.)
988 834 1095 876 Vulgo
1120 836 1273 865 haesisset.

209 906 377 938 Adnotata
411 905 442 936 in
476 907 517 936 ll.
545 904 604 942 18,
630 902 685 935 43.
731 903 803 934 Hac
834 902 867 933 vi
901 902 972 933 fre-

209 950 421 995 quentissime
454 950 519 981 hoc
544 948 737 980 vocabulum
764 947 973 989 coniungitur

211 1008 284 1028 cum
308 995 524 1038 superlativis.
550 995 590 1028 V.
618 992 781 1024 Adnotata
806 992 839 1023 iu
863 993 902 1023 ll.
917 989 971 1032 26,

209 1040 263 1073 64.
311 1043 347 1072 ln
372 1040 470 1079 locis,
497 1040 536 1071 ab
563 1041 675 1071 Orelli«)
700 1037 824 1069 allatis:
855 1037 974 1068 Catull.

207 1085 263 1124 ⁴22,
288 1086 326 1117 ὃς
354 1086 444 1116 Haec
469 1095 567 1126 quum
592 1082 680 1124 legas
706 1089 760 1120 tu,
787 1081 891 1113 bellus
916 1081 972 1111 ille

211 1138 244 1162 et
277 1130 418 1162 urbanus
453 1128 603 1160 Suffenus
639 1138 720 1157 nnus
755 1125 972 1168 caprimulgus

209 1182 265 1206 aut
287 1176 396 1206 fossor
422 1175 541 1204 Rursus
567 1172 706 1207 videtur,
734 1178 767 1202 et
791 1171 825 1202 C.
851 1170 892 1201 de
919 1173 973 1201 Or.

210 1222 235 1252 l.
251 1217 314 1257 29,
343 1218 422 1251 132:
450 1218 533 1249 sicut
560 1229 639 1247 unus
662 1215 898 1258 paterfamilias
923 1215 972 1245 his

210 1265 251 1296 de
273 1265 368 1296 rebus
393 1264 528 1305 loquor,
554 1272 633 1293 uuus
656 1261 756 1292 habet
778 1260 840 1291 vim
865 1260 973 1291 derni-

210 1310 348 1341 nuendi:
375 1311 472 1340 nichts
492 1310 606 1345 uvifer,
631 1306 676 1337 als
700 1306 750 1335 ein
766 1305 974 1346 Ziegenmel—

210 1356 279 1396 ker,
305 1356 402 1386 nichls
426 1355 549 1391 writer,
574 1351 620 1382 als
646 1351 696 1381 ein
722 1350 974 1380 Familieuvater

212 1400 310 1442 (bene
332 1401 489 1431 Klotzius:
515 1397 560 1427 als
584 1396 634 1426 ein
661 1394 822 1426 einzelnes
848 1394 974 1425 indivi-

211 1445 337 1482 duum).
387 1444 560 1485 Nunquam
585 1451 665 1472 unus
689 1439 882 1480 simpliciter
913 1450 971 1481 pro

212 1492 326 1529 aliquis
359 1499 377 1518 a
409 1486 572 1518 veteribus
602 1484 817 1526 scriptoribus
843 1483 971 1514 dicitur.

211 1534 349 1565 Fallitur
383 1534 503 1563 Ellendt
535 1530 577 1561 ad
612 1531 648 1563 C.
675 1529 715 1560 de
742 1531 796 1561 Or.
832 1528 972 1560 Vol.11.

214 1590 245 1621 p.
268 1576 322 1610 76.

277 1632 382 1655 cascos
404 1623 541 1660 appellat
567 1620 698 1659 Ennius}
738 1619 842 1649 Varro
869 1618 907 1648 L.
933 1617 971 1648 L.

212 1680 233 1711 p
264 1666 308 1699 86
339 1667 389 1698 ed.
417 1666 485 1707 Bip.
510 1664 681 1706 (movit.
711 1675 740 1705 p.
757 1662 834 1694 315.
861 1664 973 1704 Spen—

212 1712 311 1755 geNJ:
351 1714 389 1742 Et
416 1710 554 1753 primum
578 1719 703 1740 cascum
727 1707 888 1750 siguificat
913 1718 974 1737 ve·-

212 1766 284 1793 tus3
311 1757 378 1788 eius
403 1755 496 1797 origo
523 1754 660 1789 Sabinu,
687 1764 769 1795 quae
795 1764 894 1795 usque
919 1764 974 1782 ra-

213 1803 302 1834 dices
339 1801 371 1832 in
399 1804 512 1832 Oscum
548 1799 691 1839 linguam
717 1797 792 1839 egit.
842 1800 974 1829 Cascam

212 1854 306 1878 vetus
331 1858 418 1883 esse,
444 1844 607 1886 significat
632 1842 762 1880 Ennius,
790 1853 887 1884 quum
908 1841 972 1873 ait:

214 1895 316 1932 Quam
333 1894 470 1931 primum
491 1891 572 1921 casei
585 1890 692 1927 populi
713 1897 842 1927 yenuere
860 1888 974 1917 Latini.

214 1937 338 1968 Gellius
364 1937 405 1968 N.
434 1939 468 1966 Α.
497 1936 530 1971 Ῐ,
559 1933 616 1964 10:
654 1932 854 1963 Adolescens
889 1941 974 1962 casce

212 1982 308 2013 nimis
339 1988 372 2011 et
405 1986 534 2012 vetuste
560 1978 708 2020 loquens.
758 1979 858 2008 Moser
882 1975 974 2006 addit

213 2025 360 2068 Pompei.
407 2026 538 2055 Festum
561 2035 592 2064 p.
613 2023 745 2052 XXXI.
769 2021 821 2051 ed.
846 2020 975 2061 Scalig.‚

213 2073 353 2102 Klotzius
388 2072 420 2101 C.
456 2070 563 2107 Odofr.
595 2069 716 2097 Mitllerz'
751 2065 917 2096 Etr-usker.
954 2066 975 2096 l.

214 2127 248 2157 p.
268 2114 322 2145 41.
347 2121 380 2144 ct
401 2114 573 2152 Groteseud.
597 2111 629 2141 in
651 2109 789 2141 Seebod.
812 2110 854 2140 N.
878 2109 976 2141 Arch.

217 2157 313 2190 1³29.
341 2159 400 2188 Nr.
420 2157 474 2188 31.

282 2214 296 2235 e
318 2204 475 2242 pontificio
508 2203 574 2231 iure
605 2204 632 2230 et
664 2209 678 2230 e
706 2209 784 2230 caer.
811 2198 889 2240 sep]
928 2198 976 2228 De

214 2248 438 2291 sepulcrorum
465 2245 622 2286 religione
647 2244 722 2275 vide
747 2255 829 2286 quae
854 2249 975 2273 contu-

215 2293 323 2325 lerunt
343 2295 472 2325 Creuzer
498 2290 539 2320 ad
560 2289 625 2320 Cic.
643 2289 683 2319 de
699 2290 798 2330 Legg.
817 2286 906 2323 1.2·2,
922 2287 975 2318 55.

216 2350 248 2381 p.
265 2337 342 2369 3¹21.
390 2338 536 2367 Davisius
559 2341 591 2364 et
615 2336 714 2365 Moser
736 2334 777 2364 ad
800 2333 830 2363 h.
850 2332 871 2362 l.
911 2332 976 2362 Ce-

200 2391 322 2414 -terum
344 2383 490 2413 Davisius
513 2391 530 2410 e
556 2380 591 2410 R.
616 2379 663 2409 El.
690 2378 716 2410 1.
744 2378 819 2409 ssak.
846 2376 926 2418 legit
951 2380 975 2407 el

216 2438 231 2459 e
255 2438 355 2459 caen:
391 2425 478 2468 quod
505 2431 593 2455 recte
620 2423 738 2465 probat
763 2424 906 2454 Handius
934 2420 976 2451 ad

220 2474 378 2510 Wopkens,
393 2472 498 2500 Lecttt.
512 2469 598 2500 Tull.
614 2469 669 2499 lll.
683 2466 714 2499 9.
729 2480 758 2510 p.
771 2467 848 2499 355.
876 2468 974 2497 Prae-

218 2515 339 2558 positio
377 2515 461 2545 enim
494 2514 525 2544 in
551 2513 684 2555 singulis
717 2524 799 2555 quae.
825 2511 976 2553 copulata

217 2566 293 2590 sunt
318 2558 475 2590 orationis
499 2558 651 2588 membris
675 2558 853 2600 repetitur,
879 2567 977 2598 quum

219 2615 331 2636 eorum
355 2603 608 2644 unumquodque
629 2603 804 2643 separatim
827 2601 978 2643 cogitan-

219 2650 295 2680 dum
321 2654 353 2678 vt
378 2659 449 2678 cum
477 2648 504 2676 ri
531 2646 667 2688 (pradum
689 2647 891 2678 efferendum
917 2652 976 2684 est,

221 2701 255 2725 ut
279 2694 334 2725 Ill.
356 2690 396 2730 4,
421 2692 458 2722 ὅς
493 2691 574 2721 haec
600 2690 725 2727 omnis,
760 2703 842 2733 quae
868 2697 917 2721 est
941 2692 978 2722 de

219 2739 287 2770 vita
312 2744 344 2768 et
369 2739 406 2768 de
430 2736 584 2771 moribus,
610 2734 828 2776 philosophia.
878 2748 904 2766 c.
923 2734 976 2773 21,

219 2784 280 2815 50:
305 2782 362 2823 ita,
388 2780 497 2817 credo,
524 2782 560 2810 de
580 2779 707 2809 honore
730 2786 784 2809 aut
809 2781 845 2810 de
868 2780 978 2820 digni—

219 2835 288 2860 tate
313 2825 550 2859 contendimus.
600 2824 654 2854 IV.
677 2822 737 2861 20,
763 2820 837 2860 46„
872 2824 925 2853 ubi
948 2836 977 2855 v.

221 2873 304 2905 Adn.
331 2883 357 2903 c.
375 2870 432 2908 30,
456 2867 518 2900 64:
543 2870 580 2899 de
604 2874 710 2898 morte
735 2874 767 2898 et
790 2869 826 2898 (le
852 2867 974 2898 dolore.

222 2930 249 2950 c.
271 2917 334 2955 31,
358 2913 420 2947 65:
455 2916 492 2946 de
517 2912 642 2944 laetitia
667 2920 699 2943 et
724 2914 760 2943 de
786 2912 976 2953 cupiditate.

223 2963 347 2993 Contra
370 2961 403 2992 iu
428 2959 533 3002 primo
558 2964 685 2989 tantum
709 2956 855 2987 membro
880 2956 981 2998 poni-

222 3013 292 3045 tur,
344 3016 441 3049 quum
477 3002 602 3045 singula
638 3001 782 3033 membra
815 3000 849 3032 in
883 3011 980 3031 unam

1147 790 1186 820 V.
1208 787 1291 819 Adn-
1340 787 1360 818 5
1387 789 1439 820 Or.
1464 798 1491 818 c.
1516 787 1552 817 R.
1576 786 1607 817 b.
1633 785 1768 828 aliisque

1322 834 1361 863 V.
1386 831 1471 865 Ado.

1008 901 1097 943 quasi
1124 900 1294 931 notionem
1319 900 1518 931 coalescunt.
1579 897 1629 929 Cf.
1656 899 1767 929 Rams-

1008 949 1093 978 horn.
1118 947 1192 976 Lat.
1221 945 1365 976 Gramm.
1396 946 1422 987 ξ.
1447 942 1528 980 151,
1552 941 1583 973 2.
1633 944 1769 974 Kizhner.

1011 993 1044 1021 1..
1074 992 1130 1021 Gr.
1155 992 1181 1029 ῥ’.
1200 988 1272 1021 117.
1296 990 1373 1021 Not.
1390 989 1420 1020 2.
1468 990 1606 1019 Kritzius
1626 986 1667 1018 ad
1690 986 1768 1018 Sall.

1010 1037 1080 1067 Cat.
1102 1036 1241 1071 XLIX,
1270 1034 1298 1065 1.
1359 1034 1412 1065 Sic
1444 1044 1574 1074 semper
1606 1032 1637 1063 in
1663 1032 1768 1063 altero

1007 1080 1155 1111 membro
1181 1079 1343 1110 omittitur
1366 1077 1587 1120 praepositio,
1613 1088 1712 1119 quum
1736 1075 1770 1106 id

1008 1125 1109 1167 priori
1144 1124 1234 1166 quasi
1274 1122 1501 1165 explicationis
1536 1133 1647 1153 caussa
1671 1120 1770 1152 addi-

1008 1177 1076 1200 tum
1104 1175 1163 1199 est.
1214 1168 1302 1199 Infra
1323 1169 1361 1199 V.
1388 1167 1440 1205 14,
1465 1167 1525 1198 41:
1553 1169 1584 1198 in
1607 1168 1710 1198 labore
1731 1176 1769 1197 ac

1008 1217 1129 1246 dolore:
1167 1213 1245 1244 hinc
1268 1224 1397 1255 semper
1430 1215 1461 1243 in
1486 1214 1546 1252 fide
1579 1215 1606 1242 et
1629 1213 1770 1242 amicitia

1008 1270 1080 1291 esse.
1130 1259 1168 1290 V.
1193 1261 1335 1289 Goerenz.
1355 1257 1397 1288 ad
1420 1256 1519 1288 Acad.
1545 1255 1659 1293 11.35‚
1688 1254 1767 1286 112:

1012 1305 1058 1335 De
1085 1303 1331 1345 praepositione
1356 1305 1434 1334 inler
1456 1302 1543 1332 infra
1567 1301 1609 1332 ad
1635 1301 1688 1333 IV.
1716 1296 1768 1338 14,

1008 1348 1061 1379 32.
1088 1348 1244 1379 dicemus.

1076 1403 1130 1424 nec
1162 1395 1295 1423 violatas
1326 1411 1369 1414 —
1401 1393 1546 1431 reliyz‘one
1581 1389 1768 1431 sanxissent]

1010 1439 1050 1468 H.
1079 1449 1106 1468 e.
1134 1449 1194 1468 nec
1217 1436 1417 1475 sanxissent,
1449 1443 1501 1473 ut,
1527 1434 1552 1465 si
1578 1435 1630 1477 qui
1655 1433 1769 1475 sepul-

1008 1494 1136 1514 crorum
1163 1481 1376 1513 caerimonias
1401 1481 1600 1517 violassent,
1628 1479 1767 1520 culpam,

1009 1539 1090 1571 quae
1114 1527 1202 1557 nullo
1225 1525 1354 1567 piaculo
1375 1525 1459 1556 solvi
1485 1530 1606 1567 posset,
1633 1530 1769 1555 contra-

1007 1572 1092 1604 xisse
1111 1577 1313 1614 putarentur.
1349 1572 1466 1610 Reliqto
1486 1568 1572 1599 enim
1592 1575 1641 1599 est
1662 1567 1767 1610 culpa,

1009 1629 1109 1660 quae,
1146 1628 1243 1659 quum
1268 1615 1443 1656 religiones
1468 1614 1648 1651 violantur,
1684 1624 1767 1644 con—

1007 1662 1157 1693 trahitur.
1207 1661 1249 1691 N.
1270 1661 1308 1691 D.
1327 1662 1366 1691 ll.
1384 1659 1423 1691 4:
1444 1659 1493 1690 vir
1508 1657 1766 1701 sapientissimus

1011 1726 1051 1730 —-
1077 1713 1248 1749 peccatum
1277 1717 1369 1736 suum
1393 1723 1436 1728 —-
1462 1703 1609 1735 conliteri
1642 1702 1768 1741 maluit,

1011 1763 1105 1794 quam
1133 1752 1267 1782 haerere
1293 1750 1325 1781 in
1350 1762 1384 1781 re
1410 1749 1539 1791 publica
1565 1747 1766 1789 religionem.

1011 1799 1046 1827 (ἶ.
1075 1796 1153 1827 Phil.
1175 1797 1198 1826 1.
1218 1793 1259 1833 6,
1289 1794 1347 1826 13;
1386 1801 1421 1824 ut
1452 1793 1664 1835 inexpiabiles
1691 1792 1768 1823 reli-

1009 1841 1122 1883 giones
1158 1841 1190 1871 in
1226 1851 1293 1870 rem
1326 1839 1491 1882 publicam
1525 1838 1768 1869 inducerentur.

1012 1887 1050 1917 V.
1076 1888 1248 1917 Erneslz'um
1279 1885 1311 1915 in
1336 1884 1423 1914 Clav.
1450 1883 1480 1914 h.
1502 1895 1552 1919 v.,
1592 1884 1771 1914 Schmzium

1009 1931 1040 1961 in
1059 1932 1139 1961 Lex.
1160 1930 1225 1960 Cic.
1246 1930 1279 1960 h.
1296 1941 1340 1967 v.,
1366 1930 1583 1968 Naeyelslmch.
1607 1928 1681 1958 Lat.
1700 1926 1769 1958 Sti-

1010 1975 1073 2006 list.
1100 1987 1130 2017 p.
1146 1971 1190 2006 43
1206 1994 1242 1997 —
1256 1974 1309 2012 45,
1336 1973 1389 2016 qui
1410 1973 1513 2003 varias
1534 1972 1627 2003 huius
1651 1984 1683 2003 v.
1705 1983 1770 2003 no-

1013 2021 1118 2051 tiones
1145 2019 1314 2050 enucleate
1339 2017 1499 2060 exposuit.

1080 2064 1228 2106 haereret]
1253 2063 1451 2106 praegressis
1471 2064 1632 2093 coluissent
1649 2067 1681 2092 et
1698 2071 1769 2092 san-

1011 2113 1145 2147 xissent,
1178 2106 1536 2150 exspectes‘haesisset,
1571 2118 1674 2148 neque
1707 2105 1768 2136 ali-

1012 2161 1062 2184 ter
1086 2153 1184 2194 vulgo
1210 2153 1330 2194 legitur
1356 2155 1399 2194 (v.
1425 2154 1463 2183 V.
1486 2151 1590 2189 S‹:r.);
1616 2158 1648 2181 at
1674 2150 1768 2181 male.

1012 2198 1119 2229 Verba
1155 2197 1239 2227 enim
1271 2200 1332 2228 nisi
1356 2199 1491 2227 haereret.
1516 2196 1704 2225 reseruntur
1727 2195 1768 2225 ad

1012 2242 1091 2273 illud
1116 2242 1221 2283 ipsum
1246 2248 1395 2283 tempus,
1418 2252 1481 2282 quo
1507 2240 1603 2281 prisci
1632 2239 1769 2270 Romani

1012 2286 1223 2319 caerimonias
1254 2298 1378 2316 summa
1408 2296 1482 2315 cura
1506 2284 1667 2315 colebant.
1717 2284 1769 2314 Cs.

1013 2332 1105 2367 037,
1126 2330 1178 2361 259.
1231 2331 1321 2363 Lael.
1343 2329 1374 2367 4,
1399 2328 1456 2360 13:
1481 2328 1634 2370 (maiores
1650 2327 1767 2369 nostri)

1012 2376 1148 2407 mortuis
1179 2382 1246 2406 tam
1279 2376 1429 2417 religiosa
1462 2374 1530 2404 iura
1565 2373 1766 2404 tribuerunt:

1012 2421 1098 2464 quod
1125 2432 1188 2451 non
1213 2420 1365 2451 fecissent
1388 2419 1551 2461 profecto,
1578 2417 1604 2448 si
1626 2417 1705 2448 nihil
1728 2417 1769 2448 ad

1013 2478 1067 2497 eos
1093 2466 1255 2508 pertinere
1279 2468 1512 2496 arbilrareulur.
1561 2474 1620 2505 pro
1646 2462 1770 2493 Milone

1016 2510 1074 2547 17,
1109 2510 1168 2541 45:
1207 2522 1302 2552 quam
1329 2509 1520 2541 concionem
1546 2527 1607 2543 -,
1644 2506 1704 2537 nisi
1729 2506 1770 2538 ad

1014 2556 1192 2597 cogitatum
1213 2555 1339 2586 facinus
1354 2556 1587 2593 approperaret,
1608 2563 1771 2594 nunquam

1013 2600 1205 2642 reliquisset.
1250 2599 1321 2630 Pari
1342 2599 1469 2629 ratione
1489 2597 1717 2638 imperfectum
1737 2596 1769 2627 in

1013 2645 1151 2688 apodosi
1177 2644 1328 2687 ponitur,
1354 2653 1542 2684 praegresso
1562 2641 1712 2683 plpsecto
1736 2641 1768 2671 in

1014 2690 1148 2733 protasi.
1197 2691 1235 2721 V.
1267 2688 1432 2719 Adnotata
1466 2686 1497 2717 in
1534 2687 1588 2717 lll.
1617 2685 1679 2724 22,
1706 2683 1767 2716 54:

1012 2737 1191 2767 mederetur.
1241 2732 1436 2764 Doctissime
1465 2731 1550 2761 huuc
1577 2730 1767 2771 grammati-

1015 2792 1070 2811 cae
1095 2779 1232 2810 Latinae
1255 2777 1362 2808 locum
1384 2774 1597 2817 pertractavit
1619 2778 1654 2805 G.
1677 2777 1709 2805 Τ.
1733 2775 1768 2805 Α.

1015 2827 1135 2862 Κτίῑμεν
1158 2824 1208 2854 in:
1252 2823 1428 2853 Unlersuch.
1459 2822 1530 2851 iiber
1559 2821 1590 2849 d.
1616 2821 1668 2849 lat.
1695 2820 1769 2857 Spr-

1015 2871 1055 2900 ΙΙ.
1076 2869 1167 2899 Het't.
1216 2867 1266 2898 cf.
1289 2868 1472 2897 Ramshorn.
1497 2865 1535 2894 L.
1561 2864 1617 2894 Gr.
1645 2861 1769 2906 §.193-

1015 2915 1149 2944 Κῐὶῖιηεν.
1174 2913 1212 2942 L.
1226 2912 1283 2941 Gr.
1300 2912 1328 2952 ᾗ.
1347 2908 1419 2949 153.
1438 2909 1515 2940 Not.
1529 2906 1562 2939 7.
1602 2910 1659 2938 Ed.
1677 2910 1770 2938 Wun-

1014 2959 1079 2988 der.
1104 2956 1146 2988 ad
1170 2954 1334 2987 Plancian.
1357 2965 1388 2996 p.
1403 2951 1481 2984 222.
1530 2954 1672 2985 Ochsner.
1700 2951 1767 2982 Ecl.

1017 3001 1082 3032 Cic.
1107 3013 1139 3043 p.
1155 2997 1231 3033 229.
1279 3000 1438 3031 Ruhnken.
1463 2998 1504 3029 ad
1529 2998 1605 3029 Ter.
1626 2995 1727 3028 Andr.
1745 2996 1771 3026 Ι.
