1832 3137
654 98 818 130 Lissssn
843 99 883 130 n.
908 97 951 140 3,
976 95 995 130 7

1529 88 1607 128 185

46 191 180 220 eornm
203 184 264 216 est
287 175 583 225 multitudinem,
613 177 677 230 qui
700 176 964 231 scripserunt,
990 177 1122 216 eadem
1143 176 1246 216 enim
1266 175 1446 216 dicuntur
1466 190 1488 216 a
1509 177 1607 216 mul·

47 250 118 290 tis:

45 323 78 363 si
102 322 149 362 ad
176 322 271 362 haec
293 322 419 362 studia
446 322 576 377 plures
601 322 878 362 confluxerint.

159 263 212 289 ex
242 263 317 303 quo
350 249 460 288 libris
491 249 619 289 omnia
651 250 906 290 referserunt.

970 247 1084 302 Quod
1117 249 1265 290 accidet
1295 249 1408 290 etiam
1442 249 1603 299 nostris,

941 321 1019 363 Sed
1051 337 1141 374 eos,
1175 323 1206 363 si
1235 337 1463 378 possumus,
1498 322 1608 363 exci-

34 404 193 446 temus,
233 396 296 450 qui
333 395 546 436 liberaliter
580 395 742 446 eruditi,
785 395 952 435 adhibita
989 396 1103 436 etiam
1139 395 1358 437 disserendi
1392 395 1603 450 elegantia,

44 469 195 509 ratione
227 476 266 509 et
295 469 358 510 via
390 469 723 524 philosophantur.

159 540 236 582 111.
271 549 312 583 7.
341 541 416 582 Est
439 542 540 583 enim
565 542 755 596 quoddam
779 555 902 595 genus
926 555 1077 592 eorum,
1112 542 1174 596 qui
1200 557 1243 582 se
1266 543 1515 598 philosophos
1539 558 1606 597 ap-

46 616 180 670 pellari
200 616 351 666 volunt,
381 630 542 670 quorum
567 615 745 655 dicuntur
767 628 855 655 esse
875 613 1008 654 Latini
1031 629 1125 655 sane
1150 616 1256 655 multi
1281 616 1382 667 libri,
1411 631 1508 670 quos
1529 631 1606 656 non

45 696 252 730 contemno
275 689 468 742 equidem,
503 689 640 742 quippe
663 701 759 742 quos
785 702 979 742 nunquam
1003 688 1186 742 legerim,
1221 689 1288 728 sed
1314 689 1400 743 quia
1424 691 1607 744 profiten-

45 770 109 802 tur
134 762 206 817 ipsi
231 762 308 812 illi,
349 762 413 816 qui
440 775 509 801 eos
536 761 732 812 scribunt,
773 775 816 801 se
842 775 968 815 neque
993 761 1194 812 distincte,
1235 776 1360 816 neque
1385 762 1604 811 distribute,

46 849 172 889 neque
195 835 419 889 eleganter,
453 848 578 889 neque
607 841 744 875 ornate
769 834 966 886 seribere,
999 835 1205 876 lectionem
1229 835 1314 876 sine
1339 835 1414 875 ulla
1439 835 1608 875 delecta-

46 976 98 1015 rit,
116 976 270 1019 progredi
288 988 468 1020 possumus.
502 977 565 1009 Pro
581 978 712 1008 occurrit
724 975 810 1007 male

46 1023 101 1052 Or.
128 1033 156 1053 c.
177 1021 264 1063 vulg.
290 1021 393 1053 edidit
417 1024 581 1054 occurrerit
590 1032 600 1061 ,·
625 1028 658 1052 at
678 1021 809 1052 indica-

46 1066 149 1098 tivum
174 1073 309 1097 tuentur
336 1067 374 1097 R.
401 1066 487 1099 Gud.
520 1069 546 1098 l.
572 1068 612 1097 Il.
635 1067 666 1097 2.
690 1066 810 1108 aliique

46 1111 141 1142 multi
163 1118 197 1142 et
220 1111 333 1142 Boeth.
355 1111 386 1142 in
410 1111 477 1142 Cic.
502 1113 588 1153 Top.
610 1111 731 1152 p.37‘.>‚
754 1110 809 1143 26.

48 1156 132 1188 Bait.
178 1157 218 1188 V.
244 1155 331 1187 infra
355 1155 396 1187 ad
418 1153 481 1195 24,
505 1157 566 1188 50⁴:
605 1155 693 1186 cuius
715 1155 742 1186 si
767 1174 809 1179 -

47 1200 266 1244 adspeximus.

113 1247 249 1285 refellere
270 1248 334 1277 sine
354 1247 446 1287 pert]
472 1248 509 1277 P.
529 1247 690 1276 Manutius
710 1244 808 1276 verba

47 1291 95 1322 sic
118 1290 364 1332 transponenda
389 1296 520 1321 censet:
560 1292 712 1329 refelli
745 1292 809 1321 sine

44 1339 121 1375 pert.
136 1338 163 1366 et
182 1336 386 1374 refellere
406 1337 470 1366 sine
492 1337 671 1373 iracundia,
696 1334 741 1364 uti
757 1334 808 1365 le-

44 1380 133 1423 gitur
151 1391 205 1421 ap.
230 1379 344 1411 Boeth.
367 1379 389 1410 l.
411 1379 443 1409 d.
493 1383 537 1410 At
560 1390 639 1410 vero
662 1378 808 1420 scriptu—

45 1436 110 1463 rae,
138 1423 282 1455 omnium
305 1423 463 1455 librorum
483 1424 681 1455 auctoritate
701 1423 808 1454 stabi-

45 1470 142 1507 litae,
176 1469 339 1500 sententia
362 1468 549 1511 planissima
571 1476 620 1500 est
645 1476 678 1500 et
701 1468 808 1499 verbis

45 1513 316 1547 antecedentibus
348 1524 460 1554 nosque
488 1517 571 1554 ipsos
591 1516 740 1554 redaryui
765 1532 806 1536 —

45 1560 206 1599 defendere
230 1559 360 1602 egregie
384 1559 576 1601 respondet.
623 1559 694 1590 Nos
719 1564 808 1590 Aca—

45 1603 165 1636 demici
183 1603 216 1634 in
232 1604 302 1635 aliis
320 1603 510 1635 refellendis
526 1616 590 1636 non
603 1615 711 1635 sumus
730 1615 808 1645 per-

46 1649 191 1686 tinaces,
228 1649 307 1687 sed,
346 1648 542 1692 simulatque
567 1649 705 1680 aliorum
729 1660 808 1679 sen-

45 1693 185 1726 tentiam
208 1693 306 1725 firmis
328 1701 584 1736 superstructam
608 1694 808 1725 fundamen-

45 1740 88 1771 tis
112 1738 280 1776 videmus,
305 1739 457 1770 refellere
483 1739 692 1772 desistimus:
724 1745 757 1769 et
781 1738 808 1769 si

47 1784 88 1816 ab
112 1783 182 1815 aliis
207 1784 405 1823 refellimur,
434 1795 498 1815 non
520 1785 567 1816 ira
588 1784 807 1821 accendimur,

47 1840 145 1873 quum
169 1828 203 1860 in
228 1829 378 1861 omnibus
413 1829 509 1861 rebus
539 1829 809 1872 probabilitatem

47 1885 230 1916 sequamur.
266 1875 314 1905 De
329 1874 489 1905 vocabulo
502 1877 691 1914 pertinaciae
712 1877 808 1915 <quae

47 1918 227 1961 respondet
251 1926 364 1949 nostro
383 1920 611 1959 Rechthuberei)
639 1925 809 1960 comparat

47 1966 187 1996 Klotzius
211 1963 243 1994 in
271 1963 355 1995 Add.
383 1974 414 2004 p.
431 1961 484 1995 6-1.
513 1964 548 1993 C.
574 1963 674 1995 Acad.
705 1964 729 1993 l.
759 1963 807 2000 12,

47 2007 107 2041 44:
147 2019 219 2039 cum
237 2010 369 2039 Zenone
387 2026 431 2031 -—
445 2008 607 2039 Arcesilas
629 2007 690 2038 sibi
713 2018 809 2038 omne

48 2059 214 2084 certamen
244 2052 409 2091 instituit,
445 2063 510 2083 non
543 2055 716 2092 pertinacia
753 2059 809 2083 ant

46 2096 158 2129 studio
181 2097 392 2128 vincendr—
407 2097 465 2128 sed
486 2109 594 2128 earum
617 2108 722 2128 rerum
746 2097 810 2128 ob-

47 2142 205 2174 scuritate
224 2148 286 2172 etc.
337 2141 387 2172 Ad
408 2142 590 2173 universam
611 2142 809 2173 sententiam

48 2190 194 2219 Dattsius
211 2186 362 2229 apposite
389 2194 558 2229 comparat
582 2187 746 2220 Plutirch.
767 2187 808 2217 de

49 2233 137 2285 pros.
163 2231 238 2262 virt.
258 2238 341 2262 sent.
363 2232 479 2263 moral.
506 2233 542 2262 ll.
567 2245 597 2274 p.
611 2234 664 2264 ὅθ.
692 2233 731 2262 R:
758 2230 807 2265 Τὸ

49 2273 128 2319 μηδ’
154 2274 217 2310 οἷο)
242 2275 400 2320 ἐφυβοίζε
404 2289 429 2309 ra
454 2276 665 2318 ἐλέγξαντος,
700 2272 725 2318 η’
749 2289 810 2329 χα-

48 2321 146 2354 λεπαί
135 2332 180 2353 ’νε
183 2333 208 2353 υ
245 2319 298 2353 ἐλ;
300 2322 382 2364 *syl-.-
370 2321 484 2362 :vi-og,
529 2322 654 2359 'tamem
687 2319 807 2397 τερον-ὀι-

48 2364 186 2402 ’.κοντός
220 2364 328 2405 ἐστι),
375 2372 409 2395 et
441 2365 573 2407 Origen.
612 2378 638 2397 c.
674 2367 759 2397 Ctls.

52 2422 82 2452 p.
95 2420 147 2441 oo.
173 2415 206 2440 et
230 2409 354 2440 Platon.
378 2410 480 2450 Gorg.
502 2421 532 2451 p.
546 2412 620 2442 406.
645 2411 808 2453 A.steph.

119 2455 148 2496 §.
170 2453 202 2486 6.
240 2456 405 2485 liberaliter
427 2456 553 2494 eruditi]
582 2455 670 2486 Infra
705 2467 731 2486 c.
759 2457 807 2493 11,

49 2498 112 2532 27:
139 2510 217 2535 nos,
243 2498 333 2529 docti
356 2498 482 2529 scilicet
507 2510 525 2530 a
547 2500 702 2537 Graecia,
728 2500 809 2532 llaec

52 2547 109 2585 (sc.
131 2554 213 2586 quae
239 2543 355 2574 Graeci
387 2547 506 2585 poetae
535 2543 749 2585 scripserunt)
777 2552 810 2575 et

49 2600 68 2619 a
86 2587 225 2630 pucritia
250 2588 383 2629 legimus
400 2595 432 2619 et
449 2588 619 2619 ‹lis-cimus:
646 2591 726 2620 hanc
741 2600 810 2620 eru-

50 2634 194 2665 ditionem
217 2635 374 2664 liberalem
408 2637 433 2664 el
457 2635 630 2665 doctrinam
651 2637 809 2673 putamus.

54 2679 184 2709 Kernius
207 2677 323 2709 vertit:
359 2679 539 2717 freistnniy,
575 2678 663 2719 quod
689 2689 745 2708 cur
769 2677 808 2709 -ὼ

55 2722 166 2753 Orellio
190 2723 470 2764 itpieliendatin,
506 2723 624 2754 nescio.
677 2725 808 2754 breist‘n-

52 2767 105 2804 ‘m'9
126 2765 195 2797 sine
217 2767 317 2798 dubio
341 2767 503 2799 intellexit
528 2767 572 2806 id,
601 2768 688 2810 quod
713 2768 809 2798 dccet

52 2808 214 2841 hominem
238 2812 384 2843 liberum.

119 2857 235 2887 ratione
267 2861 292 2888 et
323 2859 389 2900 tia]
430 2857 547 2888 Nobis:
590 2856 809 2889 metlndiscli.

54 2901 145 2930 Ratio
169 2903 195 2930 et
217 2902 269 2932 via
292 2901 378 2932 idem
402 2902 449 2944 sig
442 2903 535 2933 11111(-
530 2910 573 2935 ..u
600 2902 729 2943 quodG
736 2913 809 2932 rae-

55 2954 129 2975 cum
149 2943 301 2985 μέξϊοδος.
335 2946 390 2979 Sic
411 2949 458 2979 Gi
460 2959 537 2980 acce
559 2944 639 2985 ὁδός
663 2959 714 2990 ι-ιμ
733 2947 807 2979 Pli-

843 982 914 1008 ton.
937 983 971 1008 et
993 977 1128 1009 Aristot.
1146 989 1207 1020 pro
1235 976 1388 1020 με’ἓοδος.
1439 977 1542 1009 Cicer.
1566 977 1608 1009 de

844 1021 952 1053 Finib.
977 1024 1001 1053 Ι.
1023 1021 1055 1060 9,
1082 1022 1145 1054 29:
1182 1029 1217 1053 ut
1241 1022 1370 1054 ratione
1391 1030 1424 1054 et
1448 1022 1500 1054 via
1522 1033 1606 1065 pro-

846 1066 942 1098 cedat
960 1066 1077 1099 oratio.
1104 1070 1152 1098 Ac
1165 1079 1295 1110 semper
1308 1068 1377 1099 fere
1396 1067 1535 1099 eandem
1550 1067 1606 1098 Ci-

846 1122 922 1142 cero
948 1111 1144 1153 positionem
1167 1112 1332 1144 observat.
1355 1112 1396 1144 de
1416 1112 1487 1143 Fin-
1506 1113 1606 1151 111.5,

849 1157 906 1188 le:
935 1156 1061 1187 ratione
1087 1157 1301 1188 constitutum
1323 1164 1356 1188 et
1372 1157 1434 1188 via.
1460 1157 1500 1189 de
1515 1160 1605 1188 Orat.

848 1202 869 1232 l.
894 1202 958 1237 25,
988 1201 1066 1233 113:
1103 1202 1266 1232 rationem
1292 1201 1423 1233 dicendi
1455 1209 1488 1233 et
1511 1202 1608 1234 viam.

844 1246 883 1276 V.
899 1248 1042 1277 Coerenz.
1066 1245 1108 1276 ad
1133 1246 1202 1277 Fin.
1228 1248 1266 1277 ΙΙ.
1292 1248 1318 1285 1,
1337 1248 1369 1279 ὂ.
1396 1258 1427 1289 p.
1446 1248 1518 1278 115.
1550 1250 1606 1279 Via

844 1292 983 1329 quadam
1003 1294 1029 1321 el
1052 1294 1171 1322 ratione
1194 1291 1297 1323 multo
1321 1291 1423 1322 rarius
1446 1291 1526 1322 dicit
1551 1292 1606 1322 Ci-

845 1346 931 1366 cero.
959 1335 998 1365 V.
1012 1336 1144 1366 Ellendt.
1156 1335 1197 1366 ad
1211 1336 1251 1366 de
1266 1338 1319 1367 Or.
1332 1338 1356 1367 Ι.
1369 1335 1399 1371 -1,
1418 1337 1466 1369 15.
1482 1336 1554 1367 Vol.
1569 1339 1608 1368 ll.

843 1391 876 1422 p.
896 1380 955 1413 15..
974 1379 1028 1421 qui
1051 1380 1111 1410 hos
1126 1380 1238 1411 attulit
1251 1380 1364 1412 locos:
1393 1381 1464 1411 Fin.
1481 1383 1519 1413 ΙΙ.
1538 1382 1562 1418 1,
1575 1382 1608 1414 3.

844 1424 885 1455 de
910 1425 962 1454 Or.
993 1424 1014 1453 l.
1035 1424 1074 1456 '21
1091 1449 1099 1465 ,
1125 1425 1178 1458 97.
1213 1426 1306 1456 Verr.
1330 1429 1401 1456 Act.
1424 1426 1447 1456 I.
1476 1425 1526 1464 15,
1551 1424 1606 1458 45.

845 1473 958 1500 Aecus.
977 1469 1016 1499 V.
1039 1470 1092 1508 503,
1121 1468 1191 1501 151.
1230 1470 1317 1502 Cael.
1340 1470 1393 1502 ¹20.
1437 1470 1492 1502 Sic
1512 1470 1607 1502 nobis

843 1517 897 1546 Art
916 1525 947 1545 u.
964 1515 1069 1553 ll'eise,
1093 1526 1156 1545 non
1175 1517 1269 1547 ll'eise
1284 1526 1313 1546 a.
1327 1519 1391 1547 Art.
1430 1516 1477 1546 De
1500 1527 1529 1548 v.
1549 1518 1607 1547 ele-

842 1561 967 1599 9antiae
993 1570 1023 1588 v.
1047 1559 1215 1592 Adnotata
1239 1560 1281 1592 ad
1308 1561 1330 1593 Ι.
1353 1560 1415 1597 253,
1441 1561 1494 1592 55.

913 1604 990 1634 CAP.
1010 1605 1065 1636 111.
1102 1605 1128 1646 ξ.
1142 1605 1171 1638 7.
1206 1615 1338 1645 quorum
1354 1624 1390 1628 —
1411 1608 1500 1637 multi
1521 1608 1604 1646 libri}

846 1648 986 1681 Eosdem
1014 1648 1228 1692 philosophos
1255 1650 1319 1681 iam
1341 1662 1438 1692 supra
1465 1652 1486 1681 l.
1510 1651 1550 1690 3,
1574 1650 1605 1683 6.

843 1693 1040 1737 exagitavit:
1067 1694 1119 1725 ubi
1147 1696 1189 1726 cf.
1210 1695 1387 1726 Adnotata.
1439 1696 1487 1726 De
1509 1707 1606 1738 repc-

844 1740 907 1771 tito
931 1739 1001 1770 sine
1025 1743 1053 1770 el
1076 1740 1214 1771 relativo
1241 1753 1269 1771 v.
1295 1740 1338 1771 ad
1366 1742 1386 1771 l.
1411 1740 1473 1779 25,
1497 1740 1551 1773 61.

910 1786 972 1824 ipsi
993 1784 1054 1826 illi]
1082 1786 1105 1814 l.
1120 1796 1148 1815 e.
1168 1797 1225 1816 sua
1246 1792 1378 1827 sponte,
1405 1796 1462 1826 per
1483 1797 1517 1815 se
1539 1785 1605 1817 illi:

845 1836 959 1861 contra
979 1831 1025 1859 illi
1042 1831 1100 1868 ipsi
1115 1829 1245 1868 dicitur,
1264 1829 1317 1860 ubi
1333 1829 1378 1860 illi
1396 1829 1607 1871 distinguun—

844 1881 896 1905 tur
918 1874 958 1904 ah
983 1873 1063 1903 diis.
1112 1875 1150 1904 V.
1171 1877 1306 1905 Baletum
1328 1875 1485 1916 adLegg.
1511 1876 1532 1905 l.
1556 1876 1605 1913 1³7¹,

845 1918 1000 1950 411611
1016 1917 1103 1949 inf-a
1127 1919 1294 1956 11.17.
1329 1921 1384 1959 21,
1404 1918 1456 1951 111.
1492 1920 1530 1950 v.
1551 1919 1605 1956 23,

844 1962 998 1999 (15.31,
1028 1964 1109 1994 1015:
1153 1963 1184 1994 iu
1212 1963 1326 2006 quibus
1356 1964 1437 1995 locis
1463 1966 1511 1996 tlte
1542 1967 1607 2004 ipse

845 2008 982 2049 legitur-3
1011 2014 1126 2038 contra
1148 2011 1213 2048 ipse
1234 2011 1284 2039 ille
1310 2010 1362 2039 lV.
1390 2008 1440 2047 19,
1462 2007 1515 2040 44.
1564 2013 1606 2040 At

846 2054 899 2084 lV.
925 2053 979 2089 25,
998 2052 1049 2083 55.
1076 2052 1196 2094 legitur
1217 2055 1320 2092 ipsam
1336 2056 1423 2085 illam
1442 2053 1535 2092 iram,
1553 2053 1606 2084 ubi

845 2103 1016 2140 exspectes
1041 2099 1129 2128 illam
1151 2100 1265 2138 ipsam.

911 2143 1084 2183 distribute]
1111 2143 1153 2174 H.
1172 2155 1198 2175 e.
1225 2142 1373 2174 adhibita
1397 2155 1554 2185 generum
1572 2143 1606 2174 iu

844 2187 968 2218 formas
1004 2186 1246 2220 distributione.
1306 2190 1405 2220 Moser
1438 2195 1606 2230 comparat

845 2231 886 2263 de
912 2233 980 2263 lnv.
1020 2232 1058 2262 ll.
1085 2232 1147 2270 59,
1178 2232 1259 2266 177:
1297 2233 1502 2264 distributius
1535 2240 1605 2264 tra—

845 2283 944 2308 ctare.
994 2275 1036 2307 de
1059 2280 1111 2309 Or.
1138 2280 1159 2308 l.
1185 2277 1240 2314 ⁴23,
1263 2277 1340 2309 109:
1366 2277 1448 2308 haec
1467 2294 1512 2300 —-
1528 2289 1603 2308 ver-

843 2322 892 2353 bis
915 2321 1085 2362 designata
1099 2341 1136 2345 —
1157 2321 1303 2364 partibus
1325 2321 1498 2352 distributa
1518 2329 1605 2354 suut.

784 2368 808 2398 1.
843 2367 883 2398 V.
908 2369 1039 2398 Ernestii
1065 2367 1153 2397 Clav.
1182 2366 1284 2396 Cicer.
1311 2366 1342 2396 11.
1370 2378 1398 2397 ν.

910 2414 1068 2442 tectionem
1102 2414 1166 2442 sine
1189 2412 1253 2441 ulla
1275 2412 1486 2451 delectatione]
1526 2411 1605 2443 Fal-

843 2456 922 2487 litur
955 2457 1113 2494 klotzius,
1159 2466 1255 2497 quum
1289 2455 1331 2485 ob
1365 2456 1605 2488 substantivum

844 2500 976 2531 verbale
994 2499 1171 2530 lectionem
1195 2499 1240 2531 ita
1262 2499 1325 2531 dici
1347 2501 1492 2542 potuisse
1511 2501 1604 2539 dicit,

844 2547 853 2576 l
865 2548 875 2576 i
886 2547 902 2574 b
913 2555 929 2575 r
939 2555 960 2575 u
970 2554 1001 2574 m
1019 2546 1083 2575 stne
1097 2546 1160 2575 ulla
1172 2547 1369 2577 delectatione
1381 2545 1445 2576 dici
1459 2546 1605 2588 potuisse

845 2595 953 2629 negat.
1002 2589 1085 2620 Nam
1109 2600 1206 2631 quum
1229 2589 1311 2620 aliae
1330 2591 1602 2633 praepositiones,

845 2641 913 2664 tum
934 2633 1072 2664 maxime
1087 2636 1151 2666 sine
1169 2641 1202 2665 et
1220 2645 1291 2666 cum
1308 2647 1380 2667 cum
1395 2636 1603 2668 substantivo

846 2677 1041 2709 coniunctae
1060 2678 1297 2711 adiectivorum
1320 2679 1408 2711 vices
1431 2681 1602 2717 sustinent,

844 2722 913 2753 sive
935 2722 1072 2754 alterum
1097 2724 1348 2763 substantivum,
1373 2725 1415 2756 ad
1439 2726 1528 2768 quod
1548 2738 1601 2756 re-

846 2768 1003 2805 teruntur,
1031 2768 1163 2800 verbale
1185 2776 1255 2808 est,
1281 2770 1349 2801 sive
1371 2781 1433 2801 uon
1455 2778 1513 2801 est.
1555 2781 1602 2811 pr.

844 2812 954 2843 Plane.
972 2814 1010 2851 V,
1028 2814 1085 2845 1‘3:
1113 2814 1269 2845 Manlium
1293 2827 1357 2846 nou
1381 2815 1486 2847 solum
1504 2814 1601 2855 iguo—

844 2857 962 2896 l›ilem,
996 2869 1107 2889 verum
1130 2862 1194 2891 sine
1219 2862 1349 2899 virtute,
1384 2863 1447 2891 sine
1472 2861 1602 2896 inuenio.

844 2902 885 2932 ·ι(1
903 2905 969 2933 Att.
994 2904 1019 2941 I,
1036 2903 1093 2935 1153:
1118 2903 1252 2945 ignavus
1271 2912 1303 2935 ct
1326 2907 1389 2935 sine
1415 2907 1518 2935 animo
1536 2903 1601 2933 mi-

844 2947 900 2979 les.
915 2959 962 2990 pr.
975 2948 1107 2988 Quinct.
1123 2950 1162 2982 9:
1187 2952 1252 2982 sinc
1267 2952 1383 2981 iniuria
1406 2947 1600 2990 potentiam.
