1863 3221
220 94 303 138 216

802 100 966 131 LIBER
994 101 1034 131 ΙΙ.
1061 96 1121 138 16,
1147 98 1200 132 37.

226 182 494 237 impelluntur,
530 179 743 228 feriuntur,
776 177 1032 227 abiiciuntur,
1067 177 1234 228 cadunt,
1268 177 1409 232 etipse
1436 177 1546 218 labor
1567 176 1676 231 quasi
1704 176 1781 217 eal-

228 256 304 296 lum
337 253 526 308 quoddam
557 251 714 292 obducit
744 249 883 290 dolori.

339 323 441 367 XVI
448 355 457 365 .

518 330 589 366 57.
628 322 810 364 Militiam
844 336 940 364 vero
979 325 1173 375 (nostram
1206 321 1319 373 dico,
1363 336 1438 362 non
1476 320 1778 376 Spartiatarum,

229 413 390 455 quorum
423 397 630 453 procedit*
657 395 827 436 acies*1
864 396 908 435 ad
943 395 1098 444 tibiam,
1134 408 1206 434 nec
1238 394 1441 434 adhibetur
1468 395 1542 434 ulla
1575 394 1660 434 sine
1691 408 1783 434 ana-

231 472 376 528 paestis
407 470 567 526 pedibus
598 469 810 524 hortatio3)
842 468 964 509 nostri
993 468 1190 508 exercitus
1224 467 1388 522 primum
1420 468 1521 508 unde
1548 480 1688 507 nomen
1720 466 1785 507 ha-

230 547 371 596 beant,
405 544 538 594 vides3
579 541 741 593 deinde,
776 541 838 596 qui
867 541 998 592 labor,
1033 543 1229 595 quantus¹
1266 539 1452 594 agminis:
1488 541 1589 580 serre
1618 540 1701 594 plus
1731 539 1787 579 di-

231 617 377 671 midiati
400 616 546 657 mensis
573 615 741 666 cibaria3
777 616 903 664 ferre,
937 614 968 654 si
999 613 1086 667 quid
1111 613 1155 653 ad
1185 627 1293 653 usum
1318 612 1461 664 velint,
1497 613 1600 652 serre
1625 612 1783 653 vallum.

232 691 336 732 Nam
358 697 525 739 scutum,
559 688 743 743 gladium,
777 688 925 742 galeam
945 687 982 726 in
1006 699 1125 726 onere
1146 685 1270 726 nostri
1290 686 1430 725 milites
1452 700 1529 725 non
1550 686 1634 739 plus
1655 698 1788 725 nume-

233 771 337 816 rant,
372 777 484 817 quam
512 762 710 812 humeros,
745 761 928 810 lacertos,
964 773 1116 800 manus.

324 865 419 898 xvi.
466 862 481 894 1
509 874 539 895 v.
567 862 650 894 Adn.

234 932 276 963 de
300 942 385 974 equo
410 941 516 962 mare:
555 930 597 961 ad
629 928 851 972 generandum
883 927 994 970 paucis

234 976 422 1008 animalium
443 975 551 1006 minor
575 977 718 1015 fertilitas
753 973 785 1015 (i.
809 985 835 1003 e.
860 973 907 1003 vis
932 984 993 1013 ge—

235 1020 397 1061 nerandi).
453 1018 610 1050 Similiter
638 1020 809 1050 Beroaldus
840 1017 995 1058 intelligit

233 1063 429 1107 πλησμονὴν
457 1065 523 1096 τῶν
558 1062 755 1106 βαρβάρων,
788 1061 995 1092 fertilitatem

236 1115 269 1141 et
283 1107 484 1152 opulentiam
502 1107 726 1138 barbarorum.
756 1105 902 1137 Ridicula
919 1116 996 1136 sane

236 1159 421 1185 commenta
444 1163 549 1194 neque
573 1163 612 1182 ex
636 1151 742 1183 verbis
765 1149 991 1182 extundenda!

238 1199 316 1230 Cum
342 1199 479 1229 Turnebo
504 1198 693 1236 fertilitatem
718 1207 777 1238 pro
802 1195 897 1233 luxu,
934 1194 996 1225 de-

235 1243 337 1282 liciis,
361 1253 469 1274 rerum
493 1241 693 1272 abundantia
717 1239 863 1282 accipio:
900 1250 996 1282 quam

236 1287 432 1320 sententiam
464 1285 562 1317 etiam
587 1287 711 1317 Forcell.
742 1284 774 1316 in
801 1285 899 1316 Thes.
924 1285 997 1315 Lat.

236 1334 269 1366 h.
290 1345 321 1364 v.
351 1330 476 1363 calculo
508 1342 567 1362 suo
591 1329 753 1373 probavit.
803 1331 920 1361 Nissen.
944 1329 999 1359 in—

237 1386 339 1420 terpr.
364 1377 490 1408 fructus
519 1387 558 1406 ex
590 1374 659 1406 aliis
685 1373 874 1416 regionibns
899 1373 997 1404 undi-

237 1434 299 1465 que
322 1419 523 1462 conquisitos
555 1419 620 1461 (die
643 1418 809 1450 Produkte
830 1418 887 1449 des
915 1421 997 1448 Aus-

238 1466 377 1505 landes),
405 1464 458 1506 qui
480 1463 638 1506 imprimis
659 1463 700 1494 ad
717 1463 891 1494 delicatum
912 1462 999 1493 vitae

239 1522 340 1554 genus
363 1508 542 1552 pertinent.
578 1510 732 1540 Bentleius
751 1507 829 1538 satis
843 1507 1000 1539 audacter

238 1567 300 1588 nec
323 1553 539 1597 probabiliter
567 1553 654 1584 hunc
678 1564 805 1584 versum
836 1552 884 1584 sic
916 1551 999 1583 scri-

239 1599 382 1632 bendum
406 1605 533 1629 censet:
562 1600 681 1629 Duritia
700 1600 801 1629 studio
821 1601 882 1637 est,
906 1607 1000 1636 quam

239 1647 372 1686 sutililas
398 1645 555 1674 barbara.-
588 1644 717 1673 Bouher.
749 1641 867 1683 suspic.
891 1644 999 1673 teneri-

240 1694 300 1729 tas,
325 1688 449 1719 Censor
465 1687 607 1718 lenensis
627 1689 787 1725 sedulitas,
815 1688 938 1726 Wolfius
957 1687 1000 1725 fe-

240 1736 370 1766 stivitas.
413 1733 446 1762 ln
471 1732 574 1762 tribus
597 1731 692 1762 codd.
716 1730 833 1772 legitur
853 1732 1000 1770 facilitas,

241 1778 329 1821 quod
353 1775 476 1819 placuit
500 1778 654 1815 Erneslio,
687 1775 740 1817 qui
764 1775 1001 1817 interpretatur

238 1825 337 1855 vitam
359 1832 379 1852 a
399 1822 531 1852 molestis
554 1823 711 1851 laboribus
733 1822 883 1859 liberam,
915 1823 1001 1850 tran-

241 1869 382 1907 quillam,
403 1866 575 1905 placidam.
615 1864 686 1896 Alia
706 1870 891 1895 commenta
908 1875 999 1894 com-

242 1921 424 1942 memorare
436 1909 560 1941 taedet.
597 1909 648 1941 Cf.
664 1912 774 1941 Moseri
787 1908 838 1940 ed.
855 1908 928 1940 Vol.
945 1909 1001 1939 ΙΙΙ.

242 1968 274 1999 p.
294 1953 361 1987 404
377 1966 425 1997 sq.

309 2002 424 2032 callum
443 2000 604 2038 quoddam
628 2000 749 2029 obducit
770 1997 883 2040 dolori]
915 1997 1004 2028 Infra

243 2045 300 2076 ΙΙΙ.
323 2044 378 2081 22,
402 2043 463 2075 53:
490 2054 627 2084 quorum
641 2042 756 2073 animis
774 2042 926 2073 diuturna
944 2053 1002 2073 co-

243 2087 360 2130 gitatio
388 2089 501 2118 callum
527 2087 698 2118 vetustatis
732 2088 912 2117 obduxerat.
963 2086 1004 2116 ad

244 2133 336 2163 Fam.
356 2132 417 2162 IX.
437 2132 468 2168 2,
485 2130 523 2162 3.·
553 2130 756 2162 consuetudo
775 2133 887 2161 callum
909 2133 1004 2161 obdu-

243 2179 290 2209 xit
310 2176 482 2208 stomacho
505 2187 590 2206 meo.
640 2175 724 2206 Hinc
747 2175 880 2205 verbum
905 2178 1005 2206 occal-

244 2223 385 2253 lescendi.

316 2266 392 2302 CAP,
414 2265 505 2296 XVI.
533 2265 561 2306 55.
577 2264 630 2298 37.
657 2264 816 2307 Militiam]
845 2266 867 2296 1.
882 2266 915 2296 F.
930 2267 1005 2295 Gro-

244 2312 354 2342 novius
383 2309 415 2340 in
441 2309 597 2340 Observv.
624 2310 689 2346 III,
713 2309 741 2341 o.
778 2308 1006 2351 corrigendum

247 2354 371 2386 censuit
390 2356 520 2386 militiae
545 2353 647 2396 (quod
669 2353 811 2396 explicat
829 2357 861 2385 in
881 2356 1007 2393 expedi-

246 2402 343 2437 tione,
369 2405 404 2429 ut
428 2398 548 2429 dicitur
571 2400 655 2429 domi
675 2400 896 2438 militiaequelz
925 2409 1006 2440 quae

249 2444 412 2474 correctio
447 2455 598 2484 perversa
633 2450 691 2473 est.
743 2443 873 2485 Optime
896 2449 1006 2473 tuetur

247 2498 318 2517 sese
341 2487 490 2528 vulgata:
518 2490 660 2518 Militiam
685 2507 721 2510 —
745 2490 839 2519 nostri
859 2490 1008 2519 exercilus

246 2533 383 2571 primum
404 2533 483 2562 unde
496 2542 603 2562 nomen
618 2534 761 2571 habeam,
784 2535 881 2572 vides,
899 2534 1008 2564 deinde

248 2577 301 2615 qui
323 2581 380 2606 ctt.
404 2586 498 2616 qnam
524 2576 643 2606 frustra
665 2576 857 2608 sollicitavit
873 2579 1008 2616 llfr'olfius,

249 2625 377 2650 mutato
394 2622 489 2651 vostri
508 2619 537 2649 in
558 2623 655 2659 noslz';
683 2623 813 2652 habeant
834 2622 865 2652 in
886 2624 1007 2660 habeut,

251 2671 283 2695 et
316 2663 377 2695 alia
412 2663 543 2694 inducta
574 2664 851 2705 interpunctione.
901 2668 1007 2704 Quare

250 2715 339 2740 recte
360 2710 491 2740 Orellius
512 2709 678 2739 revocavit
703 2710 881 2751 vulgatam,
907 2710 1007 2741 intel—

250 2752 391 2795 ligenter
424 2763 560 2783 monens
575 2777 581 2788 ,
620 2763 686 2783 non
724 2755 896 2785 commode
932 2762 1008 2785 ante

249 2799 398 2830 exercilus
415 2796 593 2827 desiderari
612 2807 794 2838 pronomen
815 2803 919 2837 nostri,
944 2811 1008 2841 quo

250 2853 377 2874 rursum
415 2841 614 2883 significetur
651 2841 789 2882 intelligi
831 2843 1008 2874 itomanam

250 2886 398 2918 militiam
422 2885 686 2923 laboriosiorem3
711 2885 864 2927 languere
889 2888 1008 2918 deinde

250 2931 310 2963 ista
333 2933 419 2963 vides
437 2932 547 2965 deinde
568 2936 664 2970 cett„
702 2930 753 2961 ubi
785 2930 894 2962 omnia
918 2932 1005 2963 cele-

1179 758 1302 799 Arma
1330 759 1429 798 enim
1457 758 1630 798 membra
1656 757 1788 798 militis

1027 928 1107 959 riter
1139 927 1338 958 enuntianda
1370 926 1445 959 sint.
1505 927 1551 957 Ex
1576 925 1701 968 vulgari
1734 924 1788 956 di-

1030 972 1123 1003 cendi
1152 972 1280 1003 ratione
1313 971 1418 1003 oratio
1442 971 1488 1001 sic
1518 971 1587 1001 fere
1611 970 1790 1013 procedere

1030 1017 1187 1048 debebat:
1223 1019 1267 1048 De
1292 1018 1406 1047 militia
1435 1026 1513 1047 vero
1545 1015 1623 1057 quid
1654 1013 1788 1046 dicam?

1032 1063 1192 1104 (nostram
1225 1060 1318 1099 dico,
1354 1071 1421 1091 non
1450 1060 1688 1101 Spartiatarum
1712 1059 1788 1100 --;)

1030 1105 1134 1144 vides,
1159 1104 1297 1147 primum
1318 1104 1404 1135 unde
1424 1104 1527 1136 nostri
1547 1104 1706 1136 exercitus
1727 1114 1790 1134 no-

1030 1162 1105 1181 men
1129 1150 1291 1188 habeant,
1317 1149 1436 1180 deinde
1461 1156 1543 1187 etc.;
1575 1149 1634 1180 sed
1653 1160 1791 1181 accusa-

1029 1194 1134 1226 tivum
1161 1197 1307 1226 milz'liam
1327 1194 1457 1237 posuit,
1494 1193 1643 1225 oratione
1671 1194 1703 1225 in
1730 1205 1792 1236 pa-

1030 1239 1198 1271 renthesin
1221 1245 1345 1271 tracta:
1383 1241 1526 1271 militiam
1549 1250 1628 1271 vero
1654 1242 1793 1271 nostram

1031 1286 1110 1315 dico.
1161 1284 1351 1326 Comparari
1383 1290 1494 1326 potest
1526 1284 1608 1315 haec
1630 1290 1793 1315 structura

1033 1340 1106 1360 cum
1129 1328 1173 1360 eis
1194 1329 1367 1370 exemplis,
1394 1328 1425 1359 in
1447 1329 1561 1371 quibus
1584 1331 1726 1360 attractio
1745 1331 1794 1360 in<

1031 1383 1121 1405 versa
1143 1373 1313 1415 reperitur,
1341 1373 1446 1415 qualia
1467 1381 1543 1404 sunt
1555 1373 1643 1415 Virg.
1666 1378 1744 1404 Aen.
1767 1374 1791 1411 l,

1034 1418 1118 1450 573:
1167 1419 1276 1449 Urbem
1309 1428 1405 1457 quam
1439 1424 1549 1449 statuo
1587 1424 1695 1448 vestra
1731 1423 1792 1448 est.

1037 1462 1132 1492 Cuius
1157 1462 1283 1503 generis
1308 1462 1457 1504 exempla
1481 1463 1570 1504 larga
1592 1474 1687 1493 mann
1712 1474 1793 1504 sup-

1034 1507 1197 1548 peditabit
1230 1509 1353 1547 Krilyer
1386 1507 1680 1550 Untersuchungen
1714 1507 1796 1538 iiber

1036 1553 1107 1583 Lat.
1128 1553 1272 1583 Gramm.
1297 1553 1352 1584 ΙΙΙ.
1374 1551 1468 1583 Heft.
1498 1551 1604 1593 12:215
1619 1562 1690 1594 sqq.
1741 1551 1792 1583 Cf.

1035 1608 1094 1627 nos
1125 1596 1156 1626 in
1185 1597 1240 1627 Gr.
1267 1597 1303 1627 L.
1331 1599 1357 1639 ξ.
1376 1595 1446 1628 ΗΞ).
1474 1597 1552 1627 Not.
1579 1597 1629 1628 12.
1679 1598 1797 1628 Handit

1034 1641 1075 1671 ad
1097 1641 1221 1683 Wopk.
1248 1641 1353 1672 Lectt.
1381 1652 1412 1682 p.
1429 1639 1483 1672 254.
1515 1641 1607 1672 liuius
1641 1640 1706 1672 loci
1736 1652 1795 1672 ex-

1036 1684 1170 1727 plicatio
1195 1685 1263 1716 iure
1288 1685 1409 1716 reiecta
1434 1691 1483 1716 est
1508 1686 1548 1717 ab
1575 1687 1696 1717 Orellio.

1099 1732 1236 1770 procedit
1255 1733 1335 1761 acies
1355 1732 1397 1761 ad
1416 1730 1537 1773 libiam]
1560 1732 1678 1761 Omnes
1699 1741 1798 1772 prae-

1035 1781 1086 1805 ter
1117 1786 1213 1805 unum
1237 1775 1389 1805 Cantabr.
1414 1774 1543 1805 codices
1568 1775 1692 1806 habent
1721 1786 1796 1815 quo-

1034 1830 1104 1851 rum
1132 1821 1269 1858 procedit
1293 1821 1514 1850 admodum
1550 1821 1618 1862 (aut
1642 1821 1692 1851 ad
1715 1830 1796 1851 mo-

1036 1864 1141 1905 duni)
1169 1866 1211 1895 ad
1233 1868 1252 1896 t.
1301 1866 1392 1903 Quae
1416 1864 1577 1906 scriptura
1607 1871 1721 1906 aperte
1746 1870 1797 1895 est

1039 1915 1202 1950 corrupta.
1251 1910 1320 1950 Ego
1341 1908 1455 1950 scripsi
1480 1912 1584 1948 acies,
1616 1920 1681 1940 non
1707 1908 1796 1951 quod

1037 1953 1071 1983 id
1094 1953 1126 1984 in
1155 1953 1316 1996 scriptura
1348 1955 1518 1984 admodum
1548 1953 1650 1984 latere
1672 1960 1795 1995 putem,

1038 1998 1096 2028 sed
1119 1998 1206 2041 quod
1230 1998 1393 2029 sententia
1419 1998 1510 2029 liuius
1539 1998 1603 2029 loci
1629 1997 1710 2028 illud
1734 2010 1797 2029 vo-

1040 2043 1189 2074 cabulum
1206 2043 1352 2085 requirit.
1386 2043 1647 2085 Superscriptum
1665 2042 1798 2086 aliquod

1039 2088 1219 2129 glossema,
1256 2094 1289 2117 ut
1313 2090 1355 2118 ad
1379 2088 1569 2129 'modxullum
1591 2090 1704 2127 libiae,
1735 2099 1799 2119 vo—

1041 2132 1189 2163 cabulum
1225 2135 1306 2163 acies
1341 2133 1556 2162 exterminare
1586 2132 1714 2174 potuit,
1752 2131 1799 2163 uti

1040 2176 1222 2217 suspicatur
1248 2178 1432 2215 ll'esenbery.
1457 2178 1522 2206 Em.
1544 2179 1563 2206 l.
1590 2189 1618 2218 p.
1641 2177 1709 2213 lO.,
1744 2176 1798 2219 qui

1041 2227 1148 2251 tamen
1174 2232 1202 2250 ν.
1228 2222 1398 2251 admodum
1429 2232 1499 2250 cnm
1525 2222 1730 2262 corruptelae
1751 2220 1798 2251 si*

1041 2276 1105 2307 gno
1140 2264 1346 2295 retinendum
1379 2272 1498 2295 censet.
1548 2266 1603 2296 Tr.
1628 2272 1660 2295 et
1684 2266 1740 2298 Kl.
1764 2264 1797 2296 in

1042 2309 1125 2341 Add.
1151 2321 1182 2351 p.
1202 2310 1239 2341 91
1258 2321 1305 2351 sq.
1339 2321 1355 2340 e
1387 2310 1532 2351 margine
1556 2309 1674 2340 Veneti
1696 2309 1800 2341 Alteri

1040 2354 1257 2395 scripserunt:
1281 2364 1365 2393 proc.
1378 2364 1487 2393 agmen
1501 2356 1542 2384 ad
1555 2357 1681 2393 libiam,·
1702 2357 1797 2385 Lam-

1041 2402 1129 2430 binus
1164 2398 1268 2429 edidit
1299 2409 1349 2437 pr.
1383 2409 1523 2438 aymen
1557 2401 1607 2430 ad
1641 2401 1798 2431 modum

1041 2446 1084 2475 ad
1107 2446 1179 2483 llb.;
1212 2445 1329 2474 Nissen.
1357 2443 1492 2485 tZtsclir.
1518 2444 1540 2473 f.
1571 2445 1677 2474 AWS.
1703 2441 1795 2475 1643.

1043 2500 1073 2530 p.
1093 2488 1181 2527 950.)
1220 2487 1304 2518 coni.
1334 2498 1382 2527 pr.
1408 2498 1551 2527 aymeu
1575 2489 1690 2519 modo
1715 2488 1757 2517 ad
1777 2490 1797 2516 t.

1046 2537 1105 2569 At,
1143 2533 1188 2563 uti
1222 2532 1331 2574 paullo
1356 2539 1431 2574 post
1455 2531 1653 2568 videbimus,
1693 2532 1796 2561 Lace-

1042 2577 1289 2608 daemoniorum
1322 2576 1480 2607 exercitus
1511 2587 1575 2606 non
1601 2576 1631 2605 in
1657 2575 1796 2616 agmine,

1041 2623 1072 2654 h.
1090 2634 1116 2654 e.
1143 2633 1240 2664 quum
1263 2621 1325 2652 iter
1350 2620 1510 2658 faciebat,
1537 2620 1616 2650 tibia
1639 2620 1686 2650 uti
1707 2619 1798 2650 sole-

1042 2667 1117 2704 bat,
1153 2666 1210 2697 sed
1234 2666 1265 2697 in
1291 2665 1378 2702 acie,
1412 2664 1442 2695 h.
1464 2676 1490 2694 e.
1519 2676 1615 2705 quum
1639 2663 1799 2695 instructa

1043 2712 1112 2742 acie
1133 2711 1175 2742 ad
1200 2722 1338 2752 pugnam
1361 2708 1590 2740 descendebat.
1627 2709 1797 2750 Nunquam

1042 2763 1148 2787 antem
1172 2755 1256 2797 apud
1283 2754 1408 2785 solutae
1435 2752 1592 2784 orationis
1621 2753 1798 2794 scriptores

1042 2803 1177 2840 aymz‘nis
1205 2810 1323 2830 nomen
1354 2798 1469 2828 iustam
1501 2798 1601 2828 aciem
1626 2797 1797 2839 significat.

1043 2847 1139 2876 Bouh.
1176 2856 1192 2874 e
1226 2843 1297 2873 cod.
1328 2842 1501 2879 cantabr„
1538 2842 1591 2883 qui
1619 2842 1717 2873 habet
1748 2852 1798 2881 pr.

1043 2891 1185 2920 modus
1209 2890 1251 2918 ad
1275 2892 1317 2926 t,
1353 2886 1437 2917 coni.
1468 2897 1516 2925 pr.
1541 2891 1674 2918 motus
1705 2888 1749 2917 ad
1777 2890 1798 2916 l.

1044 2936 1175 2964 Orellius
1207 2931 1328 2974 recepit
1352 2933 1498 2962 (lv-onorii
1523 2930 1541 2962 l.
1565 2931 1598 2962 d.
1630 2931 1801 2964 coniectu-
