1863 3221
250 131 331 171 278
829 133 1077 166 Lissssani.
1105 131 1165 172 15,
1190 131 1245 165 33.

252 230 300 257 ne
324 215 443 256 futuri
466 215 640 269 quidem3
673 211 769 253 satis
788 224 876 252 esse
905 211 1081 252 odiosum
1115 209 1256 250 malum
1283 223 1421 261 omne,
1465 225 1581 266 quum
1609 210 1812 261 venissetg

253 288 317 343 qui
336 294 465 329 autem
485 300 639 341 semper
662 284 929 340 cogitavisset,
963 284 1140 324 accidere
1162 296 1279 338 posse
1298 284 1440 337 aliquid
1459 284 1632 335 adversi,
1667 284 1704 325 ei
1725 283 1810 325 fieri

256 361 346 401 illud
381 360 659 414 sempiternum
693 358 856 410 malum3
897 357 930 398 si
962 371 1059 400 vero
1092 370 1140 397 ne
1168 357 1339 396 futurum
1371 357 1522 410 quidem
1553 357 1627 409 sit,
1674 358 1818 398 frustra

256 434 398 488 suscipi
428 433 624 473 miseriam
646 431 930 473 voluntariam:
963 431 1018 471 ita
1039 443 1195 484 semper
1215 429 1306 482 angi
1326 437 1391 469 aut
1413 430 1638 484 accipiendo
1666 437 1733 471 aut
1753 444 1819 470 co-

257 507 414 561 gitando
441 506 557 546 malo.
618 511 688 546 55.
721 503 981 545 Levationem
1011 510 1138 543 autem
1171 502 1424 555 aegritudinis
1457 503 1495 542 in
1531 503 1676 543 duabus
1705 503 1821 543 rebus

258 579 391 635 ponit,
425 578 655 619 avocatione
679 592 701 618 a
721 577 923 631 cogitanda
949 575 1127 616 molestia
1151 583 1189 616 et
1214 576 1467 615 revocatione
1488 576 1534 615 ad
1557 576 1822 631 contemplan-

260 653 328 693 das
361 653 595 707 voluptates.
655 649 805 692 Parere
832 650 934 691 enim
967 656 1103 690 censet
1135 649 1305 689 animum
1328 649 1470 688 rationi
1498 662 1614 703 posse
1639 656 1700 699 et,
1745 663 1821 703 quo

260 726 323 767 illa
343 727 479 777 ducat,
511 725 637 779 sequi.
698 723 819 765 Vetat
839 724 957 778 igitur
978 723 1075 763 ratio
1092 725 1108 748 ³
1134 722 1278 762 intueri
1298 722 1522 772 molestias,
1556 721 1747 762 abstrahit
1773 721 1819 761 ab

263 799 413 840 acerbis
439 797 754 852 cogitationibus,
787 797 976 838 hebetat3
1006 796 1128 836 aciem
1160 796 1204 835 ad
1230 795 1409 835 miserias
1432 795 1766 850 contemplandas,
1801 809 1823 836 a

263 872 399 926 quibus
420 886 535 925 quum
556 871 697 912 cecinit
721 870 912 924 receptui,
946 869 1106 923 impellit
1126 883 1280 909 rursum
1303 875 1342 908 et
1358 869 1493 908 incitat
1512 868 1558 908 ad
1580 868 1824 922 conspicien-

264 946 330 985 das
352 951 508 998 totaque
528 950 658 984 niente
677 943 974 983 contrectandas
992 942 1123 983 varias
1146 942 1383 996 voluptates,
1417 941 1555 995 quibus
1575 941 1638 981 ille
1656 948 1695 982 et
1712 954 1824 996 prae-

264 1017 465 1059 teritarum
495 1016 705 1067 memoria,
750 1022 789 1056 et
817 1029 885 1069 spe
917 1013 1239 1068 consequentium
1268 1014 1453 1067 sapientis
1488 1014 1608 1055 vitam
1638 1015 1822 1055 refertam

355 1122 377 1156 3
402 1135 432 1155 v.
458 1122 542 1155 Adn.

333 1194 360 1235 §.
381 1190 436 1224 33.
472 1193 504 1223 in
528 1192 651 1222 duabus
671 1192 762 1223 rebus
782 1192 869 1231 ponit
880 1214 890 1230 ,
913 1199 1028 1222 avoca-

266 1239 344 1269 tione
365 1254 407 1260 —
431 1239 457 1267 et
488 1236 566 1279 reu]
603 1237 640 1267 In
673 1235 884 1278 appositione
918 1234 1028 1266 omitti

266 1281 352 1313 solet
378 1280 603 1323 praepositio,
641 1280 763 1323 quippe
795 1291 877 1323 quae
908 1280 1028 1311 arctis-

266 1326 347 1359 sime
369 1325 545 1357 cohaereat
574 1337 645 1357 cum
676 1325 902 1363 substantivo,
938 1323 1027 1367 quod

268 1371 421 1414 explicat.
470 1370 520 1401 Cf.
545 1370 632 1402 infra
655 1371 713 1401 IV.
732 1369 773 1408 6,
800 1370 859 1402 11:
891 1381 930 1400 ex
954 1381 1027 1400 ma—

267 1416 306 1447 lis
326 1435 381 1456 —,
405 1421 529 1446 metum
547 1417 672 1455 futuris,
696 1425 785 1455 aegr.
805 1416 1026 1454 praesentibus.

268 1460 310 1492 de
341 1462 409 1491 Inv.
435 1461 459 1491 Ι.
483 1461 525 1498 5,
550 1459 588 1493 7:
627 1458 822 1490 Aristoteles
854 1458 958 1489 tiibus
993 1458 1026 1489 in

267 1504 440 1548 generibus
458 1515 566 1535 rerum
583 1503 704 1535 versari
717 1502 859 1535 rhetoiis
881 1503 1027 1534 officium

265 1549 404 1593 putaxit‚
426 1548 697 1587 demonstrativo,
722 1547 950 1587 delibeiativo,
974 1547 1028 1579 iu—

266 1594 387 1626 diciali.
434 1593 607 1636 Repetitae
628 1593 670 1625 ad
691 1593 934 1636 appositionem
955 1604 1028 1624 ma-

264 1640 335 1672 iore
356 1638 388 1670 vi
411 1638 611 1670 elfeiendam
634 1638 887 1690 praepositionis
914 1649 1029 1668 exem-

264 1684 320 1738 pla
343 1696 374 1715 v.
401 1683 441 1715 ad
467 1685 490 1714 I.
515 1683 575 1721 11,
601 1684 660 1716 24:
697 1686 731 1715 in
755 1683 900 1723 eaelum,
937 1682 1028 1725 quasi

264 1733 298 1762 in
321 1728 521 1761 domicilium
541 1740 642 1761 suum.
678 1729 702 1759 I.
728 1728 781 1766 10,
804 1728 857 1759 20.
893 1728 949 1758 IV.
971 1727 1025 1765 31,

266 1773 320 1808 67.
368 1775 407 1805 V.
436 1775 574 1805 Ottonem
605 1773 639 1804 in
671 1774 749 1804 Exc.
771 1752 864 1804 VIII.
888 1771 931 1803 ad
954 1771 1024 1802 Fin.

266 1829 300 1861 p.
314 1816 389 1851 408.
428 1820 566 1858 Seyffert.
587 1817 629 1849 ad
648 1817 739 1849 Lael.
761 1817 814 1855 23,
831 1818 884 1850 33.
906 1828 938 1859 p.
951 1817 1026 1849 505.

264 1874 325 1895 nos
349 1862 383 1893 in
410 1862 466 1893 Gr.
492 1863 528 1893 L.
549 1864 576 1905 §.
597 1862 668 1895 117.
690 1863 772 1893 Not.
790 1862 821 1894 2.

333 1910 420 1940 Vetat
441 1909 536 1947 igitur
558 1908 653 1947 ratio]
676 1906 801 1944 Miror,
825 1906 1024 1948 interpretes

262 1951 434 1985 haesisse
425 1963 457 1983 111
481 1963 512 1982 v.
533 1954 624 1983 ratio.
658 1951 718 1993 Agi
738 1951 824 1983 enim
845 1957 962 1993 putant
983 1950 1024 1982 de

262 1998 427 2041 Epicuro,
457 2008 523 2027 non
549 1996 591 2027 de
614 1996 752 2028 ratione.
799 1997 907 2035 Quare
926 1998 1025 2027 Davi-

261 2045 326 2075 sius
347 2053 419 2072 eam
441 2041 538 2083 plane
561 2041 671 2072 delere
692 2041 781 2078 vult3
814 2043 968 2072 Bentleius
990 2040 1024 2072 in

261 2086 329 2118 eius
362 2086 469 2117 locum
501 2085 632 2116 sustecit
662 2096 846 2127 pronomen
878 2096 951 2124 nos,
988 2092 1025 2116 ut

259 2130 303 2162 sit
320 2134 403 2162 vetat
422 2132 518 2170 igitur
536 2140 592 2161 nos
613 2132 743 2169 intueri,-
770 2132 929 2161 Ernestius
952 2141 1023 2161 eam

261 2174 352 2206 uncis
381 2174 493 2205 cinxit.
539 2177 580 2205 At
610 2173 769 2215 insignem
793 2185 938 2205 errorem
968 2185 1023 2205 er-

260 2225 416 2252 raverunt
446 2218 507 2251 viri
535 2217 638 2250 docti.
685 2218 846 2250 Nimirum
881 2229 948 2250 non
981 2218 1023 2249 de

259 2263 410 2296 universa
433 2263 561 2295 ratione
593 2263 656 2295 hoc
686 2263 762 2295 loco
787 2263 926 2304 dicitur,
963 2263 1022 2294 sed

259 2309 301 2340 de
314 2309 444 2351 Epicuri
460 2309 599 2347 ratione,
623 2308 655 2341 h.
670 2320 698 2339 e.
721 2308 762 2339 de
779 2308 917 2346 ratione,
938 2319 1022 2350 qua—

259 2353 298 2385 lis
326 2361 377 2385 est
407 2365 447 2385 ex
473 2353 606 2396 Epicuri
638 2353 814 2384 sententia.
863 2353 1020 2395 Epicurus

259 2398 345 2430 enim
378 2398 539 2437 docebat,
578 2398 750 2437 homines,
787 2397 871 2429 duce
905 2404 1021 2429 natura

258 2450 315 2475 aut
337 2444 483 2482 ratione,
508 2443 686 2475 abhorrere
709 2455 727 2475 a
750 2443 845 2474 rebus
870 2442 1017 2474 molestis

259 2488 459 2530 acerbisque,
475 2488 592 2519 sectari
607 2496 639 2519 et
652 2495 808 2531 expetere
819 2487 1018 2530 voluptates.

324 2534 439 2564 hebetat
454 2535 566 2573 aciem]
592 2533 646 2564 Sic
666 2535 720 2565 Or.
741 2539 951 2575 praeeunte
942 2534 1018 2564 Ma—

256 2576 349 2608 nutio
372 2588 389 2607 e
404 2584 470 2607 vet.
489 2578 562 2608 cod.
580 2584 612 2608 et
629 2577 675 2609 El.
689 2577 742 2615 3.;
768 2578 885 2620 reliqui
904 2589 1017 2609 omnes

254 2621 378 2653 habent
409 2623 589 2653 hebetem
621 2625 737 2661 aciem,
773 2623 863 2666 quod
888 2624 1020 2662 Treqder

253 2665 422 2698 revocavit
444 2672 477 2696 et
489 2667 657 2698 Klotzius
648 2679 680 2697 in
696 2667 781 2698 Add.
796 2680 827 2710 p.
843 2666 913 2700 134.
935 2678 1017 2709 pro-

254 2710 356 2742 bavit.
404 2710 582 2747 Immerito,
613 2711 721 2742 credo.
767 2713 852 2743 Nam
876 2711 1016 2754 primum

256 2754 398 2787 offendit
409 2754 605 2798 asyndeton
627 2755 738 2797 qnod
729 2767 763 2787 m
779 2756 917 2788 duorum
937 2768 1015 2788 ora-

252 2799 352 2832 tionis
372 2799 593 2831 membrorum
615 2799 762 2831 iunctura
783 2812 849 2832 non
874 2813 1015 2843 usurpa-

253 2851 319 2886 tui,
343 2845 406 2876 nisi
429 2856 501 2876 cum
523 2844 553 2875 vi
579 2844 717 2887 quadam
743 2846 903 2877 oratoria·
930 2857 1012 2888 quae

254 2889 295 2921 ab
317 2889 351 2921 h.
365 2889 387 2921 l.
409 2889 605 2921 alienissima
625 2896 691 2926 est3
718 2888 865 2920 deinde·
855 2902 927 2932 ipsa
947 2891 1012 2922 loci

252 2935 417 2966 sententia
454 2935 660 2977 refragatum
701 2933 785 2964 acies
822 2934 908 2966 enim
944 2946 1011 2966 non

252 2979 315 3010 iam
339 2979 438 3011 hebes
473 2985 541 3017 est,
578 2978 635 3011 sed
669 2977 855 3011 hebetando
879 2978 1009 3011 demum

1064 1195 1123 1221 est.
1160 1190 1348 1230 Wesenbery.
1372 1189 1444 1220 Em.
1459 1189 1483 1221 Ι.
1507 1200 1539 1232 p.
1559 1188 1608 1221 15.
1630 1188 1825 1232 scripturam

1062 1236 1233 1266 hebetat
1266 1237 1382 1274 aciem,
1418 1233 1524 1273 unde,
1561 1245 1660 1277 quum
1685 1239 1718 1266 at
1747 1241 1825 1266 ante

1062 1289 1099 1311 ac
1122 1279 1275 1310 omissum
1298 1286 1401 1318 esset,
1428 1279 1624 1321 corrigendo
1645 1279 1714 1311 fieri
1738 1281 1824 1312 hebe-

1062 1328 1122 1355 tem
1143 1334 1189 1356 ac.
1215 1324 1312 1355 facile
1344 1324 1474 1367 potuit,
1510 1324 1707 1366 probaturus
1743 1331 1823 1362 erat,

1062 1368 1123 1399 nisi
1146 1368 1332 1407 dubitaret,
1366 1381 1443 1400 num
1467 1376 1545 1400 ante
1568 1369 1706 1411 Augusti
1728 1381 1823 1400 secu-

1062 1413 1128 1444 lum
1159 1415 1320 1445 hebetandi
1353 1414 1486 1444 verbum
1520 1414 1551 1445 in
1593 1425 1650 1445 usu
1685 1413 1823 1451 fuisset,

1062 1469 1137 1488 nam
1168 1458 1238 1489 aliis
1270 1458 1350 1489 Iocis
1376 1459 1567 1490 Ciceronem
1599 1460 1751 1491 hebescere
1786 1460 1824 1501 (l.

1062 1502 1126 1541 30,
1151 1502 1238 1542 73),
1264 1505 1447 1543 obtundere,
1468 1506 1715 1543 praestrinyere,
1739 1505 1826 1535 hebe-

1062 1551 1121 1578 tem
1152 1549 1280 1579 reddere
1316 1550 1398 1590 (Ait.
1424 1549 1484 1579 IX.
1516 1548 1572 1586 17,
1598 1549 1637 1580 2:
1678 1559 1730 1579 me
1761 1548 1826 1579 he-

1062 1592 1172 1623 betem
1209 1592 1380 1623 molestiae
1413 1592 1653 1634 reddiderunt.)
1693 1592 1824 1624 dixisse.

1065 1637 1285 1675 Quamobrem
1305 1637 1489 1679 suspicatur
1508 1636 1541 1668 in
1562 1638 1755 1680 archetypo,
1777 1637 1824 1669 uti

1061 1681 1182 1720 multa,
1218 1682 1264 1713 sic
1294 1681 1326 1713 h.
1350 1682 1373 1713 l.
1398 1688 1474 1713 ante
1506 1685 1604 1714 aciem
1638 1689 1693 1713 aut
1723 1684 1826 1715 reddit

1062 1732 1117 1757 aut
1139 1728 1214 1767 facit
1245 1726 1300 1767 (cf.
1325 1728 1352 1768 §.
1371 1728 1432 1758 52:
1458 1726 1619 1759 acriorem
1642 1727 1735 1769 facit)
1763 1739 1823 1758 ex-

1061 1770 1189 1803 cidisse.
1237 1772 1286 1803 De
1306 1773 1349 1802 ad
1371 1771 1625 1814 praepositionis
1649 1784 1706 1803 usu
1727 1784 1757 1805 v.
1780 1772 1822 1804 ad

1061 1827 1089 1847 c.
1113 1817 1153 1854 5,
1183 1817 1233 1848 11.

1127 1863 1233 1893 cecinit
1251 1860 1401 1904 receptui]
1427 1861 1452 1892 F
1455 1861 1581 1893 ormula
1601 1873 1618 1893 a
1635 1873 1672 1893 re
1688 1860 1822 1893 militari

1059 1904 1177 1946 ducta,
1215 1917 1277 1948 qua
1310 1906 1365 1937 hic
1398 1906 1480 1938 nihil
1505 1906 1593 1938 aliud
1625 1906 1820 1944 declaratur,

1059 1950 1120 1982 nisi
1150 1960 1291 1983 avocare.
1339 1951 1387 1982 De
1420 1951 1482 1982 hac
1515 1951 1656 1983 formula
1682 1953 1822 1983 Menhius

1057 1995 1090 2027 in
1114 1996 1271 2027 Observv.
1295 1995 1382 2026 ined.
1407 1995 1520 2028 laudat
1539 1998 1757 2028 Burmannum
1779 1996 1821 2028 ad

1059 2040 1154 2072 Ovid.
1180 2042 1259 2072 Met.
1287 2042 1320 2078 I,
1343 2038 1420 2073 340.

1122 2086 1261 2128 rursum]
1286 2087 1327 2117 V.
1353 2085 1395 2116 ad
1420 2087 1444 2117 Ι.
1470 2085 1519 2125 17,
1544 2083 1600 2118 40.

1122 2134 1224 2162 nostro
1244 2130 1341 2173 more]
1369 2132 1421 2162 Sc.
1445 2130 1613 2173 eleganter
1635 2138 1669 2163 et
1692 2138 1817 2171 ornate,

1057 2184 1112 2206 suo
1132 2186 1176 2207 sc.
1199 2174 1334 2216 illepide
1357 2182 1391 2205 et
1410 2175 1664 2208 inconsiderate.
1698 2178 1737 2208 V.
1760 2189 1818 2208 su-

1057 2230 1117 2261 pra
1141 2220 1165 2251 1.
1189 2219 1231 2257 3,
1256 2219 1287 2251 6.

1126 2263 1204 2294 CAP.
1226 2264 1319 2296 XVI.
1346 2266 1373 2307 ᾗ.
1396 2261 1450 2296 34.
1489 2266 1572 2295 Nihil
1593 2269 1636 2297 est
1655 2267 1750 2308 enim]
1776 2267 1816 2298 V.

1056 2307 1098 2338 ad
1120 2309 1145 2341 I.
1168 2307 1221 2346 27,
1246 2307 1300 2340 66.
1349 2310 1412 2340 Pro
1443 2311 1535 2340 elevet
1556 2310 1634 2341 Ern.
1662 2322 1689 2342 c.
1713 2311 1751 2341 D.
1778 2322 1817 2342 ex

1055 2353 1105 2383 El.
1120 2353 1151 2385 3.
1175 2359 1208 2384 et
1223 2353 1369 2384 Petrens.
1391 2356 1438 2396 (et
1457 2353 1504 2385 sic
1521 2353 1587 2385 duo
1602 2356 1682 2386 Oxx.
1695 2355 1814 2395 Marb.)

1054 2397 1184 2440 scripsit
1213 2399 1364 2438 levetque:
1400 2398 1488 2441 quod
1516 2405 1594 2440 post
1616 2411 1646 2431 v.
1670 2402 1818 2432 obtundat

1053 2442 1195 2474 alienum
1233 2448 1292 2473 est.
1346 2445 1450 2476 Elevet
1480 2443 1605 2485 optime
1635 2456 1670 2476 se
1702 2445 1813 2476 habet.

1052 2487 1124 2518 Pari
1142 2487 1244 2519 modo
1263 2493 1409 2519 tentatus
1431 2495 1480 2519 est
1497 2488 1589 2520 locus
1607 2488 1639 2519 in
1657 2501 1709 2531 ep.
1723 2490 1812 2520 Luc-

1054 2532 1113 2563 ceii
1136 2533 1178 2564 ad
1201 2533 1323 2564 Famm.
1346 2534 1385 2563 V.
1412 2532 1468 2571 14,
1492 2533 1531 2564 2:
1562 2544 1628 2564 non
1650 2533 1814 2575 intelliges

1052 2576 1211 2620 duplicari
1232 2577 1488 2615 sollicitudines,
1518 2588 1596 2619 quas
1615 2579 1734 2609 elevare
1756 2584 1812 2610 tua

1051 2629 1084 2653 te
1109 2622 1283 2664 prudentia
1305 2621 1476 2663 postulat?
1518 2621 1571 2653 ubi
1597 2622 1651 2653 Or.
1677 2628 1812 2655 auctore

1052 2667 1167 2699 Beiero
1192 2666 1296 2698 edidit
1319 2669 1429 2698 levare.

1118 2714 1389 2751 commentatioque
1414 2712 1562 2752 parendi]
1597 2712 1638 2744 H.
1663 2722 1691 2743 e.
1717 2713 1812 2755 cogi-

1049 2756 1133 2789 tatio
1167 2756 1316 2788 instituta
1348 2755 1389 2786 de
1423 2755 1616 2788 necessitate
1639 2757 1728 2789 vitae
1754 2764 1813 2790 aut

1049 2808 1185 2833 naturae
1207 2801 1271 2842 legi
1295 2799 1442 2841 parendi.
1490 2801 1538 2831 De
1562 2813 1592 2831 v.
1623 2806 1810 2835 commenta-

1047 2848 1138 2878 tionis
1170 2844 1435 2888 (Betrachtung)
1471 2856 1502 2876 v.
1537 2845 1579 2876 ad
1614 2847 1639 2879 J.
1662 2846 1725 2887 30,
1752 2845 1805 2880 74.

1046 2893 1205 2922 Meditatio
1240 2889 1496 2932 (Ueberlegung)
1536 2892 1718 2924 conditionis
1751 2892 1809 2923 hu·

1045 2945 1159 2968 manae
1190 2934 1326 2966 eandem
1362 2934 1433 2966 fere
1467 2934 1533 2966 vim
1568 2936 1687 2974 habet3
1732 2947 1808 2968 nam

1044 2980 1143 3012 verba
1167 2981 1324 3012 meditatio
1359 2985 1391 3010 et
1413 2981 1557 3012 meditari
1590 2980 1722 3023 proprie
1751 2980 1805 3012 di-
