1863 3221
250 113 326 155 144
832 118 991 151 [ABER
1017 119 1040 149 1.
1065 115 1129 157 36,
1155 117 1208 150 87.

245 211 395 251 tamen,
431 200 520 254 quia
543 205 705 253 possunt
723 197 906 248 evenire,
940 196 1009 236 sed
1031 196 1207 236 homines
1228 209 1275 235 ea
1291 195 1362 236 sibi
1382 197 1561 237 accidere
1583 210 1698 251 posse
1720 210 1796 237 non

242 275 427 328 cogitant.

241 348 371 403 plures
398 343 580 386 fortunati
608 343 709 392 sint,
743 356 854 396 quarn
880 341 1057 382 infelices
1074 374 1083 392 ,
1117 349 1182 382 aut
1204 342 1299 382 certi
1324 342 1522 396 quiequam
1548 342 1598 382 sit
1620 341 1658 381 in
1682 342 1798 381 rebus

240 419 432 468 humanis,
459 423 525 457 aut
543 429 702 470 sperare
723 415 774 455 sit
792 415 1034 469 prudentius,
1059 429 1171 468 quam
1194 415 1347 455 timere.
1390 421 1459 456 87.
1484 413 1563 455 Sed
1581 415 1653 454 hoc
1671 414 1797 468 ipsum

240 493 497 540 concedatur,
540 488 652 529 bonis
683 488 799 528 rebus
829 488 1004 528 homines
1034 494 1159 527 morte
1184 487 1353 541 privari3
1396 501 1490 541 ergo
1519 487 1633 527 etiam
1661 500 1797 527 carere

239 571 413 605 mortuos
434 563 538 604 vitae
561 561 796 612 commodis,
829 561 944 615 idque
975 574 1061 601 esse
1087 560 1297 600 miserum?
1358 558 1478 601 Certe
1499 560 1553 600 ita
1577 560 1705 599 dicant
1730 573 1798 599 ne-

239 651 350 678 cesse
370 643 443 676 est.
486 635 550 676 An
569 641 697 690 potest
713 635 761 684 is,
796 634 857 687 qui
878 648 955 674 non
975 641 1050 684 est,
1084 647 1126 673 re
1145 633 1220 673 ulla
1240 633 1425 674 carere?
1465 632 1600 672 Triste
1618 632 1720 672 enim
1738 639 1798 672 est

238 724 380 751 nomen
403 710 527 762 ipsum
551 707 758 757 carendi,
790 707 879 761 quia
903 706 1106 747 subiicitur
1131 707 1225 746 haec
1247 706 1333 745 vis:
1368 705 1522 756 habuit,
1557 720 1634 746 non
1664 705 1794 755 habet,

934 778 1060 829 Haec,
1092 779 1244 833 opinor,
1278 778 1524 819 incommoda
1545 785 1635 819 sunt
1661 792 1797 818 caren-

1451 850 1568 892 Valet
1587 851 1714 890 hocin
1736 851 1794 890 vi-

239 783 456 832 desiderat,
490 781 676 835 requirit,
710 779 871 833 indiget.

237 856 311 896 tis:
346 854 618 904 earetoculis,
652 853 787 893 odiosa
812 853 1003 902 caecitas3
1036 852 1190 901 liberis,
1226 852 1388 891 orbitas.

237 929 322 980 vis,
348 935 587 968 mortuorum
611 933 737 966 autem
764 940 840 965 non
863 925 976 965 modo
1001 925 1105 965 vitae
1131 924 1358 974 commodis,
1380 924 1448 964 sed
1473 938 1521 964 ne
1541 924 1619 964 vita
1643 923 1795 976 quidem

488 270 639 312 Metelli
668 276 800 324 sperat
821 269 893 309 sibi
919 269 1079 323 quisque
1110 270 1329 309 fortunam:
1374 269 1570 323 proinde2
1603 269 1711 323 quasi
1735 276 1802 309 aut
1849 262 1858 266 ’

326 1058 347 1089 2
372 1069 402 1089 v.
431 1056 513 1088 Adn.

235 1123 380 1162 ἀντλεῖν,
413 1122 576 1162 ἐξαντλεῖν
604 1119 722 1163 πόνον,
747 1119 871 1164 τύχην,
909 1120 996 1164 βίον;

236 1170 321 1201 unde
345 1167 489 1199 manavit
510 1165 664 1197 Latinum
682 1168 799 1197 labores
821 1168 998 1206 exanclare,

235 1221 270 1246 ut
295 1226 320 1245 c.
341 1212 394 1250 49,
422 1213 482 1243 11&
508 1210 572 1252 (ubi
596 1222 625 1242 v.
646 1211 780 1250 Dacis).
825 1211 864 1242 ll.
886 1214 918 1249 ὅ,
942 1212 996 1242 20.

236 1258 336 1291 Acad.
359 1259 399 1288 II.
422 1256 476 1291 ⁴24,
506 1257 567 1287 1015
594 1255 660 1296 (ubi
682 1267 712 1285 v.
738 1255 910 1289 Goerenz.l.
957 1255 995 1287 V.

238 1305 379 1336 Valcken.
393 1301 433 1332 ad
445 1299 556 1341 Eurip.
569 1299 703 1341 Hippol.
724 1299 815 1330 104&ss
827 1306 860 1329 et
873 1301 995 1339 Pfluyh.

234 1348 277 1380 ad
302 1350 373 1378 Eur.
387 1344 475 1377 Med.
498 1345 551 1378 79.
589 1344 643 1374 Sic
660 1343 768 1385 Eurip.
783 1343 918 1385 Cyclop.
936 1344 993 1374 10:

235 1392 378 1431 ἐξαντλῶ
411 1388 517 1423 πόνον,
567 1388 616 1418 Cf.
644 1389 718 1419 251.
746 1394 779 1417 et
800 1387 869 1418 aliis
902 1387 994 1419 locis.

237 1437 286 1467 Ob
304 1436 447 1466 litteram
471 1444 485 1464 c
505 1432 639 1463 verbum
657 1434 821 1463 exanclare
841 1431 915 1462 duci
939 1444 997 1464 so—

233 1481 280 1512 let
295 1480 334 1511 ab
349 1479 539 1516 ancnlando,
557 1479 679 1515 anculo,
695 1479 807 1507 ancnla
832 1477 973 1518 (ancilla)
988 1487 998 1515 ;

234 1525 293 1557 sed
316 1525 397 1555 haec
429 1533 539 1553 caussa
563 1521 667 1552 inanis
692 1528 751 1552 est.
800 1520 995 1552 Coniunctio

234 1557 415 1601 litterarum
438 1569 501 1598 anll
517 1578 614 1608 quum
629 1566 848 1596 Romanorum
864 1565 912 1595 ori
926 1577 996 1597 mo—

235 1615 350 1646 lestior
371 1619 466 1646 esset,
493 1617 618 1642 mutata
644 1617 692 1641 est
712 1611 743 1640 in
769 1613 849 1649 ancl,
877 1610 918 1640 cf.
941 1620 996 1650 pe-

232 1662 363 1697 riclum,
395 1658 565 1696 periculum
580 1680 588 1695 ,
611 1657 835 1695 subligaclum„
860 1657 996 1695 subliga-

233 1707 336 1736 culum
375 1713 435 1744 pro
468 1701 640 1743 perstlum,
685 1699 904 1740 subligatlum.
954 1701 993 1731 V.

235 1751 343 1780 Μαι-εἰ.
378 1748 471 1776 Varr.
506 1746 613 1776 Lectt.
648 1744 750 1781 XIII,
780 1744 830 1776 17.
865 1755 897 1785 p.
918 1743 994 1777 313.

232 1792 361 1824 Rnlmk.
410 1793 553 1821 Goerenz.
576 1788 617 1820 ad
643 1788 741 1819 Acad.
774 1790 813 1821 ΙΙ.
844 1790 993 1825 34,10³:<.

233 1836 337 1867 Aliter
364 1834 487 1865 iudicat
521 1835 560 1864 H.
585 1835 760 1872 Stephanus
786 1833 819 1863 in
852 1833 995 1875 Castigg.

230 1882 263 1912 in
291 1880 357 1911 Cic.
381 1878 470 1921 p.33›
486 1897 519 1901 —-
536 1877 588 1910 37.
614 1889 665 1919 ap.
690 1879 800 1908 Moser.
838 1877 912 1908 Vol.
938 1879 994 1908 111.

230 1938 263 1969 p.
283 1925 348 1958 370
360 1935 430 1966 sqq.

299 1967 551 2000 CARXXXVI.
575 1968 705 2006 proinde
717 1967 821 2007 quasi]
849 1966 991 2009 Sicplu-

232 2014 302 2047 rimi
328 2012 425 2045 codd.
450 2018 481 2042 et
500 2011 626 2053 optimi,
653 2017 688 2041 nt
712 2011 746 2042 R.
772 2011 856 2041 Gud.
877 2013 909 2048 l3
937 2013 990 2042 Or.

232 2072 259 2091 c.
275 2059 344 2090 aliis
369 2056 471 2088 edidit
488 2058 615 2095 perinde
635 2058 735 2095 quasi.
787 2055 898 2086 Ubivis
921 2056 991 2086 fere

231 2102 408 2147 particulae
425 2103 552 2140 perinde
573 2108 604 2131 et
624 2102 755 2140 proinde
777 2100 989 2130 confundun—

230 2156 283 2180 tur
315 2148 346 2178 in
374 2145 469 2178 codd.
516 2147 649 2176 Proinde
673 2144 806 2186 proprie
829 2144 991 2185 significat

232 2191 496 2225 consecutionem
513 2191 647 2229 idcirco,
672 2191 839 2228 clesnreyen,
864 2191 989 2220 demzu-

229 2241 319 2279 folye,
336 2243 368 2267 et
386 2235 514 2278 quidem
531 2234 563 2265 in
581 2233 867 2265 adhortationibus
883 2247 889 2269 ³,
911 2233 989 2276 poni

228 2290 338 2314 tamen
356 2281 484 2311 videtur
497 2278 662 2310 interdurn
676 2289 736 2319 pro
751 2280 888 2317 perinde,
904 2280 990 2309 haud

230 2330 319 2358 aliter
348 2336 384 2357 ac
407 2328 443 2357 si.
491 2326 558 2355 Iam
585 2323 748 2354 Ciceronis
782 2330 890 2353 aetate
923 2334 989 2354 non

229 2372 332 2403 solum
352 2371 490 2410 perinde,
513 2368 571 2399 sed
592 2368 689 2399 etiam
708 2370 839 2407 proinde
862 2367 989 2409 signifi-

231 2416 359 2446 catione
383 2416 558 2454 yleichwie,
583 2423 615 2444 so
637 2414 705 2444 sehr
728 2415 775 2443 als
800 2419 988 2454 usurpatum

232 2460 340 2495 fuisse,
367 2458 620 2488 luculentissime
636 2458 841 2488 demonstrat
862 2457 912 2487 lex
932 2457 986 2487 iu-

230 2503 362 2534 diciaria
386 2502 510 2532 Galliae
534 2502 716 2544 Cisalpinae
731 2501 800 2533 Col.
816 2505 840 2533 l.
866 2501 922 2533 lin.
937 2501 986 2535 17.

230 2548 422 2578 PROINDE
448 2547 594 2584 ATQVE
622 2547 665 2588 ‘dn
680 2558 742 2589 qua
760 2546 870 2577 tabula
887 2557 986 2577 aenea

231 2590 417 2632 corruptela
437 2589 539 2630 accipi
562 2591 651 2620 nullo
669 2591 769 2622 modo
785 2592 922 2632 potest),
940 2591 988 2622 uti

229 2635 270 2668 ad
285 2637 323 2665 V.
344 2636 375 2671 ζ’,
390 2635 421 2664 (ἐ.
446 2633 543 2663 docet
560 2636 701 2674 Orellius,
729 2636 781 2677 qui
803 2636 902 2667 etiam
923 2635 986 2667 ad-

229 2686 340 2712 notata
352 2688 408 2709 sua
423 2678 463 2708 ad
477 2677 688 2709 Miloni-anam
704 2681 874 2711 Garatonii
889 2692 920 2723 p.
934 2682 985 2713 58.

231 2725 318 2767 Lips.
347 2722 497 2754 conferre
522 2721 622 2751 iubet.
672 2723 735 2753 Sed
761 2724 836 2765 quin
863 2725 985 2756 utrius-

254 2780 292 2799 ue
316 2766 465 2799 vocabuli
489 2765 683 2806 significatio
708 2778 844 2809 ususque
865 2769 986 2811 aliquid

229 2813 381 2850 differat,
418 2809 558 2841 dubitari
593 2821 656 2840 non
690 2818 809 2852 potest.
857 2816 986 2845 Perinde

229 2868 358 2900 semper
379 2855 412 2886 in
435 2854 679 2897 comparatione
705 2866 764 2885 nec
787 2867 925 2898 unquam
949 2870 985 2889 ea

229 2903 260 2933 vi
286 2907 475 2943 usurpatur,
507 2905 543 2929 ut
568 2898 831 2930 consecutionem
859 2903 985 2941 (desue-

229 2947 299 2989 qen)
326 2944 504 2987 significet;
531 2942 650 2974 deinde
673 2943 705 2974 in
730 2943 866 2984 simplici
893 2957 983 2977 com-

1035 1121 1206 1163 paratione
1232 1132 1395 1163 nunquam
1418 1122 1568 1160 proinde,
1591 1118 1648 1150 sed
1667 1129 1795 1160 semper

1031 1167 1158 1205 perinde
1184 1164 1267 1202 dici,
1305 1172 1340 1195 ut
1362 1167 1488 1205 perinde
1510 1167 1635 1203 haberi,
1671 1164 1796 1205 optime

1034 1209 1220 1241 observavit
1247 1211 1384 1241 Kritzius
1413 1210 1455 1241 ad
1480 1209 1556 1240 Sall.
1583 1210 1649 1250 Ing.
1677 1209 1738 1245 IV,
1763 1210 1795 1240 ὅ.

1033 1266 1064 1295 p.
1081 1253 1157 1286 425.
1208 1254 1399 1285 Rectissime
1424 1257 1583 1286 Ellendtus
1606 1253 1647 1284 ad
1673 1253 1713 1283 de
1739 1255 1793 1284 Or.

1033 1300 1088 1331 III.
1106 1299 1159 1335 20,
1175 1298 1226 1331 74.
1254 1299 1338 1331 Voll.
1360 1301 1396 1329 II.
1417 1311 1448 1341 p.
1466 1299 1541 1331 39⁴⁷).
1562 1297 1724 1328 intellexit
1738 1307 1795 1336 pro

1031 1343 1062 1374 in
1107 1342 1264 1373 adverbio
1308 1355 1379 1374 eam
1417 1350 1618 1385 potestatem
1653 1342 1795 1373 retinere

1034 1398 1095 1429 qua
1121 1387 1286 1417 diceretur
1316 1388 1347 1418 in
1381 1388 1529 1418 formulis
1562 1397 1620 1426 pro
1646 1389 1794 1426 porlione,

1029 1442 1087 1471 pro
1107 1434 1202 1470 virili,
1226 1442 1283 1471 pro
1305 1436 1357 1462 lua
1379 1434 1570 1463 humanitate
1590 1431 1794 1473 significare-

1033 1487 1095 1518 que
1127 1476 1266 1518 aliquam
1301 1476 1345 1506 rei
1373 1488 1445 1507 cum
1468 1476 1632 1507 iudicandi
1657 1474 1792 1506 modulo

1033 1521 1315 1557 convenientiam3
1341 1523 1412 1552 inde
1436 1528 1544 1552 autem
1565 1532 1630 1551 non
1655 1531 1726 1551 cum
1741 1521 1793 1550 El-

1030 1567 1130 1596 lendlo
1152 1575 1210 1604 pro
1232 1575 1264 1596 re
1285 1570 1361 1596 nata
1385 1577 1409 1596 s.
1432 1576 1469 1597 ex
1489 1576 1525 1596 ea
1542 1568 1586 1596 rei
1604 1568 1665 1605 legye
1689 1569 1714 1595 el
1737 1574 1791 1595 ra-

1031 1612 1109 1641 tione
1148 1610 1452 1652 interpretandum,
1501 1610 1560 1641 sed
1600 1609 1792 1651 simpliciter

1031 1661 1145 1685 nostro
1170 1656 1266 1686 daher
1290 1655 1492 1696 respondere
1516 1661 1609 1697 puto.
1657 1655 1792 1685 Praeter

1030 1698 1118 1730 viros
1139 1699 1275 1736 doctos,
1302 1710 1382 1741 quos
1405 1699 1545 1737 laudavi,
1572 1699 1614 1730 cf.
1633 1701 1791 1730 Brennum

1030 1743 1071 1775 ad
1107 1744 1204 1774 Corn.
1238 1744 1323 1786 Nep.
1357 1744 1500 1786 Lysand.
1534 1746 1575 1775 II.
1603 1744 1634 1776 2.
1671 1755 1704 1785 p.
1735 1742 1788 1775 93.

1029 1790 1189 1819 Ruhnken.
1206 1787 1236 1818 in
1253 1788 1350 1818 Rutil.
1367 1790 1450 1831 Lup.
1463 1790 1487 1819 Ι.
1507 1800 1539 1830 p.
1552 1789 1606 1820 31.
1622 1795 1655 1819 et
1671 1787 1788 1819 Dictat.

1029 1833 1061 1862 in
1084 1834 1218 1864 Terent.
1242 1833 1421 1864 Heautont.
1446 1835 1470 1864 I.
1498 1835 1524 1871 l,
1552 1833 1600 1864 13.
1629 1835 1725 1864 Beier.
1747 1830 1789 1863 ad

1031 1876 1134 1908 Cicer.
1157 1877 1252 1908 Osfic.
1274 1879 1330 1908 Ill.
1353 1878 1405 1913 33,
1434 1879 1502 1909 121.
1528 1889 1560 1920 p.
1583 1875 1656 1909 417.
1707 1879 1788 1908 Mal-

1029 1923 1164 1952 lhiaeum
1188 1921 1230 1952 ad
1256 1934 1302 1954 or.
1328 1933 1387 1964 pro
1411 1922 1538 1953 Milone
1565 1921 1597 1952 in
1624 1927 1693 1952 not.
1714 1921 1786 1952 crit.

1028 1977 1061 2008 p.
1081 1967 1157 1998 3³4.
1206 1968 1314 1998 Moser.
1339 1966 1381 1997 ad
1402 1967 1434 1998 h.
1452 1967 1474 1997 l.
1500 1973 1533 1997 et
1558 1977 1638 2008 quos
1664 1965 1786 2005 laudat,

1027 2010 1068 2041 ad
1094 2011 1134 2042 N.
1149 2011 1186 2041 D.
1215 2012 1320 2041 1145&
1343 2010 1464 2054 p.360.
1487 2011 1527 2042 ad
1552 2012 1653 2052 Legg.
1678 2012 1716 2042 II.
1736 2009 1786 2042 19.

1026 2056 1146 2097 p.510.
1171 2055 1212 2086 ad
1234 2055 1341 2087 Divin.
1364 2057 1401 2093 II,
1425 2053 1478 2087 42.
1502 2068 1533 2098 p.
1547 2054 1621 2087 45⁴1.
1658 2057 1786 2094 Herzoy.

1026 2099 1067 2130 ad
1093 2100 1183 2130 Caes.
1211 2102 1242 2130 Β.
1271 2101 1309 2131 G.
1335 2101 1364 2138 7,
1387 2099 1440 2133 66.
1464 2099 1586 2142 9-490.
1620 2102 1718 2131 Kritz.
1745 2099 1786 2130 ad

1026 2143 1104 2175 Sall.
1131 2145 1200 2175 eat.
1216 2145 1266 2176 12.
1288 2156 1318 2186 p.
1335 2146 1387 2176 25).
1429 2144 1480 2175 Cf.
1505 2144 1592 2175 infra
1614 2142 1782 2185 c.39,94:

1021 2190 1150 2228 perinde
1170 2196 1203 2219 ut
1222 2189 1336 2231 cuique
1354 2188 1430 2219 data
1449 2196 1524 2219 sunt
1543 2200 1602 2229 pro
1619 2195 1688 2219 rata
1705 2200 1784 2231 par-

1025 2240 1068 2263 te.
1095 2234 1151 2264 III.
1177 2233 1230 2269 26,
1252 2234 1315 2265 6¹3:
1339 2235 1467 2272 perinde
1485 2252 1526 2256 —
1544 2233 1643 2275 quasi.
1680 2238 1720 2263 At
1744 2233 1783 2263 V.

1023 2278 1064 2315 2,
1090 2276 1130 2309 6:
1171 2280 1300 2317 proinde
1324 2290 1362 2309 ac
1387 2277 1427 2309 de
1452 2277 1619 2309 hominum
1645 2284 1694 2308 est
1718 2277 1784 2308 vita

1024 2328 1150 2353 merita.

1092 2369 1119 2410 ᾗ.
1145 2367 1198 2399 7:57.

1022 2414 1103 2443 triste
1124 2415 1165 2443 es!
1186 2415 1275 2443 enim.
1312 2413 1351 2443 V.
1374 2412 1415 2443 ad
1438 2412 1531 2453 027,
1546 2411 1600 2444 66.
1646 2413 1693 2443 De
1714 2423 1781 2454 seq.

1022 2466 1063 2487 an
1087 2468 1117 2487 v.
1143 2456 1185 2487 ad
1213 2458 1234 2488 l.
1264 2457 1312 2495 17,
1338 2456 1392 2489 39.

1088 2511 1149 2533 non
1172 2503 1262 2533 modo
1294 2520 1324 2525 —
1343 2503 1396 2533 sed
1418 2512 1455 2533 ne
1471 2501 1664 2544 —quidem]
1692 2501 1779 2531 [nfra

1021 2547 1059 2576 V.
1073 2545 1126 2585 33,
1139 2546 1200 2577 93ε
1227 2546 1384 2588 Epicurus
1407 2546 1601 2588 cupiditates
1612 2545 1779 2587 quasdam,

1022 2590 1110 2632 quod
1136 2597 1244 2621 essent
1269 2590 1364 2632 plane
1388 2590 1520 2627 inanes,
1544 2599 1638 2628 neque
1662 2601 1779 2620 neces—

1019 2635 1150 2665 sitatem
1182 2637 1291 2674 modo,
1327 2636 1379 2665 sed
1410 2645 1446 2665 ne
1480 2640 1628 2664 naturam
1654 2636 1778 2673 quidem

1020 2679 1242 2722 attingerent,
1270 2678 1415 2709 funditus
1441 2678 1612 2709 eiiciendas
1638 2679 1775 2720 putavit.

1020 2727 1232 2756 Doederlinius
1256 2724 1438 2754 Comment.
1467 2722 1507 2753 de
1532 2723 1677 2765 brachyl.
1703 2735 1774 2754 ser-

1020 2780 1109 2801 mon.
1125 2770 1180 2799 Gr.
1195 2775 1227 2799 et
1241 2769 1311 2800 Lat.
1333 2767 1461 2808 Erlang.
1479 2767 1571 2799 11531.
1592 2779 1623 2808 p.
1635 2767 1656 2798 6
1680 2774 1775 2799 acute

1021 2813 1139 2851 docet,
1175 2812 1306 2843 alterius
1332 2811 1488 2843 orationis
1512 2811 1649 2842 membri
1672 2824 1776 2853 nega-

1020 2858 1144 2889 tionem
1176 2853 1240 2890 ἀπὸ
1276 2858 1381 2889 κοινοῦ
1412 2855 1552 2898 positam
1577 2862 1675 2898 atque
1699 2856 1774 2888 ideo

1021 2902 1138 2945 prioris
1163 2900 1297 2932 membri
1321 2911 1544 2938 communem,
1580 2907 1612 2932 et
1636 2901 1677 2932 ob
1703 2912 1773 2932 eam

1022 2958 1165 2978 caussam
1181 2945 1212 2976 in
1224 2945 1342 2977 talibus
1357 2945 1512 2988 exemplis
1535 2957 1661 2978 comma
1678 2945 1772 2977 omit-

1243 2371 1338 2399 Triste
1361 2370 1441 2399 enim
1466 2367 1522 2410 est]
1548 2369 1782 2409 Exspectamus

1519 3089 1535 3103 S
