1863 3221
268 114 324 157 94

265 204 517 253 caelestium,
553 217 599 243 eo
625 202 812 242 maiorem
837 202 1099 255 cognoscendi
1122 201 1368 256 cupiditatem
1390 202 1548 243 dabunt.
1611 208 1680 244 45.
1714 203 1823 246 Haec
1846 215 1856 218 ’

264 278 366 317 enim
384 275 625 330 pulchritudo
646 275 759 315 etiam
778 275 816 315 in
837 275 952 314 terris
971 274 1151 329 patritam
1166 277 1183 301 ⁸
1204 274 1307 315 illam
1324 282 1363 315 et
1379 276 1522 317 avitam
1541 277 1601 329 (ut
1619 276 1674 316 ait
1691 276 1824 318 Theo-

861 123 1024 155 LissEn
1049 124 1074 154 1.
1097 120 1163 164 20,
1187 122 1242 155 45.

263 348 459 404 phrastns)
500 348 801 403 philosophiam,
843 348 1077 402 cognitionis
1113 348 1319 403 cupiditate
1349 349 1547 390 incensam
1562 381 1573 399 ‚
1617 349 1821 391 excitavit.

262 421 477 475 Praecipue
496 435 588 462 vero
612 422 792 461 fruentur
812 435 881 472 ea,
915 421 979 476 qui
1001 434 1077 462 nnn
1104 422 1219 462 etiam
1237 453 1247 473 ,
1281 436 1396 475 quum
1418 422 1485 462 has
1505 430 1630 463 terras
1650 422 1824 464 incolen-

263 502 321 536 tes
347 495 571 535 circumfusi
603 501 716 535 erunt
741 494 907 549 caligine
923 527 933 546 ,
967 502 1096 536 tamen
1118 495 1201 536 acie
1223 495 1363 535 mentis
1385 495 1575 550 dispicere
1601 496 1821 549 cupiebant.

373 566 476 608 XX.
510 567 670 608 Etenim
690 567 723 608 si
743 583 846 608 nunc
869 568 1011 623 aliquid
1033 568 1188 622 assequi
1208 582 1250 609 se
1271 575 1428 623 putant,
1463 568 1527 622 qui
1545 568 1687 609 ostium
1706 567 1825 609 Ponti

260 641 443 682 viderunt
467 648 506 682 et
529 656 595 682 eas
619 641 842 694 angustias,
876 657 945 696 per
967 656 1060 696 quas
1084 642 1304 696 penetravit
1324 655 1394 694 ea,
1428 656 1527 696 quae
1547 649 1607 683 est
1628 641 1824 683 nominata

260 713 397 769 Argo,
432 714 522 769 quia
552 714 694 768 Argivi
725 715 764 755 in
796 717 901 767 eal,

1009 791 1145 827 delecti
1174 792 1257 835 viri,

532 862 635 901 Veell
646 893 656 909 ,
685 864 863 914 petebant
886 864 1021 914 pellem

349 1004 370 1035 ὃ
394 1016 423 1037 v.
452 1002 535 1035 Adn.

1054 865 1264 901 inauratam
1289 859 1445 909 Arietis,-

589 1003 604 1035 1
634 1006 688 1035 Or.
712 1015 842 1035 versum
866 1015 884 1034 a
909 1015 938 1034 v.
961 1005 1069 1043 Aryici
1091 1002 1226 1045 incipit,
1251 1003 1315 1035 ita:
1342 1005 1450 1043 Aryivi
1469 1002 1502 1034 in
1526 1015 1574 1041 ea,
1600 1005 1659 1035 del.
1682 1013 1712 1035 v.
1748 1006 1821 1036 Sciz-

257 1050 397 1088 rcnburg.
426 1055 600 1079 comment.
625 1048 656 1079 d.
683 1060 714 1090 p.
733 1046 763 1080 8.
785 1048 900 1080 verbu:
927 1058 1005 1087 quae
1029 1052 1070 1079 est
1096 1058 1177 1079 nom.
1202 1050 1304 1088 Argo,
1328 1051 1402 1088 quia
1423 1051 1531 1088 Argivi
1552 1051 1584 1080 in
1605 1058 1641 1079 ea
1666 1048 1698 1079 in
1722 1059 1820 1080 unum

258 1105 388 1124 versum
420 1092 598 1124 coniunxit.

257 1182 359 1213 nitate
384 1181 549 1224 praeditas
571 1184 667 1214 inesse
693 1185 724 1214 in
745 1185 944 1214 universitate
966 1194 1021 1213 re«

257 1239 338 1259 rum.
372 1228 410 1259 V.
438 1229 610 1259 Gernhard.
635 1227 678 1258 ad
704 1228 773 1259 Cat.
790 1229 834 1259 Μ.
856 1229 894 1258 ll.
921 1239 952 1270 p.
970 1228 1019 1259 ll.

257 1274 293 1303 In
316 1272 400 1310 loco,
427 1284 444 1303 a
458 1275 578 1303 Klotzio
599 1272 719 1303 allato:
747 1272 810 1303 Off.
826 1274 847 1302 1.
863 1274 916 1309 42,
939 1273 1019 1304 151:

255 1319 389 1357 „quibus
408 1324 515 1348 autem
537 1320 655 1348 arcibus
675 1324 730 1348 aut
751 1316 925 1358 prudentia
948 1328 1020 1347 ma-

254 1362 302 1393 ior
318 1364 406 1402 inest,
430 1368 486 1393 aut
502 1373 569 1393 non
587 1362 763 1393 mediocris
780 1361 902 1392 utilitas
917 1372 1019 1403 quae—

254 1406 358 1444 ritur,
388 1425 423 1430 ——
458 1418 515 1437 eae
543 1414 619 1437 sunt
652 1407 710 1444 iis,
749 1418 886 1449 quorum
912 1406 1018 1437 ordini

256 1450 466 1489 conveniunt,
487 1451 669 1482 honestae*
692 1451 754 1483 hac
769 1458 932 1482 structura
946 1463 1019 1482 usus

255 1502 304 1527 est
319 1496 433 1526 Ciceio
458 1496 500 1527 ob
524 1496 778 1527 concinnitatem
801 1497 1019 1527 membrorum

259 1540 388 1593 (quibus
413 1541 496 1571 inest
523 1547 578 1571 aut
603 1541 794 1583 quaeiituss.

323 1586 350 1627 ᾗ.
372 1582 425 1617 45
473 1588 556 1617 Haec
579 1589 660 1617 enim
683 1587 895 1627 pulchritudo]
924 1586 964 1617 H.
992 1597 1019 1617 e.

255 1630 371 1662 harum
409 1642 516 1661 rtrum
560 1631 747 1662 caelestium
794 1630 1017 1672 pulchritudo.

254 1675 454 1706 Pronomina
490 1675 577 1706 enim
612 1682 644 1706 et
680 1675 939 1706 demonstrativa
986 1682 1019 1707 et

253 1719 392 1751 relativa
416 1731 514 1762 saepe
538 1720 584 1751 ita
612 1732 647 1751 se
672 1720 713 1751 ad
738 1720 908 1762 sequentia
937 1720 1018 1751 sub-

253 1764 396 1796 stantiva
431 1765 619 1808 applicant,
656 1777 694 1796 ac
724 1765 750 1795 si
782 1766 814 1796 in
845 1765 1017 1796 enuntiato

253 1809 463 1840 antecedenti
499 1810 550 1840 vel
587 1821 652 1841 uno
691 1809 823 1841 nomine
859 1809 910 1841 vel
943 1816 1016 1841 toto

253 1854 424 1885 enuntiato
438 1854 531 1886 notio
546 1854 613 1886 eius
628 1866 780 1897 expressa
794 1861 890 1892 esset,
911 1866 1017 1897 quan-

253 1910 350 1942 quam
374 1910 439 1930 non
463 1905 512 1930 est
535 1911 698 1942 expressa.
744 1901 928 1931 pronomen
952 1900 983 1942 ig,
974 1899 1017 1930 i-

252 1951 307 1974 tur
329 1944 477 1987 sequenti
507 1944 713 1975 substantivo
743 1945 943 1987 applicatum
966 1944 1016 1975 vel

252 1999 292 2020 eo
314 1989 404 2031 quasi
427 1996 603 2020 attractum
633 1989 775 2031 positum
800 1996 849 2021 est
874 2000 933 2032 pro
955 2001 1016 2030 ge—

251 2033 367 2065 nitivo.
416 2036 500 2065 Haec
524 2037 720 2073 pulchritudo
741 2034 786 2065 ita
810 2034 932 2065 dictum
956 2041 1016 2073 est,

251 2089 291 2109 ac
324 2078 349 2108 si
383 2078 446 2109 iam
480 2078 512 2108 in
546 2079 757 2109 antecedenti
792 2079 1016 2109 enuntiatione

254 2122 465 2164 pulchritudo
485 2130 740 2154 commemorata
758 2130 862 2160 esset3
889 2134 949 2154 nec
961 2130 1015 2154 ta-

252 2178 326 2197 men
360 2167 533 2209 qnicquam
566 2167 654 2198 aliud
690 2167 815 2198 dietum
849 2174 917 2206 est,
956 2167 1017 2198 nisi

252 2223 364 2243 caussa
386 2211 650 2254 pulchritudinis.
686 2212 739 2243 Sic
757 2214 891 2244 Terent.
912 2212 1015 2243 Andr.

252 2257 277 2287 I.
304 2258 328 2293 1,
354 2257 413 2289 72:
441 2258 560 2288 Omnes
582 2256 716 2288 laudare
740 2256 889 2288 fortunas
914 2268 1012 2288 meas.

251 2303 318 2334 Hac
337 2303 425 2341 fama
445 2300 601 2343 impulsus
618 2302 772 2333 Chremes
792 2301 879 2333 ultro
900 2301 943 2332 ad
963 2313 1014 2332 me

251 2346 342 2376 veuit
377 2346 420 2387 th.
442 2357 469 2377 e.
507 2346 598 2377 huius
624 2347 670 2378 rei
700 2346 813 2385 sima)
862 2346 928 2377 Cic.
954 2357 1014 2388 pro

253 2390 377 2422 Milone
409 2392 576 2423 XXXVI.
610 2392 636 2433 ξ.
663 2392 740 2423 1082
785 2391 918 2422 Nullum
950 2403 1013 2422 un-

252 2447 370 2477 quam
409 2435 552 2474 iudices,
592 2436 670 2467 mihi
704 2443 830 2467 tantum
864 2435 1012 2468 dolorem

252 2479 404 2514 inuretis
432 2499 471 2503 —
511 2488 546 2511 ut
576 2480 769 2519 obliviscar,
816 2480 928 2523 quanti
961 2493 1013 2512 me

251 2534 381 2564 semper
402 2524 558 2556 fece1itis.
609 2528 694 2564 Ouae
716 2526 741 2557 si
766 2538 823 2557 vos
847 2526 935 2568 cepit
961 2529 1012 2557 ob-

252 2570 345 2606 livio,
381 2575 435 2598 ant
461 2569 487 2599 si
520 2570 551 2600 in
585 2582 637 2601 me
667 2570 790 2613 aliquid
823 2571 1010 2610 oll'endetis,

253 2623 309 2643 cur
336 2592 403 2642 ’non
441 2612 474 2643 id
508 2625 580 2643 meo
615 2615 723 2656 potins
762 2615 867 2657 capite
902 2615 1010 2654 luitur,

250 2667 347 2699 quam
372 2657 531 2687 Milonis?
570 2670 647 2699 pro.
685 2662 772 2691 cuins
802 2663 846 2691 rei
878 2660 1011 2691 oblivio.

251 2702 291 2732 V.
316 2703 448 2741 Kri29er.
465 2702 757 2744 Untersuchungen
780 2704 860 2735 uber
880 2705 911 2736 (l.
936 2706 1012 2737 Lat.

253 2747 327 2788 Spr.
353 2747 408 2777 Ill.
444 2757 474 2787 p.
500 2746 560 2779 127
575 2758 622 2788 sq.
671 2749 853 2780 Ramshorn.
886 2751 924 2781 L.
952 2750 1009 2780 Gr.

252 2792 369 2834 §.15&.
395 2802 426 2833 p.
442 2790 506 2821 003>
520 2801 567 2832 sq.
602 2793 736 2822 Killmer
763 2794 796 2822 Ι.
815 2794 871 2823 Gr.
893 2792 1010 2835 §.1452

250 2835 332 2868 Not.
351 2835 402 2868 113.
451 2834 502 2865 Cf.
527 2837 624 2866 Krilz.
647 2835 689 2866 ad
713 2835 788 2866 Sall.
812 2838 877 2877 lug.
901 2836 954 2876 54,
978 2837 1010 2870 6.

250 2891 285 2922 p.
303 2880 370 2912 300
382 2891 429 2923 sq.
453 2885 485 2910 et
505 2881 645 2919 Madvig).
666 2879 707 2911 ad
730 2880 800 2910 Fin.
822 2882 859 2912 V.
886 2882 935 2920 15,
956 2880 1010 2913 4⁴2.

251 2935 284 2966 p.
302 2923 364 2956 691
382 2936 431 2968 sq.-

315 2969 693 3011 parritam-—eoecilavifl
717 2968 901 3000 Sententia:
925 2969 1009 3000 Cae-

1056 1182 1187 1214 lestinm
1218 1193 1324 1213 rerum
1354 1182 1566 1224 pulchritudo
1602 1193 1713 1214 caussa
1745 1181 1820 1223 fuit,

1058 1234 1093 1258 ut
1119 1228 1280 1269 maiores,
1317 1227 1513 1270 cognitionis
1549 1227 1727 1270 cupiditate
1762 1239 1821 1259 ac·—

1058 1273 1166 1310 censi,
1201 1272 1342 1303 animum
1377 1272 1580 1314 applicarent
1600 1272 1641 1303 ad
1668 1272 1819 1314 philoso-

1056 1317 1179 1359 phiam.
1203 1337 1247 1341 -—
1295 1317 1409 1348 Paullo
1428 1317 1580 1348 audacius
1605 1317 1727 1348 dictum
1748 1319 1819 1357 phi-

1054 1364 1191 1402 losophia
1213 1364 1392 1402 cognitionis
1412 1364 1579 1401 cupiditate
1598 1365 1723 1393 incensa
1740 1373 1817 1404 pro:

1052 1409 1125 1447 plu,
1158 1417 1237 1447 quae
1258 1411 1325 1438 orta
1347 1411 1390 1438 est
1411 1417 1425 1438 e
1450 1417 1515 1446 ⁶09·
1539 1409 1726 1446 cupiditate,
1759 1419 1819 1438 nec

1054 1459 1163 1482 tamen
1196 1452 1262 1489 ita⁷
1300 1457 1335 1481 ut
1364 1451 1525 1493 scriptura
1555 1463 1572 1482 a
1600 1453 1728 1491 Neide‘o,
1764 1451 1818 1495 qni

1054 1496 1228 1538 legendum
1253 1495 1337 1527 coni.
1360 1499 1506 1535 incensa,
1530 1495 1739 1528 sollicitanda
1764 1509 1819 1528 es·-

1055 1548 1115 1572 set.
1166 1544 1306 1572 Klotzius
1334 1547 1411 1583 apte
1434 1548 1602 1582 compaxat
1626 1540 1688 1572 Off.
1716 1543 1740 1572 Ι.
1766 1540 1816 1580 19,

1054 1585 1114 1619 64:
1143 1596 1262 1618 omnem
1284 1596 1399 1617 morem
1414 1586 1749 1617 Lacedaemoniorum
1769 1589 1817 1619 in-

1054 1633 1251 1671 flmmnatmn
1288 1640 1349 1662 esse
1384 1633 1551 1670 cupiditate
1584 1633 1737 1662 vincendi.
1778 1649 1817 1655 -

1055 1677 1116 1707 Pro
1138 1676 1224 1718 vulg.
1254 1679 1393 1715 patriam
1416 1687 1442 1706 c.
1467 1676 1513 1706 M.
1535 1676 1574 1706 L.
1598 1676 1653 1706 W.
1675 1676 1732 1709 Kl.
1756 1677 1814 1707 Tr.

1055 1733 1071 1752 e
1103 1721 1214 1752 Nonio
1248 1732 1277 1762 p.
1307 1719 1378 1752 161.
1410 1721 1514 1751 Merc-
1547 1719 1634 1750 edidi
1664 1724 1816 1760 patritam

1055 1767 1100 1807 (et
1132 1765 1178 1796 sic
1200 1764 1298 1796 Vind.
1319 1765 1433 1805 2050,
1475 1767 1602 1805 ll'olfius
1631 1766 1815 1807 suspicatur

1052 1811 1085 1841 in
1108 1810 1182 1841 loco
1204 1809 1456 1851 Theophrasteo
1479 1809 1640 1840 adiectiva
1661 1810 1819 1853 πατρῷος

1052 1854 1111 1888 καὶ
1142 1855 1306 1898 παππῷος
1340 1854 1464 1896 scripta
1497 1854 1616 1892 fuisse,
1657 1861 1692 1885 ut
1727 1854 1816 1896 apud

1053 1899 1320 1931 Demosthenem.
1369 1901 1500 1931 Orellius
1530 1899 1698 1930 revocavit
1727 1899 1814 1941 vulg.

1049 1948 1209 1984 patriam,
1243 1943 1318 1987 quia
1342 1943 1557 1986 adiungatur,
1590 1948 1622 1975 ut
1652 1946 1696 1974 ait
1720 1945 1814 1975 Theo-

1049 1992 1216 2030 phrastus;
1244 1989 1379 2020 Latinus
1402 1989 1544 2031 scriptor
1567 1988 1592 2019 si
1614 1987 1813 2027 laudaretur,

1052 2035 1224 2066 ferendum
1247 2035 1336 2071 ἴοι-ες
1370 2034 1434 2065 huc
1455 2033 1631 2072 accedere,
1665 2033 1753 2076 quod
1773 2044 1814 2064 ne

1051 2080 1127 2110 alibi
1165 2079 1296 2121 quidem
1337 2078 1424 2121 apud
1459 2078 1650 2110 Ciceronem
1686 2078 1814 2120 legatur

1051 2135 1123 2155 voc.
1145 2127 1300 2163 patritus,
1325 2131 1358 2154 et
1380 2123 1414 2154 iu
1435 2125 1530 2154 Vei-r.
1554 2127 1627 2155 Act.
1651 2125 1671 2153 l.
1694 2124 1727 2164 Ξ),
1756 2122 1811 2155 13:

1050 2179 1096 2200 res
1118 2171 1225 2208 patria
1249 2171 1275 2199 et
1298 2171 1384 2199 avita
1417 2168 1515 2209 (adde
1539 2179 1572 2210 p.
1598 2168 1619 2198 l.
1644 2168 1756 2199 Manil.
1779 2166 1811 2206 8,

1050 2213 1113 2244 ⁴21:
1154 2222 1245 2252 regno
1278 2214 1381 2252 patrio
1414 2216 1503 2251 atque
1538 2212 1634 2252 avito)
1674 2211 1812 2243 dicatur.

1050 2258 1273 2288 Veruntamen
1297 2268 1394 2298 quum
1416 2256 1555 2298 primum
1578 2256 1729 2287 vocabuli
1751 2266 1810 2295 pa-

1048 2304 1137 2333 tricus
1159 2302 1266 2333 forma
1289 2301 1368 2331 nihil
1392 2301 1529 2338 habeat,
1556 2300 1588 2332 in
1611 2312 1676 2343 quo
1699 2301 1811 2332 oll'en-

1048 2347 1173 2384 damus,
1196 2353 1266 2376 tum
1289 2353 1423 2377 auctore
1444 2345 1553 2376 Nonio
1567 2347 1671 2377 Varro
1693 2347 1810 2384 patrilo

1047 2395 1073 2422 et
1095 2394 1177 2422 avito
1195 2400 1277 2422 more
1297 2390 1435 2427 dixerit3
1461 2389 1601 2433 denique
1622 2389 1747 2421 Nonius
1768 2388 1811 2420 ad

1047 2436 1140 2467 huius
1165 2436 1291 2467 formae.
1319 2435 1549 2466 auctoritatem
1579 2434 1809 2466 stabiliendam

1046 2481 1135 2512 hunc
1165 2480 1271 2523 ipsum
1298 2492 1393 2523 quem
1420 2487 1598 2511 tractamus
1620 2480 1729 2511 locum
1752 2485 1808 2510 at·

1046 2525 1181 2556 tulerit:
1207 2525 1260 2556 vix
1282 2524 1414 2556 dubium
1439 2532 1508 2563 est,
1534 2525 1610 2567 quin
1634 2523 1807 2566 legendum

1046 2570 1089 2601 sit
1117 2573 1278 2610 patritam.
1337 2569 1387 2601 Cf.
1420 2572 1573 2601 Krilzium
1607 2569 1639 2599 in
1674 2579 1808 2600 censura

1047 2627 1145 2657 saepe
1177 2615 1241 2645 iam
1275 2613 1418 2646 laudata.
1470 2616 1502 2644 ln
1539 2613 1618 2645 locis
1650 2613 1758 2644 allatis
1789 2624 1807 2643 e

1047 2661 1140 2693 Verr,
1163 2667 1194 2690 et
1217 2671 1248 2702 p.
1270 2659 1291 2690 l.
1309 2658 1420 2689 Manil.
1440 2657 1503 2689 alia
1521 2665 1620 2701 atque
1639 2658 1672 2688 in
1693 2664 1806 2689 nostro

1048 2704 1122 2736 loco
1148 2704 1278 2735 videtur
1301 2714 1371 2733 esse
1395 2702 1490 2733 ratio.

1112 2748 1274 2790 dispicere]
1312 2746 1414 2778 Huius
1448 2746 1538 2777 verbi
1574 2747 1640 2777 vim
1674 2757 1711 2777 ea
1744 2757 1806 2787 qua

1045 2793 1131 2825 solet
1165 2791 1325 2834 elegantia
1354 2790 1507 2822 enodavit
1530 2793 1689 2822 Ernestius
1716 2790 1803 2822 Clav.

1047 2838 1113 2869 Cic.
1128 2838 1158 2869 h.
1172 2849 1202 2868 v.
1227 2835 1394 2877 Significat
1413 2835 1585 2866 intendere
1608 2835 1711 2866 aciem
1723 2845 1805 2866 ocu-

1045 2883 1150 2914 lorum
1174 2880 1216 2913 ad
1240 2879 1425 2911 videndum.
1476 2879 1560 2911 Hinc
1588 2879 1629 2911 de
1655 2880 1724 2912 Fin.
1747 2880 1803 2911 IV.

1044 2926 1099 2964 ⁴23,
1117 2924 1171 2958 64.
1192 2925 1233 2956 de
1255 2924 1369 2956 catulis
1389 2923 1520 2963 dicitur,
1545 2936 1643 2967 quum
1664 2925 1804 2968 primum

1046 2970 1159 3001 oculos
1180 2969 1328 3011 aperiunt
1350 2974 1383 2999 et
1404 2968 1516 3001 videre
1536 2976 1716 3007 conantur,
1739 2979 1800 3011 pa-
