1863 3221
233 111 318 152 214
815 112 1215 153 LlBER11.15,3·o.

239 196 394 252 piuntur
409 197 446 246 ⁹,
473 202 513 235 ut
534 194 676 235 multus
690 196 708 220 ‘³
735 205 757 233 e
775 191 994 232 visceribus
1013 190 1172 246 sanguis
1194 197 1338 243 exeat,
1369 205 1645 246 nonnunquam
1669 193 1804 244 etiam,

242 276 296 320 ut,
331 282 444 322 quum
467 268 518 307 ibi
541 280 686 317 essem,
721 265 923 305 audiebam
936 267 974 316 ⁹,
1008 265 1053 305 ad
1075 278 1235 304 necem:
1270 279 1432 318 quorum
1456 280 1534 306 non
1557 265 1672 306 modo
1690 279 1806 306 nemo

245 341 483 382 exclamavit
505 353 689 393 unquam,
724 339 791 379 sed
814 352 862 379 ne
884 338 1074 392 ingemuit
1099 337 1267 392 quidem.
1317 336 1446 391 Quid?
1477 353 1572 392 ergo
1596 338 1669 379 hoc
1695 339 1805 394 pueri

246 420 434 469 possunt,
467 412 540 453 viri
574 427 651 452 non
684 412 894 466 poterunt?
924 419 963 452 et
991 425 1075 451 mos
1106 411 1233 462 valet,
1264 411 1366 450 ratio
1397 425 1474 452 non
1505 411 1676 452 valebit?

356 484 455 527 XV.
517 491 588 525 55.
622 483 791 525 Interest
815 484 957 538 aliquid
986 484 1090 524 inter
1110 483 1282 523 laborem
1311 490 1349 523 et
1378 484 1574 536 dolorem3
1607 491 1697 525 sunt
1722 484 1808 525 fini-

242 559 336 600 tima
367 558 548 609 omnino,
581 558 649 598 sed
683 565 810 598 tamen
841 557 999 597 differtl
1035 557 1192 610 aliquid.
1254 555 1388 596 Labor
1418 564 1478 597 est
1508 557 1656 597 functio
1688 571 1807 611 quae-

248 633 334 673 dam
361 632 426 672 vel
450 631 566 671 animi
589 630 652 672 vel
677 632 852 685 corporis
877 630 1069 684 gravioris
1101 630 1230 684 operis
1252 636 1292 669 et
1314 629 1511 681 muneri53
1546 630 1658 670 dolor
1678 637 1809 672 autem

248 711 377 746 motus
411 718 527 759 asper
552 704 590 744 in
625 717 812 758 corpore,
846 703 996 743 alienus
1022 717 1044 744 a
1067 703 1262 743 sensibus.
1326 701 1435 743 Haec
1464 703 1540 743 duo
1562 701 1706 744 Graeci
1735 704 1807 754 illi,

246 791 411 832 quorum
443 776 641 831 copiosior
671 784 731 817 est
761 775 917 830 lingua,
959 790 1071 830 quam
1103 782 1260 826 nostra,
1304 789 1381 816 uno
1412 776 1570 816 nomine
1602 776 1807 831 appellant.

246 849 383 905 ltaque
406 850 620 891 industrios
643 849 820 889 homines
844 849 898 889 illi
921 849 1116 890 studiosos
1138 849 1201 889 vel
1223 848 1350 904 potius
1373 856 1550 889 amantes
1576 849 1722 890 doloris
1744 864 1811 904 ap-

244 924 413 978 pellant,
447 937 519 963 nos
546 923 785 963 commodius
816 921 1052 962 laboriosos.

473 993 509 1036 Ο
541 995 749 1037 vei-horum
780 995 893 1048 inops
924 994 1141 1045 interdum,
1189 994 1327 1048 quibus
1358 994 1556 1035 abundare
1588 1002 1625 1035 te
1655 1008 1812 1049 semper

248 997 397 1037 dolere.

1114 921 1234 962 Aliud
1260 928 1321 962 est
1345 921 1447 962 enim
1470 921 1673 974 laborare,
1707 922 1810 962 aliud

331 1100 353 1134 9
377 1114 407 1133 v.
431 1100 515 1132 Adn.
565 1100 719 1132 Ceterum
738 1102 931 1132 Lachmann.
956 1099 999 1132 ad
1018 1100 1116 1132 Lucr.
1142 1099 1175 1141 5,
1199 1096 1277 1132 993.
1299 1099 1482 1143 suspicatur
1500 1099 1693 1132 Ciceronem
1715 1112 1810 1134 versu

240 1146 366 1189 tragico
389 1157 480 1177 usum
503 1157 592 1177 esse:
624 1148 759 1186 Spartae
784 1164 826 1169 —
848 1147 1063 1185 accipiuntur,
1085 1152 1091 1185 1
1137 1146 1174 1177 Ut
1197 1163 1241 1168 —
1263 1150 1362 1177 exeat.
1410 1146 1488 1179 XV.
1538 1145 1554 1178 l
1582 1158 1612 1180 v.
1636 1145 1721 1178 Adn.

242 1213 332 1257 quit⁷
357 1212 421 1244 nisi
444 1212 545 1244 iratus
571 1224 687 1244 essem.
735 1212 831 1244 Plura
856 1211 1006 1255 exempla

241 1257 500 1302 suppeditabunt
524 1257 657 1289 Lexica.

307 1305 423 1334 multas
439 1312 453 1334 e
466 1312 496 1334 v.
511 1304 641 1342 sanguis
654 1301 757 1343 exeat]
783 1300 913 1344 Gryph.
930 1300 1007 1332 alii-

240 1359 304 1392 que
325 1346 419 1391 pauci
444 1346 624 1378 deteriores
646 1346 742 1378 codd.
767 1353 801 1377 et
820 1346 904 1377 duae
929 1345 1005 1377 edd.

240 1399 322 1424 vett.
345 1403 405 1435 pro
420 1394 534 1423 multus
554 1391 709 1422 exhibent
721 1393 826 1422 multis
847 1393 906 1432 (sc.
920 1401 1006 1433 pue-

240 1437 310 1478 ris).
355 1436 452 1469 Male.
500 1435 771 1467 Klotziuslaudat
791 1437 1006 1475 Heindorsium

242 1481 284 1513 ad
315 1482 395 1513 Hor.
417 1483 485 1512 Sat.
512 1482 536 1511 Ι.
561 1480 591 1517 7,
617 1482 679 1512 ’.ὶὸῑ
717 1480 803 1510 salso
837 1480 1006 1522 multoque

240 1526 377 1559 fluenti:
418 1525 473 1556 ubi
508 1531 741 1568 comparantur
764 1524 854 1566 Virg.
883 1525 1005 1566 Georg.

240 1572 308 1610 ΙΙΙ,
334 1571 396 1603 ’ὶὸτ
441 1581 658 1614 magnumque
691 1569 847 1600 fluentem
882 1569 1005 1608 Nilum,

243 1617 301 1647 Gr.
325 1613 473 1657 ἁλμυρὸς
496 1613 553 1648 καὶ
575 1613 678 1652 πολὺς
702 1614 763 1656 ῥεῖ,
788 1614 926 1656 aliaque.
965 1618 1007 1645 At

241 1659 362 1691 rectius
396 1662 512 1691 mullus
547 1670 607 1701 pro
640 1659 834 1691 attributivo
866 1658 1006 1690 nominis

241 1707 372 1744 sanguis
395 1703 621 1746 accipiendum
646 1710 706 1735 est.

309 1759 323 1780 e
345 1749 525 1790 visceribus]
552 1751 699 1780 Davisius
720 1748 873 1790 apposite
895 1748 1005 1779 attulit

242 1793 359 1824 Isidor.
384 1793 472 1835 Orig.
496 1794 565 1830 XI,
595 1795 629 1825 l:
655 1793 814 1833 „Viscera
837 1805 902 1823 non
926 1799 1005 1824 tan—

239 1845 310 1869 tum
328 1837 485 1869 intestina
506 1836 655 1878 dicimus,
681 1837 740 1868 sed
765 1837 919 1880 quicquid
944 1838 1003 1869 sub

241 1882 331 1914 corio
352 1888 411 1920 est,
438 1894 457 1913 a
479 1881 578 1921 visco,
605 1881 694 1925 quod
715 1888 765 1913 est
786 1882 872 1913 inter
897 1889 1004 1913 cutem

241 1933 275 1958 et
301 1928 467 1959 carnem.“
517 1927 609 1958 Idem
641 1933 783 1958 testatur
807 1927 937 1958 Servius
962 1927 1005 1958 ad

239 1971 331 2013 Virg.
364 1974 445 2002 Aen.
469 1969 509 2009 6,
533 1972 609 2004 253.
669 1971 720 2001 Cf.
752 1983 849 2013 supra
881 1975 923 2013 ὅ,
949 1972 1003 2005 20.

239 2016 282 2047 Ν.
305 2017 345 2047 D.
368 2017 409 2046 11.
433 2014 475 2053 6,
505 2017 553 2047 125.
601 2015 749 2046 Eundem
775 2016 1004 2047 Lacedaemo-

238 2059 369 2091 niorum
392 2059 432 2090 ad
459 2070 548 2089 aram
574 2059 697 2090 Dianae
722 2060 857 2090 Orthiae
884 2072 1004 2102 pueros

239 2103 435 2135 verberandi
458 2114 582 2134 morem
608 2103 694 2134 infra
717 2104 756 2135 V.
777 2104 830 2142 27,
857 2104 911 2137 77.
950 2112 1005 2135 te-

239 2147 315 2189 tigit
334 2147 472 2180 Tullius.
500 2148 552 2177 Cf.
575 2148 663 2179 Xen.
684 2148 767 2189 Rep.
790 2149 868 2180 Lac.
893 2150 932 2186 ΙΙ,
956 2149 1004 2181 10.

237 2192 347 2234 ibique
368 2194 544 2231 Haasium,
580 2198 614 2222 et
637 2194 669 2223 C.
689 2194 723 2224 O.
741 2194 925 2232 Mallorum,
950 2193 1004 2224 die

240 2237 380 2275 Dorier‚
406 2238 430 2268 Ι.
455 2248 487 2277 p.
505 2236 581 2268 ὅδὲ.
608 2238 648 2267 ΙΙ.
672 2248 706 2278 p.
723 2236 799 2269 312.

319 2281 500 2322 audiebam]
538 2282 691 2312 Bentleius
727 2280 769 2312 ob
805 2282 844 2312 V.
869 2281 923 2319 27,
950 2281 1001 2315 77.

238 2325 414 2367 legendum
436 2324 578 2356 coniecit
601 2327 755 2356 videbam.
805 2328 847 2356 At
871 2325 1004 2357 frustra.

238 2371 324 2401 Nam
349 2381 446 2412 quum
480 2376 664 2411 pugnantes
698 2369 924 2401 adolescentes
950 2370 1002 2401 vi—

240 2414 327 2445 derit
348 2414 496 2453 Tullius,
526 2425 565 2444 ex
587 2425 626 2445 eo
649 2425 715 2445 non
735 2414 900 2456 sequitur,
929 2427 1002 2446 eum

238 2458 337 2489 etiam
351 2458 481 2498 vidisse,
506 2470 603 2500 quum
618 2458 833 2490 caederentur
846 2459 887 2490 ad
901 2471 999 2498 aram,

240 2502 287 2533 uti
300 2509 388 2533 recte
401 2509 513 2533 monet
527 2505 725 2542 Wopkensius
745 2503 777 2534 in
791 2504 900 2535 Lectt.
914 2504 1001 2536 Tull.

239 2557 271 2589 p.
292 2545 346 2579 83.
372 2547 480 2579 Hand.

306 2600 378 2631 erqo
396 2609 439 2614 —
455 2595 593 2630 possunt,
610 2611 654 2615 —
679 2603 744 2623 non
766 2595 935 2632 poterunt?
961 2612 999 2617 —-

236 2637 337 2673 valet,
362 2653 405 2658 -
430 2646 496 2666 non
526 2636 680 2678 valebim]
731 2638 1000 2679 interrogationis

236 2679 375 2721 signum,
402 2679 490 2720 quod
512 2686 580 2709 erat
602 2687 678 2721 post
698 2683 779 2718 Quid
799 2692 881 2722 ergo,
907 2682 1000 2725 posui

236 2730 313 2766 post
337 2725 430 2762 Quid.
478 2724 515 2754 V.
540 2723 581 2753 ad
610 2724 660 2761 17,
685 2725 739 2756 39.

314 2768 391 2799 CAP.
416 2768 490 2798 XV.
526 2769 554 2809 ᾧ.
578 2767 630 2799 35.
692 2769 854 2806 Quoniam
888 2770 998 2812 paullo

237 2818 314 2844 ante
344 2812 385 2843 de
414 2814 517 2843 dolore
541 2818 573 2842 et
598 2813 719 2850 labore,
756 2820 908 2855 tunquam
936 2826 998 2846 una

237 2857 416 2898 eademque
441 2867 494 2892 re,
532 2855 655 2886 (lictum
681 2863 748 2893 est,
774 2857 837 2888 ium
858 2859 995 2898 Tullius,

234 2914 251 2932 a
266 2900 440 2944 proposito
454 2900 650 2942 digrediens,
677 2900 753 2942 quid
769 2900 854 2931 inter
871 2909 994 2933 utrum-

233 2957 295 2990 que
318 2946 491 2977 interesset
517 2945 731 2987 discriminis,
768 2945 995 2987 explicandum

1041 1211 1180 1254 putavit.
1229 1211 1326 1250 Quod
1359 1218 1468 1243 autem
1501 1213 1647 1245 Graecae
1680 1213 1810 1256 linguae

1041 1257 1217 1288 verborum
1235 1256 1381 1299 inopiam
1405 1257 1534 1288 notavit
1551 1264 1585 1289 et
1606 1258 1808 1301 perstrinxit,

1042 1301 1116 1343 quia
1150 1312 1201 1332 res
1234 1301 1400 1340 diversas,
1437 1304 1573 1334 dolorem
1598 1309 1631 1334 et
1660 1305 1807 1343 laborem,

1043 1357 1106 1377 uno
1138 1345 1272 1377 nomine
1296 1344 1394 1380 πόνου
1429 1347 1598 1387 afficeret,
1634 1348 1745 1390 inique
1774 1354 1808 1379 et

1042 1390 1126 1422 male
1156 1390 1248 1422 fecit.
1303 1391 1387 1422 Nam
1421 1391 1519 1422 etiam
1546 1392 1673 1424 Graeca
1696 1392 1808 1435 lingua

1042 1435 1107 1466 duo
1126 1435 1226 1466 habet
1244 1434 1371 1467 diversa
1390 1436 1559 1476 vocabula,
1582 1435 1691 1479 πόνος,
1718 1437 1808 1479 quod

1042 1487 1092 1511 est
1125 1482 1232 1519 labor,
1270 1487 1303 1511 et
1337 1476 1459 1522 ἄλγος,
1495 1481 1584 1523 quod
1616 1489 1666 1513 est
1698 1484 1808 1522 dolor,-

1042 1524 1318 1568 quemadmodum
1341 1533 1450 1556 autem
1467 1525 1566 1563 πόνος
1589 1537 1807 1569 saepenume—

1042 1581 1079 1601 ro
1099 1576 1266 1612 potestate
1285 1570 1425 1601 nominis
1448 1567 1569 1612 ἄλγους
1590 1571 1736 1613 ponitur,
1759 1570 1808 1603 ita

1041 1614 1074 1645 in
1100 1614 1217 1645 Latina
1244 1613 1353 1656 lingua
1385 1615 1471 1646 haud
1494 1627 1569 1647 raro
1594 1618 1735 1647 laborare
1758 1615 1807 1646 si—

1041 1658 1288 1701 gnificationem
1320 1659 1429 1690 induit
1459 1660 1551 1691 verbi
1584 1662 1718 1692 dolendi.
1763 1661 1806 1692 V.

1042 1706 1217 1735 Forcellim'i
1241 1704 1340 1735 Thes.
1364 1704 1474 1735 Latin.
1496 1717 1528 1736 v.
1552 1707 1704 1737 laborare.
1752 1705 1804 1737 Cf.

1040 1748 1126 1779 infra
1149 1747 1190 1778 ad
1212 1749 1267 1779 ΙΙΙ.
1288 1747 1320 1787 4,
1339 1748 1369 1782 7.
1388 1746 1482 1790 πάὲἲη
1498 1769 1540 1774 ——-
1555 1752 1685 1781 morbos.
1712 1750 1806 1781 Hanc

1040 1799 1150 1823 autem
1176 1792 1342 1824 Ciceronis
1377 1793 1608 1835 gloriationem
1637 1794 1804 1836 attigimus

1040 1837 1072 1868 in
1093 1837 1177 1868 libro
1194 1837 1228 1868 d.
1251 1839 1288 1869 de
1307 1840 1444 1870 Ciceron.
1464 1841 1497 1870 in
1511 1841 1589 1878 phil.
1609 1849 1683 1870 mer.
1705 1850 1736 1881 p.
1750 1839 1804 1871 52.

1039 1881 1087 1923 6).
1116 1881 1165 1912 Cf.
1185 1884 1296 1922 Reisig.
1310 1883 1437 1914 Vorles.
1457 1883 1536 1914 iiber
1548 1884 1622 1915 Lat.
1638 1883 1803 1925 Sprachw.

1041 1927 1069 1969 ᾗ.
1087 1925 1140 1959 36.
1162 1937 1194 1968 Ρ.
1212 1924 1266 1958 42.
1299 1933 1332 1958 et
1362 1927 1506 1959 virorum
1529 1927 1699 1959 doctorum
1723 1939 1803 1959 sen-

1038 1971 1158 2002 tentias
1184 1982 1201 2002 a
1227 1972 1343 2003 Mosero
1376 1971 1409 2003 in
1435 1983 1506 2004 exc.
1530 1973 1575 2004 X.
1599 1984 1632 2016 p.
1648 1972 1714 2007 379
1731 1983 1802 2016 sqq.

1041 2022 1325 2048 commemoratas.

1107 2061 1225 2102 differt]
1262 2061 1315 2092 Sic
1339 2061 1469 2104 plurimi
1494 2061 1591 2093 codd.
1618 2067 1652 2093 et
1676 2061 1803 2105 optimi,

1040 2111 1075 2135 ut
1101 2105 1139 2136 R.
1163 2104 1248 2135 Gud.
1273 2106 1299 2137 l.
1325 2107 1362 2136 ΙΙ.
1386 2106 1438 2144 b.‚
1462 2106 1607 2149 itemque
1627 2106 1804 2138 nonnullae

1040 2148 1114 2179 edd.
1137 2155 1219 2179 vett.
1242 2159 1303 2190 pro
1324 2152 1480 2190 differunt.
1519 2151 1699 2193 Receptam
1720 2152 1804 2183 scri-

1039 2200 1169 2235 pturam
1189 2193 1253 2223 iam
1276 2196 1373 2225 Moser
1396 2194 1438 2225 ad
1462 2194 1569 2226 Divin.
1591 2197 1631 2226 ΙΙ.
1653 2195 1715 2236 36,
1741 2195 1802 2229 76:

1037 2241 1188 2277 quantum
1208 2239 1368 2277 differebat
1388 2238 1552 2280 probavit.
1586 2241 1696 2279 Differt
1716 2239 1803 2271 enim

1037 2293 1135 2324 saepe
1157 2281 1419 2323 impersonaliter
1442 2290 1626 2325 usurpatur,
1653 2290 1687 2314 ut
1708 2287 1802 2316 inler-

1037 2330 1088 2358 εει.
1139 2328 1269 2358 Orellius
1305 2327 1415 2358 laudat
1447 2329 1636 2359 Schelleram
1668 2328 1700 2359 in
1731 2329 1802 2359 Ob-

1037 2377 1171 2402 servatt.
1205 2382 1236 2412 p.
1264 2371 1360 2410 20¹2„
1406 2372 1460 2413 qui
1496 2379 1663 2415 comparat
1696 2372 1732 2404 C.
1768 2372 1801 2404 in

1039 2415 1158 2446 Caecil.
1178 2416 1235 2448 19:
1261 2415 1346 2453 vide,
1366 2415 1445 2459 quid
1457 2418 1581 2457 differat
1595 2417 1681 2449 inter
1693 2429 1800 2449 meam

1038 2460 1228 2501 opinionem
1259 2472 1297 2492 ac
1333 2467 1432 2491 tuam.
1482 2461 1546 2492 Off.
1573 2462 1608 2498 Ι,
1634 2462 1687 2494 28.
1712 2462 1798 2493 med.

1037 2505 1078 2535 ΙΙ.
1102 2507 1133 2542 ὅ,
1156 2505 1210 2536 30.
1247 2505 1288 2536 Ν.
1315 2506 1353 2536 Ι).
1378 2507 1401 2536 Ι.
1427 2504 1480 2537 29.
1520 2505 1561 2536 de
1586 2507 1639 2537 Or.
1666 2507 1722 2537 ΙΙΙ.
1744 2506 1798 2537 51.

1103 2551 1219 2589 functio
1242 2550 1410 2592 quaedam]
1438 2550 1478 2580 H.
1493 2561 1520 2581 e.
1545 2549 1671 2580 functio
1695 2560 1799 2592 quae-

1037 2594 1111 2625 dam
1135 2593 1295 2635 gravioris
1329 2593 1434 2636 operis
1459 2600 1493 2624 et
1517 2593 1679 2632 muneris,
1715 2604 1798 2636 quae

1035 2638 1144 2670 animo
1180 2639 1250 2669 vel·
1269 2649 1408 2680 corpore
1441 2636 1618 2679 peragitur.
1675 2637 1797 2669 Obser—

1036 2682 1133 2714 vandi
1155 2689 1231 2713 sunt
1253 2682 1318 2713 duo
1341 2681 1475 2723 genitivi
1498 2693 1570 2712 cum
1595 2681 1717 2723 duplici
1742 2693 1796 2713 re-

1034 2728 1170 2758 latione.
1206 2728 1245 2758 V.
1261 2729 1403 2757 Goerenz.
1421 2725 1462 2756 ad
1479 2726 1579 2767 Legg.
1604 2727 1643 2757 ΙΙ.
1666 2726 1716 2766 17,
1739 2724 1795 2758 42.

1034 2784 1066 2813 p.
1087 2770 1179 2809 169.,
1215 2770 1269 2813 qui
1293 2776 1385 2801 recte
1405 2776 1519 2800 monet
1545 2777 1708 2802 commata
1733 2771 1795 2802 de·-

1032 2815 1130 2847 lenda
1160 2826 1251 2853 esse,
1289 2817 1429 2846 Creuzer.
1460 2813 1502 2845 ad
1528 2815 1569 2847 N.
1599 2815 1637 2846 D.
1660 2817 1712 2854 ΙΙ,
1738 2813 1793 2848 63.

1032 2872 1064 2902 p.
1080 2857 1155 2892 474.
1189 2861 1284 2891 Beier.
1302 2858 1343 2890 ad
1358 2858 1420 2889 off.
1442 2860 1464 2889 I.
1483 2856 1532 2896 14,
1551 2857 1604 2892 43.
1623 2870 1654 2901 p.
1673 2859 1734 2892 107
1745 2869 1794 2900 sq.

1031 2903 1171 2935 Addet.
1201 2904 1255 2940 12,
1281 2904 1335 2935 25.
1362 2903 1416 2933 IV.
1441 2901 1479 2939 6,
1512 2900 1558 2934 14.
1587 2903 1637 2943 13,
1661 2903 1713 2937 29.
1737 2903 1791 2936 31.

1034 2949 1084 2989 17,
1110 2946 1163 2980 40.
1203 2947 1334 2990 Triplex
1355 2946 1437 2978 adeo
1460 2947 1623 2989 genitivus
1643 2959 1695 2991 ap.
1717 2948 1787 2979 Liv.
