1832 3137
642 57 985 91 PRoLEGoMENA.
1543 46 1598 89 23

142 144 179 191 a)
215 143 421 179 Sententia
447 141 750 191 Epicureorum.
811 139 1009 190 Epicurus
1035 139 1152 187 dicit,
1183 152 1315 176 omnes
1345 138 1385 175 in
1409 138 1587 189 aegritu—

32 209 124 248 dine
150 222 252 257 esse,
292 208 361 259 qui
385 221 424 245 se
452 208 492 245 in
516 207 626 245 malis
648 220 729 244 esse
751 207 1019 253 arbitrentur,
1050 206 1132 244 sive
1154 206 1220 244 illa
1251 212 1342 244 ante
1364 205 1527 256 provisa
1552 212 1591 243 et

31 283 254 328 exspectata
271 276 370 324 sint,
401 276 483 313 sive
502 273 834 322 inveteraverint3
865 287 952 311 nam
974 287 1100 324 neque
1118 280 1316 312 vetustate
1335 273 1460 311 minui
1479 272 1589 320 mala,

30 358 103 382 nec
123 344 209 382 fieri
228 342 509 394 praemeditata
526 342 696 390 leviora;
726 341 963 390 stultamque
981 342 1094 379 etiam
1117 355 1196 379 esse
1214 340 1503 381 meditationem
1521 341 1588 377 fu-

31 412 114 450 turi
138 411 229 448 mali
256 417 326 448 aut
359 411 526 448 fortasse
553 423 602 447 ne
632 408 762 446 futuri
790 407 966 458 quidem,
1005 410 1097 446 satis
1126 422 1205 446 esse
1237 409 1418 446 odiosum
1446 407 1589 444 malum

32 492 164 527 omne,
196 492 317 528 quum
339 477 535 525 evenerit;
575 476 645 527 qui
667 482 794 513 autem
817 488 968 526 semper
993 476 1245 526 cogitaverit,
1275 476 1453 514 accidere
1475 487 1590 526 posse

30 547 183 596 aliquid
208 545 382 593 adversi,
421 545 454 581 ei
478 544 563 581 fieri
594 543 693 580 illud
718 542 999 593 sempiternum
1030 542 1194 591 malum,
1231 544 1264 580 si
1284 557 1381 581 vero
1403 556 1452 580 ne
1473 542 1589 579 futu-

32 627 121 651 rum
150 613 306 664 quidem
336 612 409 660 sit,
444 612 595 648 frustra
621 610 769 660 suscipi
803 609 998 647 miseriam
1028 609 1296 646 voluntariam
1307 625 1318 659 5
1358 610 1413 646 ita
1441 621 1591 659 semper

32 681 121 730 angi
150 687 219 717 aut
247 678 478 729 accipiendo
507 684 576 715 aut
606 677 817 728 cogitando
847 676 962 714 malo.
990 674 1031 727 ᾗ.
1055 680 1122 715 52.
1179 677 1432 714 Levationem
1461 682 1589 713 autem

5 719 289 807 ¹'aegritudinis
319 746 434 797 ponit
455 745 494 782 in
521 745 751 782 avocatione
778 758 797 781 a
824 743 1034 795 cogitanda
1064 744 1240 782 molestia
1266 750 1306 782 et
1335 743 1591 782 revocatione

31 814 79 851 ad
111 813 428 864 contemplandas
457 812 697 863 voluptates.
726 811 768 863 §2
790 815 858 850 55.

140 881 219 918 Has
245 881 409 931 Epicuri
431 880 643 918 sententias
664 879 841 917 refellere
861 885 1031 917 conatur
1057 879 1207 917 Cicero.
1269 878 1310 931 α)
1330 878 1503 917 Primum
1523 890 1589 914 re-

31 948 244 1000 prehendit
265 948 502 999 Epicureos,
540 948 647 997 quod
671 947 1058 998 praemeditationem
1080 961 1214 984 rerum
1239 948 1467 985 futurarum
1493 944 1586 982 reii—

33 1016 150 1053 ciant.
177 1036 233 1043 —-
290 1013 331 1066 β)
365 1015 513 1052 Deinde
534 1015 727 1062 ostendit,
757 1014 1050 1052 revocationem
1073 1015 1177 1051 illam
1197 1029 1219 1051 a
1244 1014 1478 1052 contuendis
1504 1027 1588 1049 ma—

1 1104 5 1143 3
32 1082 78 1120 lis
107 1089 246 1120 contra
277 1088 458 1119 naturam
490 1095 582 1118 esse.
611 1096 644 1118 c.
670 1085 734 1119 16.
761 1102 818 1108 —
875 1079 913 1131 y)
943 1081 1119 1131 Denique
1147 1082 1312 1130 probat,
1353 1093 1468 1130 quam
1492 1092 1587 1130 per—

32 1163 188 1188 versum
209 1149 280 1196 sit,
320 1148 428 1198 quod
452 1148 635 1198 Epicurei
666 1147 923 1199 cogitationes
949 1148 1052 1196 eius,
1091 1148 1158 1198 qui
1181 1154 1384 1198 prematur
1412 1147 1587 1196 aegritu-

31 1218 142 1264 dine,
180 1229 260 1252 non
283 1215 331 1252 ad
353 1215 469 1252 animi
492 1215 616 1262 bona,
655 1214 849 1262 virtutes,
889 1214 956 1250 sed
976 1214 1024 1250 ad
1048 1215 1230 1264 corporis
1252 1215 1478 1264 voluptates
1499 1219 1586 1249 tra—

29 1284 190 1322 ducant.
221 1295 254 1319 c.
280 1284 329 1320 17
347 1284 481 1319 -19.
539 1280 667 1317 Porro
695 1287 834 1318 contra
859 1294 923 1317 eos
947 1281 1145 1331 disputat,
1187 1281 1255 1330 qui
1274 1281 1492 1331 Epicurum
1517 1279 1587 1317 de-

29 1350 211 1398 fendant,
241 1348 432 1396 dicentes,
463 1348 634 1398 primum
661 1361 787 1385 mores
808 1348 890 1386 eius
910 1361 989 1386 esse
1008 1348 1202 1399 integros,
1233 1348 1323 1385 dein
1344 1347 1589 1398 voluptatem

28 1416 192 1469 Epicuri
215 1429 294 1453 esse
315 1430 394 1452 non
413 1415 569 1461 dolere,
601 1416 770 1466 denique
792 1429 905 1466 saepe
928 1429 1015 1453 eum
1038 1416 1201 1453 laudare
1226 1415 1430 1452 virtutem.
1461 1428 1495 1452 c.
1519 1417 1586 1451 20.

28 1485 270 1523 Postremum
295 1496 334 1520 se
358 1489 535 1531 excusat,
567 1483 675 1533 quod
697 1497 810 1534 saepe
835 1483 1050 1534 Epicureos
1071 1483 1336 1534 aggrediatur.
1370 1496 1401 1519 e.
1424 1485 1491 1520 21.

142 1553 180 1600 b)
216 1552 422 1588 Sententia
447 1551 771 1600 (ζμνειιαίεω-αιη.
822 1551 995 1588 Primum
1014 1553 1159 1602 repetit
1176 1565 1230 1599 ea,
1262 1564 1362 1601 quae
1376 1550 1452 1587 iam
1466 1562 1587 1600 supra

28 1618 164 1670 paucis
188 1618 489 1668 perstrinxerat.
546 1618 734 1655 Concedit
763 1618 884 1666 enim,
914 1618 1210 1669 aegritudinem
1235 1619 1378 1669 partim
1402 1617 1588 1654 exsistere

29 1698 78 1723 ex
104 1684 205 1722 malo
225 1685 494 1735 inexspectato
515 1691 552 1721 et
573 1685 831 1736 necopinato,
861 1692 919 1733 et,
950 1686 1058 1736 quod
1079 1685 1285 1736 provisum
1308 1692 1399 1722 ante
1422 1698 1501 1721 non
1524 1684 1587 1730 sit,

29 1752 70 1790 id
91 1753 205 1790 ferire
223 1751 510 1800 vehementius,
539 1752 605 1789 sed
628 1759 762 1803 negat,
793 1766 872 1790 esse
891 1754 931 1790 in
952 1753 1028 1790 hoc
1053 1753 1199 1800 omnia,
1231 1753 1441 1802 additque,
1471 1752 1504 1789 si
1521 1751 1586 1788 di-

28 1820 194 1871 ligenter
217 1820 545 1870 necopinatorum
564 1826 746 1856 naturam
763 1821 985 1857 consideres
998 1850 1007 1867 ,
1036 1820 1200 1870 intelligi
1212 1849 1222 1867 ,
1253 1833 1334 1856 non
1353 1819 1484 1856 subita
1503 1820 1587 1868 ipsa

29 1887 149 1938 magis
173 1887 433 1933 conturbare,
471 1886 558 1933 sed,
597 1886 706 1935 quod
734 1887 864 1923 omnia
890 1887 1020 1924 subita
1050 1886 1197 1923 maiora
1224 1886 1459 1934 videantur,
1497 1887 1586 1936 pri-

30 1968 158 2002 mum,
189 1953 315 2002 quod,
356 1958 503 2002 quanta
525 1953 604 1989 sint
631 1966 729 2003 quae
757 1954 964 2001 accidunt,
1003 1953 1282 1991 considerandi
1312 1954 1482 2004 spatium
1506 1967 1588 1990 non

31 2021 169 2069 detur,
199 2019 363 2067 deinde,
394 2019 524 2069 quod,
554 2033 673 2070 quum
703 2021 885 2058 videatur
904 2022 1133 2072 praecaveri
1158 2021 1355 2072 potuisse,
1387 2022 1417 2057 si
1444 2021 1587 2072 provi*

31 2101 117 2126 sum
141 2093 257 2136 esset,
288 2087 399 2137 quasi
425 2087 540 2138 culpa
563 2095 810 2126 contractum
835 2089 978 2126 malum
1005 2088 1290 2139 aegritudinem
1315 2088 1504 2126 acriorem
1527 2089 1587 2125 sa-

32 2155 120 2193 ciat.
182 2154 300 2201 Quod
320 2154 375 2191 ita
396 2168 486 2203 esse,
516 2156 707 2206 temporis
729 2155 976 2195 diuturnitas
999 2157 1192 2204 declarat,
1224 2170 1323 2207 quae
1344 2156 1400 2193 ita
1424 2155 1588 2206 mitigat,

31 2229 96 2271 ut,
133 2222 276 2260 eisdem
300 2222 410 2260 malis
434 2223 701 2272 manentibus,
739 2237 820 2261 non
852 2224 970 2261 modo
996 2224 1169 2261 leniatur
1193 2224 1419 2274 aegritudO,
1457 2223 1521 2260 sed
1548 2224 1588 2259 in

30 2289 229 2341 plerisque
250 2290 429 2328 tollatur.
450 2312 506 2318 -—
563 2291 748 2342 Exempla
776 2291 1022 2339 afferuntur,
1053 2292 1198 2341 quibus
1220 2291 1412 2328 sententia
1434 2303 1587 2340 propo-

32 2356 108 2393 sita
136 2356 349 2393 stabilitur.
379 2371 411 2394 c.
437 2361 504 2395 22.

146 2422 345 2469 Quoniam
368 2423 504 2460 Cicero
531 2424 690 2474 docuit,
721 2431 916 2464 vetustate
936 2423 1224 2475 aegritudinem
1245 2424 1368 2462 minui
1389 2425 1450 2462 vel
1475 2425 1591 2476 plane

34 2489 141 2539 tolli,
180 2489 258 2526 iam
283 2491 359 2538 eis,
403 2491 472 2540 qui
503 2491 712 2540 obiiciant,
749 2493 780 2530 si
810 2499 961 2542 tempus
987 2504 1137 2529 omnem
1164 2492 1450 2543 aegritudinem
1475 2493 1589 2542 levet,

33 2571 114 2594 non
136 2570 237 2608 opus
256 2571 336 2595 esse
353 2557 511 2595 ratione
534 2564 603 2594 aut
623 2559 781 2596 omnino
801 2559 1067 2596 consolatione
1082 2559 1162 2608 illa,
1193 2573 1269 2610 qua
1290 2560 1490 2609 doceatur,
1522 2561 1580 2597 ni-

33 2623 91 2662 hil
117 2631 303 2675 oportere
320 2625 572 2676 inopinatum
597 2625 744 2674 videri,
774 2627 829 2663 ita
851 2626 1084 2678 respondet,
1127 2633 1172 2665 ut
1193 2627 1456 2676 demonstret,
1487 2628 1591 2666 hanc

33 2691 172 2729 animis
193 2692 374 2730 medendi
394 2693 472 2731 vim
494 2707 575 2730 non
598 2706 676 2730 esse
694 2693 736 2730 in
756 2693 840 2744 ipsa
862 2694 1127 2732 diuturnitate
1144 2695 1334 2746 positam,
1365 2695 1432 2733 sed
1455 2696 1496 2732 in
1519 2709 1588 2732 co-

34 2758 220 2808 gitatione
246 2759 460 2808 diuturna,
498 2761 601 2798 nihil
627 2773 704 2798 esse
722 2761 764 2798 in
791 2773 834 2798 re
858 2761 961 2799 mali.
987 2783 1043 2789 —
1101 2763 1327 2800 Consolatio
1355 2769 1485 2799 autem
1510 2762 1588 2807 illa,

35 2837 186 2864 necesse
204 2839 284 2865 esse
306 2827 455 2865 homini
481 2828 558 2865 tale
582 2828 677 2878 quid
700 2827 893 2878 accidere,
930 2829 1035 2867 valet
1060 2830 1299 2880 plurimum,
1335 2843 1422 2866 nam
1449 2829 1519 2866 etsi
1543 2830 1590 2867 de

36 2891 122 2942 ipsa
144 2907 288 2932 summa
315 2895 403 2933 mali
426 2896 527 2934 nihil
551 2895 745 2945 detrahit,
776 2896 815 2933 id
838 2903 964 2935 tamen
987 2897 1126 2945 efficit,
1157 2903 1204 2935 ut
1228 2896 1327 2934 nihil
1349 2896 1503 2934 eveniat
1524 2898 1589 2935 in-
