<?xml version="1.0" encoding="UTF-8"?>
<!DOCTYPE html PUBLIC "-//W3C//DTD XHTML 1.0 Transitional//EN"
    "http://www.w3.org/TR/xhtml1/DTD/xhtml1-transitional.dtd">
<html xmlns="http://www.w3.org/1999/xhtml" xml:lang="en" lang="en">
 <head>
  <title>
</title>
<meta http-equiv="Content-Type" content="text/html;charset=utf-8" />
  <meta name='ocr-system' content='tesseract 3.04.00' />
  <meta name='ocr-capabilities' content='ocr_page ocr_carea ocr_par ocr_line ocrx_word'/>
</head>
<body>
  <div class='ocr_page' id='page_1' title='image "./tusculanaedisput00ciceuoft_0249.png"; bbox 0 0 1832 3137; ppageno 0'>
   <div class='ocr_carea' id='block_1_1' title="bbox 640 103 1034 145">
    <p class='ocr_par' dir='ltr' id='par_1_1' title="bbox 640 103 1034 145">
     <span class='ocr_line' id='line_1_1' title="bbox 640 103 1034 145; baseline -0.003 -9"><span class='ocrx_word' id='word_1_1' title='bbox 640 103 802 137; x_wconf 76' lang='lat' dir='ltr'>LIBER</span> <span class='ocrx_word' id='word_1_2' title='bbox 827 104 867 137; x_wconf 87' lang='lat'>11.</span> <span class='ocrx_word' id='word_1_3' title='bbox 897 103 956 145; x_wconf 92' lang='lat'>10,</span> <span class='ocrx_word' id='word_1_4' title='bbox 981 103 1034 136; x_wconf 76' lang='lat'>25.</span> 
     </span>
    </p>
   </div>
   <div class='ocr_carea' id='block_1_2' title="bbox 1533 91 1617 133">
    <p class='ocr_par' dir='ltr' id='par_1_2' title="bbox 1533 91 1617 133">
     <span class='ocr_line' id='line_1_2' title="bbox 1533 91 1617 133; baseline 0 0"><span class='ocrx_word' id='word_1_5' title='bbox 1533 91 1617 133; x_wconf 80' lang='lat'>203</span> 
     </span>
    </p>
   </div>
   <div class='ocr_carea' id='block_1_3' title="bbox 321 184 1260 235">
    <p class='ocr_par' dir='ltr' id='par_1_3' title="bbox 321 184 1260 235">
     <span class='ocr_line' id='line_1_3' title="bbox 321 184 1260 235; baseline -0.001 -11"><span class='ocrx_word' id='word_1_6' title='bbox 321 185 438 224; x_wconf 72' lang='lat' dir='ltr'>Tristi</span> <span class='ocrx_word' id='word_1_7' title='bbox 468 184 644 222; x_wconf 66' lang='lat' dir='ltr'>advoluta</span> <span class='ocrx_word' id='word_1_8' title='bbox 673 186 830 222; x_wconf 59' lang='lat' dir='ltr'>adnnente</span> <span class='ocrx_word' id='word_1_9' title='bbox 860 186 1031 223; x_wconf 70' lang='lat' dir='ltr'>lacerans</span> <span class='ocrx_word' id='word_1_10' title='bbox 1062 184 1260 235; x_wconf 49' lang='lat' dir='ltr'>Anguibus</span> 
     </span>
    </p>
   </div>
   <div class='ocr_carea' id='block_1_4' title="bbox 316 258 1061 309">
    <p class='ocr_par' dir='ltr' id='par_1_4' title="bbox 316 258 1061 309">
     <span class='ocr_line' id='line_1_4' title="bbox 316 258 1061 309; baseline -0.001 -13"><span class='ocrx_word' id='word_1_11' title='bbox 316 260 419 296; x_wconf 79' lang='lat' dir='ltr'>Iovis</span> <span class='ocrx_word' id='word_1_12' title='bbox 448 258 598 295; x_wconf 79' lang='lat' dir='ltr'>satelles</span> <span class='ocrx_word' id='word_1_13' title='bbox 622 259 742 308; x_wconf 76' lang='lat' dir='ltr'>pc&#39;cstu</span> <span class='ocrx_word' id='word_1_14' title='bbox 771 258 939 295; x_wconf 60' lang='lat' dir='ltr'>dilaniat</span> <span class='ocrx_word' id='word_1_15' title='bbox 954 259 1061 309; x_wconf 79' lang='lat' dir='ltr'><strong>sero.</strong></span> 
     </span>
    </p>
   </div>
   <div class='ocr_carea' id='block_1_5' title="bbox 328 330 1265 385">
    <p class='ocr_par' dir='ltr' id='par_1_5' title="bbox 328 330 1265 385">
     <span class='ocr_line' id='line_1_5' title="bbox 328 330 1265 385; baseline 0 -16"><span class='ocrx_word' id='word_1_16' title='bbox 328 333 417 370; x_wconf 79' lang='lat' dir='ltr'>Tum</span> <span class='ocrx_word' id='word_1_17' title='bbox 448 332 570 369; x_wconf 63' lang='lat' dir='ltr'>ificore</span> <span class='ocrx_word' id='word_1_18' title='bbox 599 333 717 381; x_wconf 73' lang='lat' dir='ltr'>opimo</span> <span class='ocrx_word' id='word_1_19' title='bbox 743 330 853 380; x_wconf 74' lang='lat' dir='ltr'>sc&#39;crla</span> <span class='ocrx_word' id='word_1_20' title='bbox 883 337 922 368; x_wconf 83' lang='lat' dir='ltr'>et</span> <span class='ocrx_word' id='word_1_21' title='bbox 947 333 1084 369; x_wconf 75' lang='lat' dir='ltr'>saliam</span> <span class='ocrx_word' id='word_1_22' title='bbox 1116 332 1265 385; x_wconf 52' lang='lat' dir='ltr'>‹Zfflztim</span> 
     </span>
    </p>
   </div>
   <div class='ocr_carea' id='block_1_6' title="bbox 318 404 1339 456">
    <p class='ocr_par' dir='ltr' id='par_1_6' title="bbox 318 404 1339 456">
     <span class='ocr_line' id='line_1_6' title="bbox 318 404 1339 456; baseline 0.001 -14"><span class='ocrx_word' id='word_1_23' title='bbox 318 406 541 455; x_wconf 66' lang='lat' dir='ltr'>Clangcfil‘em</span> <span class='ocrx_word' id='word_1_24' title='bbox 559 405 697 456; x_wconf 71' lang='lat' dir='ltr'>fundit</span> <span class='ocrx_word' id='word_1_25' title='bbox 724 405 872 440; x_wconf 74' lang='lat' dir='ltr'>vc&#39;cstum</span> <span class='ocrx_word' id='word_1_26' title='bbox 903 410 940 440; x_wconf 83' lang='lat' dir='ltr'>et</span> <span class='ocrx_word' id='word_1_27' title='bbox 967 404 1122 442; x_wconf 70' lang='lat' dir='ltr'>sublime</span> <span class='ocrx_word' id='word_1_28' title='bbox 1152 406 1339 443; x_wconf 55' lang='lat' dir='ltr'>&amp;volansfi</span> 
     </span>
    </p>
   </div>
   <div class='ocr_carea' id='block_1_7' title="bbox 315 477 1294 527">
    <p class='ocr_par' dir='ltr' id='par_1_7' title="bbox 315 477 1294 527">
     <span class='ocr_line' id='line_1_7' title="bbox 315 477 1294 527; baseline -0.001 -11"><span class='ocrx_word' id='word_1_29' title='bbox 315 478 513 516; x_wconf 58' lang='lat' dir='ltr'>Pe&#39;andztffl</span> <span class='ocrx_word' id='word_1_30' title='bbox 547 478 666 514; x_wconf 79' lang='lat' dir='ltr'><em>cauda</em></span> <span class='ocrx_word' id='word_1_31' title='bbox 696 478 864 514; x_wconf 68' lang='lat' dir='ltr'>nbsll‘um</span> <span class='ocrx_word' id='word_1_32' title='bbox 895 477 1027 514; x_wconf 75' lang='lat' dir='ltr'>adulat</span> <span class='ocrx_word' id='word_1_33' title='bbox 1054 479 1294 527; x_wconf 67' lang='lat' dir='ltr'>scingm&#39;nem.</span> 
     </span>
    </p>
   </div>
   <div class='ocr_carea' id='block_1_8' title="bbox 318 550 1381 601">
    <p class='ocr_par' dir='ltr' id='par_1_8' title="bbox 318 550 1381 601">
     <span class='ocr_line' id='line_1_8' title="bbox 318 550 1381 601; baseline 0 -13"><span class='ocrx_word' id='word_1_34' title='bbox 318 552 436 600; x_wconf 78' lang='lat' dir='ltr'>Quum</span> <span class='ocrx_word' id='word_1_35' title='bbox 468 551 554 588; x_wconf 71' lang='lat'>1⁹‹57’0</span> <span class='ocrx_word' id='word_1_36' title='bbox 583 551 733 587; x_wconf 81' lang='lat' dir='ltr'>adesum</span> <span class='ocrx_word' id='word_1_37' title='bbox 763 550 903 601; x_wconf 63' lang='lat' dir='ltr'>z&#39;nstsztu</span> <span class='ocrx_word' id='word_1_38' title='bbox 931 556 1146 587; x_wconf 74' lang='lat' dir='ltr'>renovatam</span> <span class='ocrx_word' id='word_1_39' title='bbox 1177 552 1237 587; x_wconf 65' lang='lat' dir='ltr'>c‘st</span> <span class='ocrx_word' id='word_1_40' title='bbox 1263 553 1381 596; x_wconf 71' lang='lat' dir='ltr'>ieeur,</span> 
     </span>
    </p>
   </div>
   <div class='ocr_carea' id='block_1_9' title="bbox 319 623 1345 674">
    <p class='ocr_par' dir='ltr' id='par_1_9' title="bbox 319 623 1345 674">
     <span class='ocr_line' id='line_1_9' title="bbox 319 623 1345 674; baseline -0.001 -13"><span class='ocrx_word' id='word_1_41' title='bbox 319 625 408 662; x_wconf 78' lang='lat' dir='ltr'>Tum</span> <span class='ocrx_word' id='word_1_42' title='bbox 438 625 589 661; x_wconf 76' lang='lat' dir='ltr'>rz&#39;zrsum</span> <span class='ocrx_word' id='word_1_43' title='bbox 622 629 737 661; x_wconf 76' lang='lat' dir='ltr'>tetros</span> <span class='ocrx_word' id='word_1_44' title='bbox 768 623 881 660; x_wconf 70' lang='lat' dir='ltr'>sznida</span> <span class='ocrx_word' id='word_1_45' title='bbox 909 635 950 659; x_wconf 81' lang='lat' dir='ltr'>se</span> <span class='ocrx_word' id='word_1_46' title='bbox 977 623 1028 659; x_wconf 79' lang='lat' dir='ltr'>ad</span> <span class='ocrx_word' id='word_1_47' title='bbox 1049 624 1185 672; x_wconf 77' lang='lat' dir='ltr'>paslz&#39;cs</span> <span class='ocrx_word' id='word_1_48' title='bbox 1214 624 1345 674; x_wconf 73' lang='lat' dir='ltr'>refert.</span> 
     </span>
    </p>
   </div>
   <div class='ocr_carea' id='block_1_10' title="bbox 320 696 1255 740">
    <p class='ocr_par' dir='ltr' id='par_1_10' title="bbox 320 696 1255 740">
     <span class='ocr_line' id='line_1_10' title="bbox 320 696 1255 740; baseline -0.003 -5"><span class='ocrx_word' id='word_1_49' title='bbox 320 699 386 735; x_wconf 77' lang='lat' dir='ltr'>Sic</span> <span class='ocrx_word' id='word_1_50' title='bbox 416 697 548 734; x_wconf 69' lang='lat' dir='ltr'>lu&#39;mess</span> <span class='ocrx_word' id='word_1_51' title='bbox 581 697 767 733; x_wconf 76' lang='lat' dir='ltr'><em>custodem</em></span> <span class='ocrx_word' id='word_1_52' title='bbox 797 696 934 733; x_wconf 67' lang='lat' dir='ltr'>moesti</span> <span class='ocrx_word' id='word_1_53' title='bbox 959 697 1151 732; x_wconf 53' lang='lat' dir='ltr'>cruciastis</span> <span class='ocrx_word' id='word_1_54' title='bbox 1180 697 1255 740; x_wconf 80' lang='lat' dir='ltr'><em>alo,</em></span> 
     </span>
    </p>
   </div>
   <div class='ocr_carea' id='block_1_11' title="bbox 317 767 1154 820">
    <p class='ocr_par' dir='ltr' id='par_1_11' title="bbox 317 767 1154 820">
     <span class='ocr_line' id='line_1_11' title="bbox 317 767 1154 820; baseline -0.001 -14"><span class='ocrx_word' id='word_1_55' title='bbox 317 771 393 818; x_wconf 77' lang='lat' dir='ltr'>Qui</span> <span class='ocrx_word' id='word_1_56' title='bbox 418 770 475 806; x_wconf 78' lang='grc' dir='ltr'>ηιέ</span> <span class='ocrx_word' id='word_1_57' title='bbox 497 770 661 819; x_wconf 76' lang='lat' dir='ltr'>perenni</span> <span class='ocrx_word' id='word_1_58' title='bbox 686 767 801 806; x_wconf 75' lang='lat' dir='ltr'>vivom</span> <span class='ocrx_word' id='word_1_59' title='bbox 820 768 961 820; x_wconf 79' lang='lat' dir='ltr'>foedat</span> <span class='ocrx_word' id='word_1_60' title='bbox 986 770 1154 806; x_wconf 76' lang='lat' dir='ltr'>miseria.</span> 
     </span>
    </p>
   </div>
   <div class='ocr_carea' id='block_1_12' title="bbox 313 842 1319 892">
    <p class='ocr_par' dir='ltr' id='par_1_12' title="bbox 313 842 1319 892">
     <span class='ocr_line' id='line_1_12' title="bbox 313 842 1319 892; baseline -0.001 -12"><span class='ocrx_word' id='word_1_61' title='bbox 313 843 505 892; x_wconf 77' lang='lat' dir='ltr'>Namque,</span> <span class='ocrx_word' id='word_1_62' title='bbox 540 844 583 879; x_wconf 74' lang='grc' dir='ltr'>ι’(τ</span> <span class='ocrx_word' id='word_1_63' title='bbox 612 843 763 888; x_wconf 63' lang='lat' dir='ltr'>videtis,</span> <span class='ocrx_word' id='word_1_64' title='bbox 798 842 935 879; x_wconf 69' lang='lat' dir='ltr'>vinclis</span> <span class='ocrx_word' id='word_1_65' title='bbox 964 843 1191 879; x_wconf 59' lang='lat' dir='ltr'>constrz&#39;etzis</span> <span class='ocrx_word' id='word_1_66' title='bbox 1221 843 1319 879; x_wconf 68' lang='lat' dir='ltr'><em>Iovis</em></span> 
     </span>
    </p>
   </div>
   <div class='ocr_carea' id='block_1_13' title="bbox 313 915 1246 966">
    <p class='ocr_par' dir='ltr' id='par_1_13' title="bbox 313 915 1246 966">
     <span class='ocr_line' id='line_1_13' title="bbox 313 915 1246 966; baseline -0.001 -13"><span class='ocrx_word' id='word_1_67' title='bbox 313 917 462 953; x_wconf 63' lang='lat' dir='ltr'>Aroes-c</span> <span class='ocrx_word' id='word_1_68' title='bbox 489 929 629 966; x_wconf 76' lang='lat' dir='ltr'>nequeo</span> <span class='ocrx_word' id='word_1_69' title='bbox 659 916 783 953; x_wconf 77' lang='lat' dir='ltr'>diram</span> <span class='ocrx_word' id='word_1_70' title='bbox 815 915 1000 953; x_wconf 73' lang='lat' dir='ltr'>volucrem</span> <span class='ocrx_word' id='word_1_71' title='bbox 1031 928 1054 952; x_wconf 80' lang='lat' dir='ltr'><em>a</em></span> <span class='ocrx_word' id='word_1_72' title='bbox 1079 915 1246 966; x_wconf 68' lang='lat' dir='ltr'><strong>pectore.</strong></span> 
     </span>
    </p>
   </div>
   <div class='ocr_carea' id='block_1_14' title="bbox 313 993 382 1027">
    <p class='ocr_par' dir='ltr' id='par_1_14' title="bbox 313 993 382 1027">
     <span class='ocr_line' id='line_1_14' title="bbox 313 993 382 1027; baseline -0.029 0"><span class='ocrx_word' id='word_1_73' title='bbox 313 993 382 1027; x_wconf 79' lang='lat'>25.</span> 
     </span>
    </p>
   </div>
   <div class='ocr_carea' id='block_1_15' title="bbox 446 987 1378 1039">
    <p class='ocr_par' dir='ltr' id='par_1_15' title="bbox 446 987 1378 1039">
     <span class='ocr_line' id='line_1_15' title="bbox 446 987 1378 1039; baseline 0.001 -14"><span class='ocrx_word' id='word_1_74' title='bbox 446 990 513 1026; x_wconf 71' lang='lat' dir='ltr'>Sic</span> <span class='ocrx_word' id='word_1_75' title='bbox 541 1002 598 1026; x_wconf 81' lang='lat' dir='ltr'>me</span> <span class='ocrx_word' id='word_1_76' title='bbox 627 990 708 1039; x_wconf 73' lang='lat' dir='ltr'>ipse</span> <span class='ocrx_word' id='word_1_77' title='bbox 738 990 871 1026; x_wconf 74' lang='lat' dir='ltr'>viduus</span> <span class='ocrx_word' id='word_1_78' title='bbox 894 990 1020 1039; x_wconf 59' lang='lat' dir='ltr'>pestes</span> <span class='ocrx_word' id='word_1_79' title='bbox 1049 990 1195 1039; x_wconf 68' lang='lat' dir='ltr'>excipio</span> <span class='ocrx_word' id='word_1_80' title='bbox 1225 987 1378 1034; x_wconf 60' lang='lat' dir='ltr'>themius,</span> 
     </span>
    </p>
   </div>
   <div class='ocr_carea' id='block_1_16' title="bbox 312 1063 1216 1112">
    <p class='ocr_par' dir='ltr' id='par_1_16' title="bbox 312 1063 1216 1112">
     <span class='ocr_line' id='line_1_16' title="bbox 312 1063 1216 1112; baseline 0 -13"><span class='ocrx_word' id='word_1_81' title='bbox 312 1063 456 1099; x_wconf 60' lang='lat' dir='ltr'>Amhre</span> <span class='ocrx_word' id='word_1_82' title='bbox 485 1064 616 1099; x_wconf 69' lang='lat' dir='ltr'>mortis</span> <span class='ocrx_word' id='word_1_83' title='bbox 646 1063 841 1099; x_wconf 61' lang='lat' dir='ltr'>terminum</span> <span class='ocrx_word' id='word_1_84' title='bbox 871 1063 1075 1112; x_wconf 56' lang='lat' dir='ltr'>anquinssns</span> <span class='ocrx_word' id='word_1_85' title='bbox 1105 1063 1216 1108; x_wconf 73' lang='lat' dir='ltr'>mali,-</span> 
     </span>
    </p>
   </div>
   <div class='ocr_carea' id='block_1_17' title="bbox 314 1135 1199 1185">
    <p class='ocr_par' dir='ltr' id='par_1_17' title="bbox 314 1135 1199 1185">
     <span class='ocr_line' id='line_1_17' title="bbox 314 1135 1199 1185; baseline 0.001 -14"><span class='ocrx_word' id='word_1_86' title='bbox 314 1135 392 1172; x_wconf 78' lang='lat' dir='ltr'>Sed</span> <span class='ocrx_word' id='word_1_87' title='bbox 420 1135 531 1184; x_wconf 71' lang='lat' dir='ltr'>lbnge</span> <span class='ocrx_word' id='word_1_88' title='bbox 559 1148 583 1171; x_wconf 82' lang='lat' dir='ltr'><em>a</em></span> <span class='ocrx_word' id='word_1_89' title='bbox 613 1135 686 1172; x_wconf 82' lang='lat' dir='ltr'>leto</span> <span class='ocrx_word' id='word_1_90' title='bbox 715 1136 865 1172; x_wconf 57' lang='lat' dir='ltr'>mimine</span> <span class='ocrx_word' id='word_1_91' title='bbox 893 1136 1059 1185; x_wconf 68' lang='lat' dir='ltr'>aspellhr</span> <span class='ocrx_word' id='word_1_92' title='bbox 1087 1136 1199 1172; x_wconf 71' lang='lat' dir='ltr'><strong>Iovis.</strong></span> 
     </span>
    </p>
   </div>
   <div class='ocr_carea' id='block_1_18' title="bbox 313 1208 1373 1258">
    <p class='ocr_par' dir='ltr' id='par_1_18' title="bbox 313 1208 1373 1258">
     <span class='ocr_line' id='line_1_18' title="bbox 313 1208 1373 1258; baseline 0.001 -14"><span class='ocrx_word' id='word_1_93' title='bbox 313 1209 441 1258; x_wconf 79' lang='lat' dir='ltr'>Atque</span> <span class='ocrx_word' id='word_1_94' title='bbox 469 1208 561 1244; x_wconf 71' lang='grc' dir='ltr'>Ιιαὲσ</span> <span class='ocrx_word' id='word_1_95' title='bbox 590 1214 755 1253; x_wconf 76' lang='lat' dir='ltr'>velusta,</span> <span class='ocrx_word' id='word_1_96' title='bbox 788 1208 924 1245; x_wconf 56' lang='lat' dir='ltr'>saeclis</span> <span class='ocrx_word' id='word_1_97' title='bbox 950 1208 1161 1257; x_wconf 77' lang='lat' dir='ltr'>glomerata</span> <span class='ocrx_word' id='word_1_98' title='bbox 1191 1209 1373 1254; x_wconf 66' lang='lat' dir='ltr'>lzbrm‘dz&#39;s,</span> 
     </span>
    </p>
   </div>
   <div class='ocr_carea' id='block_1_19' title="bbox 144 1333 941 1376">
    <p class='ocr_par' dir='ltr' id='par_1_19' title="bbox 144 1333 941 1376">
     <span class='ocr_line' id='line_1_19' title="bbox 144 1333 941 1376; baseline -0.001 -8"><span class='ocrx_word' id='word_1_99' title='bbox 144 1334 167 1368; x_wconf 89' lang='grc'><strong>6</strong></span> <span class='ocrx_word' id='word_1_100' title='bbox 189 1335 244 1367; x_wconf 88' lang='lat' dir='ltr'>Sic</span> <span class='ocrx_word' id='word_1_101' title='bbox 264 1335 303 1367; x_wconf 91' lang='lat' dir='ltr'>L.</span> <span class='ocrx_word' id='word_1_102' title='bbox 327 1335 368 1366; x_wconf 93' lang='lat' dir='ltr'>D.</span> <span class='ocrx_word' id='word_1_103' title='bbox 392 1333 422 1366; x_wconf 92' lang='lat'>1.</span> <span class='ocrx_word' id='word_1_104' title='bbox 443 1335 499 1367; x_wconf 87' lang='lat' dir='ltr'>W.</span> <span class='ocrx_word' id='word_1_105' title='bbox 519 1336 575 1366; x_wconf 89' lang='lat' dir='ltr'>Or.</span> <span class='ocrx_word' id='word_1_106' title='bbox 597 1345 670 1376; x_wconf 89' lang='lat' dir='ltr'><strong>sqq.</strong></span> <span class='ocrx_word' id='word_1_107' title='bbox 694 1345 756 1376; x_wconf 87' lang='lat' dir='ltr'>pro</span> <span class='ocrx_word' id='word_1_108' title='bbox 778 1336 941 1367; x_wconf 80' lang='lat' dir='ltr'><em>advolans.</em></span> 
     </span>
    </p>
   </div>
   <div class='ocr_carea' id='block_1_20' title="bbox 54 1378 728 1422">
    <p class='ocr_par' dir='ltr' id='par_1_20' title="bbox 54 1378 728 1422">
     <span class='ocr_line' id='line_1_20' title="bbox 54 1378 728 1422; baseline -0.004 -10"><span class='ocrx_word' id='word_1_109' title='bbox 54 1382 115 1412; x_wconf 84' lang='lat' dir='ltr'>Ox.</span> <span class='ocrx_word' id='word_1_110' title='bbox 139 1380 245 1411; x_wconf 81' lang='lat' dir='ltr'><strong>Rehd.</strong></span> <span class='ocrx_word' id='word_1_111' title='bbox 266 1383 349 1422; x_wconf 83' lang='lat' dir='ltr'><strong>Aug.</strong></span> <span class='ocrx_word' id='word_1_112' title='bbox 371 1379 470 1411; x_wconf 84' lang='lat' dir='ltr'><strong>Vind.</strong></span> <span class='ocrx_word' id='word_1_113' title='bbox 489 1379 518 1411; x_wconf 89' lang='lat'>1.</span> <span class='ocrx_word' id='word_1_114' title='bbox 543 1385 577 1410; x_wconf 86' lang='lat' dir='ltr'>et</span> <span class='ocrx_word' id='word_1_115' title='bbox 600 1378 728 1410; x_wconf 87' lang='lat' dir='ltr'>Nonius</span> 
     </span>
    </p>
   </div>
   <div class='ocr_carea' id='block_1_21' title="bbox 54 1469 688 1512">
    <p class='ocr_par' dir='ltr' id='par_1_21' title="bbox 54 1469 688 1512">
     <span class='ocr_line' id='line_1_21' title="bbox 54 1469 688 1512; baseline -0.005 -10"><span class='ocrx_word' id='word_1_116' title='bbox 54 1471 161 1510; x_wconf 83' lang='lat' dir='ltr'>Quae:</span> <span class='ocrx_word' id='word_1_117' title='bbox 196 1469 286 1512; x_wconf 91' lang='lat' dir='ltr'><strong>quod</strong></span> <span class='ocrx_word' id='word_1_118' title='bbox 309 1469 431 1511; x_wconf 77' lang='lat' dir='ltr'>probat</span> <span class='ocrx_word' id='word_1_119' title='bbox 455 1471 533 1501; x_wconf 85' lang='lat' dir='ltr'><strong>Wes.</strong></span> <span class='ocrx_word' id='word_1_120' title='bbox 556 1470 626 1501; x_wconf 88' lang='lat' dir='ltr'><strong>Em.</strong></span> <span class='ocrx_word' id='word_1_121' title='bbox 647 1469 688 1500; x_wconf 84' lang='grc' dir='ltr'><strong>ΙΙ.</strong></span> 
     </span>
    </p>
   </div>
   <div class='ocr_carea' id='block_1_22' title="bbox 53 1378 1306 1511">
    <p class='ocr_par' dir='ltr' id='par_1_22' title="bbox 53 1378 1306 1511">
     <span class='ocr_line' id='line_1_22' title="bbox 53 1378 1306 1467; baseline -0.018 -9"><span class='ocrx_word' id='word_1_122' title='bbox 53 1426 80 1458; x_wconf 91' lang='grc' dir='ltr'>Ῑ.</span> <span class='ocrx_word' id='word_1_123' title='bbox 100 1423 156 1464; x_wconf 78' lang='lat'>47,</span> <span class='ocrx_word' id='word_1_124' title='bbox 183 1421 264 1456; x_wconf 86' lang='lat'>106:</span> <span class='ocrx_word' id='word_1_125' title='bbox 292 1424 379 1456; x_wconf 86' lang='lat' dir='ltr'>Iovis</span> <span class='ocrx_word' id='word_1_126' title='bbox 396 1443 442 1448; x_wconf 90' lang='lat'>-—</span> <span class='ocrx_word' id='word_1_127' title='bbox 458 1427 594 1464; x_wconf 77' lang='lat' dir='ltr'>pinnata</span> <span class='ocrx_word' id='word_1_128' title='bbox 612 1378 933 1467; x_wconf 35' lang='lat' dir='ltr'>satelleslissliiilalfl·</span> <span class='ocrx_word' id='word_1_129' title='bbox 957 1379 1010 1411; x_wconf 45' lang='lat' dir='ltr'>ed·</span> <span class='ocrx_word' id='word_1_130' title='bbox 1033 1380 1138 1412; x_wconf 78' lang='lat' dir='ltr'><strong>Mero.</strong></span> <span class='ocrx_word' id='word_1_131' title='bbox 1156 1384 1306 1420; x_wconf 64' lang='lat' dir='ltr'><em>pennam‘</em></span> 
     </span>
     <span class='ocr_line' id='line_1_23' title="bbox 710 1468 1076 1511; baseline -0.033 1"><span class='ocrx_word' id='word_1_132' title='bbox 710 1480 744 1511; x_wconf 83' lang='lat' dir='ltr'>P·</span> <span class='ocrx_word' id='word_1_133' title='bbox 759 1468 814 1500; x_wconf 77' lang='lat'>41·</span> <span class='ocrx_word' id='word_1_134' title='bbox 838 1469 881 1500; x_wconf 93' lang='lat' dir='ltr'>ob</span> <span class='ocrx_word' id='word_1_135' title='bbox 904 1469 1076 1501; x_wconf 83' lang='lat' dir='ltr'><strong>anteced.:</strong></span> 
     </span>
    </p>
   </div>
   <div class='ocr_carea' id='block_1_23' title="bbox 962 1332 1617 1511">
    <p class='ocr_par' dir='ltr' id='par_1_23' title="bbox 962 1332 1617 1511">
     <span class='ocr_line' id='line_1_24' title="bbox 988 1332 1615 1368; baseline -0.003 -2"><span class='ocrx_word' id='word_1_136' title='bbox 988 1335 1028 1366; x_wconf 91' lang='lat' dir='ltr'>D.</span> <span class='ocrx_word' id='word_1_137' title='bbox 1051 1334 1103 1367; x_wconf 83' lang='lat' dir='ltr'>ed.</span> <span class='ocrx_word' id='word_1_138' title='bbox 1124 1334 1153 1367; x_wconf 91' lang='lat'>1.</span> <span class='ocrx_word' id='word_1_139' title='bbox 1172 1335 1243 1367; x_wconf 89' lang='lat' dir='ltr'>vult</span> <span class='ocrx_word' id='word_1_140' title='bbox 1267 1336 1427 1368; x_wconf 83' lang='lat' dir='ltr'><strong>abvolans.</strong></span> <span class='ocrx_word' id='word_1_141' title='bbox 1475 1332 1497 1367; x_wconf 84' lang='lat'><strong>7</strong></span> <span class='ocrx_word' id='word_1_142' title='bbox 1521 1335 1615 1365; x_wconf 81' lang='lat' dir='ltr'>Unus</span> 
     </span>
     <span class='ocr_line' id='line_1_25' title="bbox 1354 1379 1614 1412; baseline -0.004 0"><span class='ocrx_word' id='word_1_143' title='bbox 1354 1379 1454 1412; x_wconf 83' lang='lat' dir='ltr'><strong>Male.</strong></span> <span class='ocrx_word' id='word_1_144' title='bbox 1501 1379 1614 1411; x_wconf 83' lang='lat' dir='ltr'>Divin.</span> 
     </span>
     <span class='ocr_line' id='line_1_26' title="bbox 962 1422 1617 1466; baseline -0.003 -10"><span class='ocrx_word' id='word_1_145' title='bbox 962 1422 985 1456; x_wconf 84' lang='grc'>8</span> <span class='ocrx_word' id='word_1_146' title='bbox 1010 1425 1116 1457; x_wconf 84' lang='lat' dir='ltr'><strong>Bentl.</strong></span> <span class='ocrx_word' id='word_1_147' title='bbox 1141 1424 1227 1456; x_wconf 89' lang='lat' dir='ltr'>coni.</span> <span class='ocrx_word' id='word_1_148' title='bbox 1250 1427 1332 1456; x_wconf 77' lang='lat' dir='ltr'>hanc</span> <span class='ocrx_word' id='word_1_149' title='bbox 1355 1430 1389 1455; x_wconf 85' lang='lat' dir='ltr'>et</span> <span class='ocrx_word' id='word_1_150' title='bbox 1408 1423 1520 1466; x_wconf 81' lang='lat' dir='ltr'><strong>paullo</strong></span> <span class='ocrx_word' id='word_1_151' title='bbox 1539 1428 1617 1465; x_wconf 90' lang='lat' dir='ltr'>post</span> 
     </span>
     <span class='ocr_line' id='line_1_27' title="bbox 1112 1468 1616 1511; baseline -0.006 -9"><span class='ocrx_word' id='word_1_152' title='bbox 1112 1471 1198 1502; x_wconf 81' lang='lat' dir='ltr'>Jovis</span> <span class='ocrx_word' id='word_1_153' title='bbox 1221 1471 1342 1500; x_wconf 76' lang='lat' dir='ltr'><em>satelles</em></span> <span class='ocrx_word' id='word_1_154' title='bbox 1367 1468 1501 1511; x_wconf 71' lang='lat' dir='ltr'>(aquila)</span> <span class='ocrx_word' id='word_1_155' title='bbox 1527 1470 1616 1508; x_wconf 72' lang='lat' dir='ltr'>sar-</span> 
     </span>
    </p>
   </div>
   <div class='ocr_carea' id='block_1_24' title="bbox 52 1511 1617 1556">
    <p class='ocr_par' dir='ltr' id='par_1_24' title="bbox 52 1511 1617 1556">
     <span class='ocr_line' id='line_1_28' title="bbox 52 1511 1617 1556; baseline -0.002 -10"><span class='ocrx_word' id='word_1_156' title='bbox 52 1519 114 1555; x_wconf 80' lang='lat' dir='ltr'>ta,</span> <span class='ocrx_word' id='word_1_157' title='bbox 148 1517 339 1554; x_wconf 78' lang='lat' dir='ltr'>satiata,</span> <span class='ocrx_word' id='word_1_158' title='bbox 375 1515 524 1554; x_wconf 82' lang='lat' dir='ltr'>avida,</span> <span class='ocrx_word' id='word_1_159' title='bbox 560 1524 746 1556; x_wconf 81' lang='lat' dir='ltr'>provocans</span> <span class='ocrx_word' id='word_1_160' title='bbox 777 1513 819 1545; x_wconf 91' lang='lat' dir='ltr'>de</span> <span class='ocrx_word' id='word_1_161' title='bbox 842 1514 987 1546; x_wconf 84' lang='lat' dir='ltr'>confusis</span> <span class='ocrx_word' id='word_1_162' title='bbox 1017 1516 1098 1546; x_wconf 81' lang='lat' dir='ltr'>hunc</span> <span class='ocrx_word' id='word_1_163' title='bbox 1122 1520 1156 1545; x_wconf 84' lang='lat' dir='ltr'>et</span> <span class='ocrx_word' id='word_1_164' title='bbox 1176 1516 1278 1553; x_wconf 80' lang='lat' dir='ltr'>hanc,</span> <span class='ocrx_word' id='word_1_165' title='bbox 1308 1520 1344 1544; x_wconf 89' lang='lat' dir='ltr'>ut</span> <span class='ocrx_word' id='word_1_166' title='bbox 1365 1518 1421 1546; x_wconf 71' lang='lat' dir='ltr'>unt</span> <span class='ocrx_word' id='word_1_167' title='bbox 1443 1520 1477 1545; x_wconf 87' lang='lat' dir='ltr'>et</span> <span class='ocrx_word' id='word_1_168' title='bbox 1497 1517 1552 1545; x_wconf 82' lang='lat' dir='ltr'>ant</span> <span class='ocrx_word' id='word_1_169' title='bbox 1574 1511 1617 1544; x_wconf 84' lang='lat' dir='ltr'>ad</span> 
     </span>
    </p>
   </div>
   <div class='ocr_carea' id='block_1_25' title="bbox 53 1559 350 1645">
    <p class='ocr_par' dir='ltr' id='par_1_25' title="bbox 53 1559 350 1645">
     <span class='ocr_line' id='line_1_29' title="bbox 53 1559 350 1591; baseline 0 -1"><span class='ocrx_word' id='word_1_170' title='bbox 53 1570 128 1591; x_wconf 88' lang='lat' dir='ltr'>suas</span> <span class='ocrx_word' id='word_1_171' title='bbox 146 1559 284 1591; x_wconf 87' lang='lat' dir='ltr'><strong>Emend.</strong></span> <span class='ocrx_word' id='word_1_172' title='bbox 309 1560 350 1591; x_wconf 78' lang='lat'>11.</span> 
     </span>
     <span class='ocr_line' id='line_1_30' title="bbox 53 1604 287 1645; baseline -0.004 -9"><span class='ocrx_word' id='word_1_173' title='bbox 53 1605 169 1636; x_wconf 84' lang='lat' dir='ltr'>tandae</span> <span class='ocrx_word' id='word_1_174' title='bbox 179 1629 189 1645; x_wconf 88' lang='lat'>,</span> <span class='ocrx_word' id='word_1_175' title='bbox 212 1604 287 1636; x_wconf 85' lang='lat' dir='ltr'><strong>alia.</strong></span> 
     </span>
    </p>
   </div>
   <div class='ocr_carea' id='block_1_26' title="bbox 53 1681 818 1814">
    <p class='ocr_par' dir='ltr' id='par_1_26' title="bbox 53 1681 818 1814">
     <span class='ocr_line' id='line_1_31' title="bbox 55 1681 818 1716; baseline -0.001 -1"><span class='ocrx_word' id='word_1_176' title='bbox 55 1684 188 1716; x_wconf 81' lang='lat' dir='ltr'>Orellius</span> <span class='ocrx_word' id='word_1_177' title='bbox 219 1681 312 1714; x_wconf 84' lang='lat' dir='ltr'>addit</span> <span class='ocrx_word' id='word_1_178' title='bbox 346 1684 560 1714; x_wconf 75' lang='lat' dir='ltr'>Hermannum</span> <span class='ocrx_word' id='word_1_179' title='bbox 598 1681 736 1714; x_wconf 86' lang='lat' dir='ltr'>Dissert.</span> <span class='ocrx_word' id='word_1_180' title='bbox 777 1682 818 1714; x_wconf 87' lang='lat' dir='ltr'>de</span> 
     </span>
     <span class='ocr_line' id='line_1_32' title="bbox 53 1727 816 1771; baseline 0 -12"><span class='ocrx_word' id='word_1_181' title='bbox 53 1727 209 1771; x_wconf 86' lang='lat' dir='ltr'><strong>Aeschyli</strong></span> <span class='ocrx_word' id='word_1_182' title='bbox 234 1727 430 1759; x_wconf 85' lang='lat' dir='ltr'>Prometheo</span> <span class='ocrx_word' id='word_1_183' title='bbox 456 1727 578 1759; x_wconf 82' lang='lat' dir='ltr'><strong>soluto.</strong></span> <span class='ocrx_word' id='word_1_184' title='bbox 613 1727 703 1769; x_wconf 81' lang='lat' dir='ltr'><strong>Lips.</strong></span> <span class='ocrx_word' id='word_1_185' title='bbox 720 1727 816 1759; x_wconf 54' lang='lat'><strong>1825.</strong></span> 
     </span>
     <span class='ocr_line' id='line_1_33' title="bbox 56 1771 818 1814; baseline -0.001 -10"><span class='ocrx_word' id='word_1_186' title='bbox 56 1772 218 1804; x_wconf 85' lang='lat' dir='ltr'><strong>etAesch.</strong></span> <span class='ocrx_word' id='word_1_187' title='bbox 231 1772 359 1814; x_wconf 83' lang='lat' dir='ltr'><strong>Fr.agm</strong></span> <span class='ocrx_word' id='word_1_188' title='bbox 373 1772 426 1805; x_wconf 91' lang='lat' dir='ltr'>ed.</span> <span class='ocrx_word' id='word_1_189' title='bbox 440 1771 570 1803; x_wconf 75' lang='lat' dir='ltr'><strong>Schntz.</strong></span> <span class='ocrx_word' id='word_1_190' title='bbox 584 1773 624 1804; x_wconf 91' lang='lat' dir='ltr'>T.</span> <span class='ocrx_word' id='word_1_191' title='bbox 638 1773 678 1803; x_wconf 91' lang='lat' dir='ltr'>V.</span> <span class='ocrx_word' id='word_1_192' title='bbox 695 1784 726 1814; x_wconf 91' lang='lat' dir='ltr'>p.</span> <span class='ocrx_word' id='word_1_193' title='bbox 745 1772 818 1803; x_wconf 78' lang='grc'><strong>125.</strong></span> 
     </span>
    </p>
   </div>
   <div class='ocr_carea' id='block_1_27' title="bbox 53 1827 818 2007">
    <p class='ocr_par' dir='ltr' id='par_1_27' title="bbox 53 1827 818 2007">
     <span class='ocr_line' id='line_1_34' title="bbox 123 1827 818 1870; baseline -0.004 -10"><span class='ocrx_word' id='word_1_194' title='bbox 123 1831 278 1860; x_wconf 76' lang='lat' dir='ltr'><strong><em>Generum</em></strong></span> <span class='ocrx_word' id='word_1_195' title='bbox 304 1828 455 1870; x_wconf 74' lang='lat' dir='ltr'>Caelo]‚</span> <span class='ocrx_word' id='word_1_196' title='bbox 460 1829 574 1865; x_wconf 80' lang='lat' dir='ltr'>‚Terra</span> <span class='ocrx_word' id='word_1_197' title='bbox 611 1827 694 1870; x_wconf 60' lang='lat' dir='ltr'>(I&#39;ffi</span> <span class='ocrx_word' id='word_1_198' title='bbox 731 1827 818 1858; x_wconf 83' lang='lat' dir='ltr'>enim</span> 
     </span>
     <span class='ocr_line' id='line_1_35' title="bbox 53 1871 818 1916; baseline -0.004 -11"><span class='ocrx_word' id='word_1_199' title='bbox 53 1885 93 1905; x_wconf 82' lang='lat' dir='ltr'>ex</span> <span class='ocrx_word' id='word_1_200' title='bbox 119 1873 218 1905; x_wconf 82' lang='lat' dir='ltr'>Caelo</span> <span class='ocrx_word' id='word_1_201' title='bbox 253 1871 425 1916; x_wconf 64' lang='grc' dir='ltr'>(Οὐρανῷ)</span> <span class='ocrx_word' id='word_1_202' title='bbox 460 1873 637 1915; x_wconf 83' lang='lat' dir='ltr'><strong>progenuit</strong></span> <span class='ocrx_word' id='word_1_203' title='bbox 670 1872 818 1910; x_wconf 83' lang='lat' dir='ltr'>Titanes,</span> 
     </span>
     <span class='ocr_line' id='line_1_36' title="bbox 54 1917 817 1960; baseline -0.005 -10"><span class='ocrx_word' id='word_1_204' title='bbox 54 1918 198 1957; x_wconf 88' lang='lat' dir='ltr'>Coeum,</span> <span class='ocrx_word' id='word_1_205' title='bbox 226 1917 355 1955; x_wconf 84' lang='lat' dir='ltr'>crium,</span> <span class='ocrx_word' id='word_1_206' title='bbox 380 1917 607 1960; x_wconf 81' lang='lat' dir='ltr'>Hyperionem</span> <span class='ocrx_word' id='word_1_207' title='bbox 623 1942 630 1953; x_wconf 90' lang='lat'>,</span> <span class='ocrx_word' id='word_1_208' title='bbox 658 1918 817 1958; x_wconf 83' lang='lat' dir='ltr'>Iapetum,</span> 
     </span>
     <span class='ocr_line' id='line_1_37' title="bbox 53 1961 751 2007; baseline 0 -13"><span class='ocrx_word' id='word_1_209' title='bbox 53 1963 109 2007; x_wconf 88' lang='lat' dir='ltr'>qui</span> <span class='ocrx_word' id='word_1_210' title='bbox 132 1968 230 2005; x_wconf 86' lang='lat' dir='ltr'>pater</span> <span class='ocrx_word' id='word_1_211' title='bbox 247 1969 319 1994; x_wconf 87' lang='lat' dir='ltr'>erat</span> <span class='ocrx_word' id='word_1_212' title='bbox 343 1961 566 1994; x_wconf 81' lang='lat' dir='ltr'>Promethei.“</span> <span class='ocrx_word' id='word_1_213' title='bbox 613 1963 751 1994; x_wconf 70' lang='lat' dir='ltr'>Neidius.</span> 
     </span>
    </p>
   </div>
   <div class='ocr_carea' id='block_1_28' title="bbox 52 2016 819 2470">
    <p class='ocr_par' dir='ltr' id='par_1_28' title="bbox 53 2016 818 2140">
     <span class='ocr_line' id='line_1_38' title="bbox 123 2016 817 2061; baseline -0.004 -11"><span class='ocrx_word' id='word_1_214' title='bbox 123 2022 260 2050; x_wconf 71' lang='lat' dir='ltr'>castrum</span> <span class='ocrx_word' id='word_1_215' title='bbox 285 2017 456 2061; x_wconf 69' lang='lat' dir='ltr'>furiarum]</span> <span class='ocrx_word' id='word_1_216' title='bbox 493 2017 578 2056; x_wconf 88' lang='lat' dir='ltr'>„Est</span> <span class='ocrx_word' id='word_1_217' title='bbox 609 2016 725 2058; x_wconf 85' lang='lat' dir='ltr'>locus,</span> <span class='ocrx_word' id='word_1_218' title='bbox 762 2016 817 2047; x_wconf 91' lang='lat' dir='ltr'>ubi</span> 
     </span>
     <span class='ocr_line' id='line_1_39' title="bbox 53 2061 818 2104; baseline -0.004 -9"><span class='ocrx_word' id='word_1_219' title='bbox 53 2062 206 2095; x_wconf 85' lang='lat' dir='ltr'>habitant</span> <span class='ocrx_word' id='word_1_220' title='bbox 228 2062 354 2101; x_wconf 87' lang='lat' dir='ltr'>furiae,</span> <span class='ocrx_word' id='word_1_221' title='bbox 384 2073 463 2104; x_wconf 85' lang='lat' dir='ltr'>ergo</span> <span class='ocrx_word' id='word_1_222' title='bbox 486 2061 578 2093; x_wconf 87' lang='lat' dir='ltr'>locus</span> <span class='ocrx_word' id='word_1_223' title='bbox 602 2063 744 2094; x_wconf 79' lang='lat' dir='ltr'>Tartaro</span> <span class='ocrx_word' id='word_1_224' title='bbox 769 2061 818 2093; x_wconf 81' lang='lat' dir='ltr'>si-</span> 
     </span>
     <span class='ocr_line' id='line_1_40' title="bbox 54 2107 350 2140; baseline 0 -1"><span class='ocrx_word' id='word_1_225' title='bbox 54 2107 175 2139; x_wconf 82' lang='lat' dir='ltr'>milis.“</span> <span class='ocrx_word' id='word_1_226' title='bbox 211 2108 350 2140; x_wconf 74' lang='lat' dir='ltr'>Neidius.</span> 
     </span>
    </p>

    <p class='ocr_par' dir='ltr' id='par_1_29' title="bbox 52 2160 818 2463">
     <span class='ocr_line' id='line_1_41' title="bbox 122 2160 817 2206; baseline -0.003 -11"><span class='ocrx_word' id='word_1_227' title='bbox 122 2164 151 2206; x_wconf 83' lang='lat'>§.</span> <span class='ocrx_word' id='word_1_228' title='bbox 165 2160 219 2195; x_wconf 65' lang='lat'>24.</span> <span class='ocrx_word' id='word_1_229' title='bbox 247 2164 313 2194; x_wconf 84' lang='lat' dir='ltr'>Iam</span> <span class='ocrx_word' id='word_1_230' title='bbox 329 2162 428 2203; x_wconf 81' lang='lat' dir='ltr'>lertio]</span> <span class='ocrx_word' id='word_1_231' title='bbox 453 2165 521 2194; x_wconf 89' lang='lat' dir='ltr'>Iam</span> <span class='ocrx_word' id='word_1_232' title='bbox 535 2161 736 2204; x_wconf 77' lang='lat' dir='ltr'>gradationis</span> <span class='ocrx_word' id='word_1_233' title='bbox 750 2161 817 2193; x_wconf 90' lang='lat' dir='ltr'>vim</span> 
     </span>
     <span class='ocr_line' id='line_1_42' title="bbox 52 2206 818 2250; baseline -0.001 -10"><span class='ocrx_word' id='word_1_234' title='bbox 52 2207 154 2240; x_wconf 85' lang='lat' dir='ltr'>habet</span> <span class='ocrx_word' id='word_1_235' title='bbox 176 2207 209 2239; x_wconf 88' lang='lat' dir='ltr'>h.</span> <span class='ocrx_word' id='word_1_236' title='bbox 231 2207 265 2245; x_wconf 92' lang='grc'>1.,</span> <span class='ocrx_word' id='word_1_237' title='bbox 289 2213 325 2238; x_wconf 80' lang='lat' dir='ltr'>ut</span> <span class='ocrx_word' id='word_1_238' title='bbox 342 2206 430 2238; x_wconf 85' lang='lat' dir='ltr'>idem</span> <span class='ocrx_word' id='word_1_239' title='bbox 452 2207 523 2238; x_wconf 75' lang='lat' dir='ltr'>fere</span> <span class='ocrx_word' id='word_1_240' title='bbox 543 2207 605 2245; x_wconf 85' lang='lat' dir='ltr'>sit,</span> <span class='ocrx_word' id='word_1_241' title='bbox 629 2207 719 2250; x_wconf 86' lang='lat' dir='ltr'><strong>quod</strong></span> <span class='ocrx_word' id='word_1_242' title='bbox 743 2210 818 2247; x_wconf 82' lang='lat' dir='ltr'>quin</span> 
     </span>
     <span class='ocr_line' id='line_1_43' title="bbox 53 2252 818 2292; baseline -0.001 -8"><span class='ocrx_word' id='word_1_243' title='bbox 53 2255 158 2292; x_wconf 82' lang='lat' dir='ltr'>etiam,</span> <span class='ocrx_word' id='word_1_244' title='bbox 182 2256 273 2292; x_wconf 76' lang='lat' dir='ltr'>atque</span> <span class='ocrx_word' id='word_1_245' title='bbox 298 2254 401 2291; x_wconf 79' lang='lat' dir='ltr'>etiam,</span> <span class='ocrx_word' id='word_1_246' title='bbox 426 2256 516 2291; x_wconf 75' lang='lat' dir='ltr'>alque</span> <span class='ocrx_word' id='word_1_247' title='bbox 540 2254 628 2284; x_wconf 83' lang='lat' dir='ltr'><strong>adeo.</strong></span> <span class='ocrx_word' id='word_1_248' title='bbox 676 2252 730 2284; x_wconf 87' lang='lat' dir='ltr'>Sic</span> <span class='ocrx_word' id='word_1_249' title='bbox 751 2255 818 2284; x_wconf 83' lang='lat' dir='ltr'>iam</span> 
     </span>
     <span class='ocr_line' id='line_1_44' title="bbox 52 2295 818 2339; baseline 0 -11"><span class='ocrx_word' id='word_1_250' title='bbox 52 2306 136 2328; x_wconf 84' lang='lat' dir='ltr'><strong>vero.</strong></span> <span class='ocrx_word' id='word_1_251' title='bbox 161 2297 294 2328; x_wconf 77' lang='lat' dir='ltr'><strong>Lucret.</strong></span> <span class='ocrx_word' id='word_1_252' title='bbox 318 2298 359 2334; x_wconf 87' lang='lat'>11,</span> <span class='ocrx_word' id='word_1_253' title='bbox 374 2295 459 2329; x_wconf 69' lang='lat'>431·</span> <span class='ocrx_word' id='word_1_254' title='bbox 485 2296 627 2339; x_wconf 83' lang='lat' dir='ltr'>denique</span> <span class='ocrx_word' id='word_1_255' title='bbox 647 2299 724 2328; x_wconf 82' lang='lat' dir='ltr'><strong>iam.</strong></span> <span class='ocrx_word' id='word_1_256' title='bbox 750 2297 818 2328; x_wconf 76' lang='lat' dir='ltr'>Pa-</span> 
     </span>
     <span class='ocr_line' id='line_1_45' title="bbox 54 2337 817 2383; baseline 0.001 -11"><span class='ocrx_word' id='word_1_257' title='bbox 54 2340 136 2372; x_wconf 86' lang='lat' dir='ltr'>riter</span> <span class='ocrx_word' id='word_1_258' title='bbox 157 2340 245 2382; x_wconf 89' lang='lat' dir='ltr'><strong>apud</strong></span> <span class='ocrx_word' id='word_1_259' title='bbox 271 2341 416 2372; x_wconf 79' lang='lat' dir='ltr'>Glaecos</span> <span class='ocrx_word' id='word_1_260' title='bbox 450 2337 520 2382; x_wconf 75' lang='grc' dir='ltr'>η’δη</span> <span class='ocrx_word' id='word_1_261' title='bbox 547 2348 730 2383; x_wconf 77' lang='lat' dir='ltr'><strong>usurpatur.</strong></span> <span class='ocrx_word' id='word_1_262' title='bbox 775 2342 817 2373; x_wconf 86' lang='lat' dir='ltr'>V.</span> 
     </span>
     <span class='ocr_line' id='line_1_46' title="bbox 54 2384 818 2428; baseline 0.003 -12"><span class='ocrx_word' id='word_1_263' title='bbox 54 2386 212 2424; x_wconf 72' lang='lat' dir='ltr'>Hartuny.</span> <span class='ocrx_word' id='word_1_264' title='bbox 232 2384 365 2415; x_wconf 80' lang='lat' dir='ltr'><strong>Griech.</strong></span> <span class='ocrx_word' id='word_1_265' title='bbox 389 2385 509 2416; x_wconf 86' lang='lat' dir='ltr'>Partik.</span> <span class='ocrx_word' id='word_1_266' title='bbox 535 2386 575 2416; x_wconf 94' lang='lat' dir='ltr'><strong>T.</strong></span> <span class='ocrx_word' id='word_1_267' title='bbox 595 2387 619 2417; x_wconf 89' lang='grc' dir='ltr'><strong>Ι.</strong></span> <span class='ocrx_word' id='word_1_268' title='bbox 646 2397 676 2428; x_wconf 86' lang='lat' dir='ltr'>p.</span> <span class='ocrx_word' id='word_1_269' title='bbox 691 2385 757 2418; x_wconf 74' lang='grc'><strong>’)-’12</strong></span> <span class='ocrx_word' id='word_1_270' title='bbox 769 2397 818 2428; x_wconf 90' lang='lat' dir='ltr'>sq.</span> 
     </span>
     <span class='ocr_line' id='line_1_47' title="bbox 56 2428 819 2470; baseline 0.001 -10"><span class='ocrx_word' id='word_1_271' title='bbox 56 2435 90 2460; x_wconf 89' lang='lat' dir='ltr'>et</span> <span class='ocrx_word' id='word_1_272' title='bbox 112 2440 172 2460; x_wconf 91' lang='lat' dir='ltr'>nos</span> <span class='ocrx_word' id='word_1_273' title='bbox 206 2428 239 2459; x_wconf 91' lang='lat' dir='ltr'>in</span> <span class='ocrx_word' id='word_1_274' title='bbox 269 2428 429 2470; x_wconf 85' lang='lat' dir='ltr'>ampliore</span> <span class='ocrx_word' id='word_1_275' title='bbox 454 2430 512 2460; x_wconf 88' lang='lat' dir='ltr'>Gr.</span> <span class='ocrx_word' id='word_1_276' title='bbox 535 2429 680 2461; x_wconf 86' lang='lat' dir='ltr'><strong>Gramm.</strong></span> <span class='ocrx_word' id='word_1_277' title='bbox 713 2431 754 2463; x_wconf 92' lang='lat' dir='ltr'><strong>T.</strong></span> <span class='ocrx_word' id='word_1_278' title='bbox 777 2432 819 2464; x_wconf 87' lang='lat'>11.</span> 
     </span>
    </p>
   </div>
   <div class='ocr_carea' id='block_1_29' title="bbox 56 2441 513 2517">
    <p class='ocr_par' dir='ltr' id='par_1_30' title="bbox 56 2441 513 2517">
     <span class='ocr_line' id='line_1_48' title="bbox 56 2441 513 2517; baseline 0 -11"><span class='ocrx_word' id='word_1_279' title='bbox 56 2471 323 2517; x_wconf 75' lang='lat' dir='ltr'><strong>§.690‚4..b</strong></span> <span class='ocrx_word' id='word_1_280' title='bbox 320 2441 513 2515; x_wconf 35' lang='lat' dir='ltr'>{impense</span> 
     </span>
    </p>
   </div>
   <div class='ocr_carea' id='block_1_30' title="bbox 55 2528 820 2839">
    <p class='ocr_par' dir='ltr' id='par_1_31' title="bbox 55 2528 820 2839">
     <span class='ocr_line' id='line_1_49' title="bbox 116 2528 819 2571; baseline 0.001 -11"><span class='ocrx_word' id='word_1_281' title='bbox 116 2530 254 2571; x_wconf 74' lang='lat' dir='ltr'>affatim]</span> <span class='ocrx_word' id='word_1_282' title='bbox 273 2530 414 2560; x_wconf 78' lang='lat' dir='ltr'>Klotzius</span> <span class='ocrx_word' id='word_1_283' title='bbox 427 2533 543 2559; x_wconf 85' lang='lat' dir='ltr'>contra</span> <span class='ocrx_word' id='word_1_284' title='bbox 558 2528 703 2560; x_wconf 90' lang='lat' dir='ltr'>omnium</span> <span class='ocrx_word' id='word_1_285' title='bbox 716 2528 819 2561; x_wconf 82' lang='lat' dir='ltr'>libro-</span> 
     </span>
     <span class='ocr_line' id='line_1_50' title="bbox 55 2572 820 2615; baseline 0 -9"><span class='ocrx_word' id='word_1_286' title='bbox 55 2585 127 2606; x_wconf 87' lang='lat' dir='ltr'>rum</span> <span class='ocrx_word' id='word_1_287' title='bbox 160 2574 395 2605; x_wconf 82' lang='lat' dir='ltr'>auctoritatem</span> <span class='ocrx_word' id='word_1_288' title='bbox 419 2572 581 2604; x_wconf 79' lang='lat' dir='ltr'>disiuncte</span> <span class='ocrx_word' id='word_1_289' title='bbox 615 2573 746 2615; x_wconf 81' lang='lat' dir='ltr'><strong>scripsit</strong></span> <span class='ocrx_word' id='word_1_290' title='bbox 776 2576 820 2606; x_wconf 80' lang='lat' dir='ltr'>ad</span> 
     </span>
     <span class='ocr_line' id='line_1_51' title="bbox 56 2618 818 2661; baseline -0.001 -11"><span class='ocrx_word' id='word_1_291' title='bbox 56 2620 166 2658; x_wconf 76' lang='lat' dir='ltr'>satim:</span> <span class='ocrx_word' id='word_1_292' title='bbox 197 2618 287 2661; x_wconf 88' lang='lat' dir='ltr'><strong>quod</strong></span> <span class='ocrx_word' id='word_1_293' title='bbox 310 2618 452 2661; x_wconf 82' lang='lat' dir='ltr'>probare</span> <span class='ocrx_word' id='word_1_294' title='bbox 474 2629 541 2649; x_wconf 87' lang='lat' dir='ltr'>non</span> <span class='ocrx_word' id='word_1_295' title='bbox 566 2629 718 2660; x_wconf 81' lang='lat' dir='ltr'>possum3</span> <span class='ocrx_word' id='word_1_296' title='bbox 743 2629 818 2649; x_wconf 81' lang='lat' dir='ltr'>nam</span> 
     </span>
     <span class='ocr_line' id='line_1_52' title="bbox 57 2662 819 2706; baseline 0 -12"><span class='ocrx_word' id='word_1_297' title='bbox 57 2663 119 2694; x_wconf 80' lang='lat' dir='ltr'>etsi</span> <span class='ocrx_word' id='word_1_298' title='bbox 142 2662 284 2695; x_wconf 86' lang='lat' dir='ltr'>dubitari</span> <span class='ocrx_word' id='word_1_299' title='bbox 308 2674 374 2695; x_wconf 91' lang='lat' dir='ltr'>non</span> <span class='ocrx_word' id='word_1_300' title='bbox 399 2669 532 2706; x_wconf 86' lang='lat' dir='ltr'>potest,</span> <span class='ocrx_word' id='word_1_301' title='bbox 567 2662 644 2705; x_wconf 88' lang='lat' dir='ltr'>quin</span> <span class='ocrx_word' id='word_1_302' title='bbox 669 2663 735 2694; x_wconf 86' lang='lat' dir='ltr'>hoc</span> <span class='ocrx_word' id='word_1_303' title='bbox 755 2662 819 2693; x_wconf 86' lang='lat' dir='ltr'>ad·-</span> 
     </span>
     <span class='ocr_line' id='line_1_53' title="bbox 58 2707 820 2748; baseline 0.001 -11"><span class='ocrx_word' id='word_1_304' title='bbox 58 2707 204 2739; x_wconf 85' lang='lat' dir='ltr'>verbium</span> <span class='ocrx_word' id='word_1_305' title='bbox 221 2719 260 2739; x_wconf 81' lang='lat' dir='ltr'>ex</span> <span class='ocrx_word' id='word_1_306' title='bbox 279 2710 322 2739; x_wconf 83' lang='lat' dir='ltr'>ad</span> <span class='ocrx_word' id='word_1_307' title='bbox 341 2714 375 2739; x_wconf 88' lang='lat' dir='ltr'>et</span> <span class='ocrx_word' id='word_1_308' title='bbox 389 2708 578 2739; x_wconf 79' lang='lat' dir='ltr'>accusativo</span> <span class='ocrx_word' id='word_1_309' title='bbox 597 2710 686 2748; x_wconf 71' lang='lat' dir='ltr'>satim</span> <span class='ocrx_word' id='word_1_310' title='bbox 712 2713 820 2739; x_wconf 78' lang='lat' dir='ltr'>ortum</span> 
     </span>
     <span class='ocr_line' id='line_1_54' title="bbox 60 2750 820 2790; baseline 0.003 -9"><span class='ocrx_word' id='word_1_311' title='bbox 60 2750 121 2788; x_wconf 83' lang='lat' dir='ltr'>sit3</span> <span class='ocrx_word' id='word_1_312' title='bbox 155 2758 264 2784; x_wconf 84' lang='lat' dir='ltr'>tamen</span> <span class='ocrx_word' id='word_1_313' title='bbox 287 2752 371 2784; x_wconf 80' lang='lat' dir='ltr'>haec</span> <span class='ocrx_word' id='word_1_314' title='bbox 394 2764 461 2784; x_wconf 88' lang='lat' dir='ltr'>non</span> <span class='ocrx_word' id='word_1_315' title='bbox 486 2759 537 2784; x_wconf 78' lang='lat' dir='ltr'>est</span> <span class='ocrx_word' id='word_1_316' title='bbox 562 2764 694 2790; x_wconf 85' lang='lat' dir='ltr'>caussa,</span> <span class='ocrx_word' id='word_1_317' title='bbox 723 2763 779 2784; x_wconf 87' lang='lat' dir='ltr'>cur</span> <span class='ocrx_word' id='word_1_318' title='bbox 801 2763 820 2783; x_wconf 82' lang='lat' dir='ltr'>a</span> 
     </span>
     <span class='ocr_line' id='line_1_55' title="bbox 61 2773 820 2839; baseline 0.003 -14"><span class='ocrx_word' id='word_1_319' title='bbox 61 2773 210 2827; x_wconf 71' lang='lat' dir='ltr'>cociicum</span> <span class='ocrx_word' id='word_1_320' title='bbox 231 2798 392 2839; x_wconf 76' lang='lat' dir='ltr'>scriptura</span> <span class='ocrx_word' id='word_1_321' title='bbox 415 2797 616 2829; x_wconf 77' lang='lat' dir='ltr'><strong>lecedamus.</strong></span> <span class='ocrx_word' id='word_1_322' title='bbox 655 2796 820 2828; x_wconf 82' lang='lat' dir='ltr'>Doctissi-</span> 
     </span>
    </p>
   </div>
   <div class='ocr_carea' id='block_1_31' title="bbox 59 2839 819 2930">
    <p class='ocr_par' dir='ltr' id='par_1_32' title="bbox 59 2839 819 2930">
     <span class='ocr_line' id='line_1_56' title="bbox 59 2839 819 2885; baseline 0.004 -15"><span class='ocrx_word' id='word_1_323' title='bbox 59 2850 111 2870; x_wconf 90' lang='lat' dir='ltr'>me</span> <span class='ocrx_word' id='word_1_324' title='bbox 131 2839 172 2870; x_wconf 78' lang='lat' dir='ltr'>de</span> <span class='ocrx_word' id='word_1_325' title='bbox 191 2840 256 2872; x_wconf 91' lang='lat' dir='ltr'>hoc</span> <span class='ocrx_word' id='word_1_326' title='bbox 278 2842 435 2874; x_wconf 83' lang='lat' dir='ltr'>adverbio</span> <span class='ocrx_word' id='word_1_327' title='bbox 462 2842 597 2885; x_wconf 76' lang='lat' dir='ltr'>exponit</span> <span class='ocrx_word' id='word_1_328' title='bbox 618 2843 764 2874; x_wconf 78' lang='lat' dir='ltr'>Handius</span> <span class='ocrx_word' id='word_1_329' title='bbox 786 2841 819 2873; x_wconf 90' lang='lat' dir='ltr'>in</span> 
     </span>
     <span class='ocr_line' id='line_1_57' title="bbox 60 2883 570 2930; baseline 0.004 -14"><span class='ocrx_word' id='word_1_330' title='bbox 60 2883 201 2916; x_wconf 84' lang='lat' dir='ltr'><strong>Tursell.</strong></span> <span class='ocrx_word' id='word_1_331' title='bbox 224 2886 299 2919; x_wconf 88' lang='lat' dir='ltr'><strong>Vol.</strong></span> <span class='ocrx_word' id='word_1_332' title='bbox 321 2888 346 2918; x_wconf 90' lang='grc' dir='ltr'><strong>Ι.</strong></span> <span class='ocrx_word' id='word_1_333' title='bbox 371 2898 404 2930; x_wconf 92' lang='lat' dir='ltr'><strong>p.</strong></span> <span class='ocrx_word' id='word_1_334' title='bbox 423 2886 487 2920; x_wconf 81' lang='lat'>199</span> <span class='ocrx_word' id='word_1_335' title='bbox 499 2899 570 2930; x_wconf 86' lang='lat' dir='ltr'><strong>sqq.</strong></span> 
     </span>
    </p>
   </div>
   <div class='ocr_carea' id='block_1_32' title="bbox 133 2940 821 2985">
    <p class='ocr_par' dir='ltr' id='par_1_33' title="bbox 133 2940 821 2985">
     <span class='ocr_line' id='line_1_58' title="bbox 133 2940 821 2985; baseline 0.007 -16"><span class='ocrx_word' id='word_1_336' title='bbox 133 2940 244 2972; x_wconf 77' lang='lat' dir='ltr'><em>adulat</em></span> <span class='ocrx_word' id='word_1_337' title='bbox 265 2942 461 2985; x_wconf 68' lang='lat' dir='ltr'>sanguinem]</span> <span class='ocrx_word' id='word_1_338' title='bbox 497 2942 643 2976; x_wconf 88' lang='lat' dir='ltr'><strong>Verbum</strong></span> <span class='ocrx_word' id='word_1_339' title='bbox 666 2943 821 2974; x_wconf 79' lang='lat' dir='ltr'>adulandi</span> 
     </span>
    </p>
   </div>
   <div class='ocr_carea' id='block_1_33' title="bbox 335 1557 1617 1646">
    <p class='ocr_par' dir='ltr' id='par_1_34' title="bbox 335 1557 1617 1646">
     <span class='ocr_line' id='line_1_59' title="bbox 369 1557 1617 1602; baseline -0.002 -11"><span class='ocrx_word' id='word_1_340' title='bbox 369 1571 402 1602; x_wconf 76' lang='lat' dir='ltr'>p.</span> <span class='ocrx_word' id='word_1_341' title='bbox 422 1557 476 1589; x_wconf 86' lang='lat'>22.</span> <span class='ocrx_word' id='word_1_342' title='bbox 504 1565 537 1590; x_wconf 86' lang='lat' dir='ltr'>et</span> <span class='ocrx_word' id='word_1_343' title='bbox 561 1558 603 1590; x_wconf 90' lang='lat' dir='ltr'>de</span> <span class='ocrx_word' id='word_1_344' title='bbox 624 1560 678 1598; x_wconf 83' lang='lat' dir='ltr'>qui</span> <span class='ocrx_word' id='word_1_345' title='bbox 700 1565 733 1589; x_wconf 86' lang='lat' dir='ltr'>et</span> <span class='ocrx_word' id='word_1_346' title='bbox 755 1569 834 1598; x_wconf 82' lang='lat' dir='ltr'>quae</span> <span class='ocrx_word' id='word_1_347' title='bbox 855 1570 963 1602; x_wconf 91' lang='lat' dir='ltr'><strong>comp.</strong></span> <span class='ocrx_word' id='word_1_348' title='bbox 986 1559 1073 1591; x_wconf 84' lang='lat' dir='ltr'>infra</span> <span class='ocrx_word' id='word_1_349' title='bbox 1094 1561 1134 1591; x_wconf 93' lang='lat' dir='ltr'><strong>V.</strong></span> <span class='ocrx_word' id='word_1_350' title='bbox 1154 1557 1209 1600; x_wconf 84' lang='grc'>25,</span> <span class='ocrx_word' id='word_1_351' title='bbox 1234 1557 1295 1591; x_wconf 86' lang='lat'>70:</span> <span class='ocrx_word' id='word_1_352' title='bbox 1320 1560 1468 1591; x_wconf 77' lang='lat' dir='ltr'>imitandi</span> <span class='ocrx_word' id='word_1_353' title='bbox 1493 1564 1528 1590; x_wconf 85' lang='lat' dir='ltr'>et</span> <span class='ocrx_word' id='word_1_354' title='bbox 1544 1560 1617 1590; x_wconf 82' lang='lat' dir='ltr'>imi-</span> 
     </span>
     <span class='ocr_line' id='line_1_60' title="bbox 335 1603 1109 1646; baseline 0.003 -12"><span class='ocrx_word' id='word_1_355' title='bbox 335 1605 406 1646; x_wconf 86' lang='lat' dir='ltr'>Ego</span> <span class='ocrx_word' id='word_1_356' title='bbox 430 1603 553 1635; x_wconf 82' lang='lat' dir='ltr'>nullam</span> <span class='ocrx_word' id='word_1_357' title='bbox 575 1603 674 1634; x_wconf 89' lang='lat' dir='ltr'>video</span> <span class='ocrx_word' id='word_1_358' title='bbox 696 1603 846 1635; x_wconf 82' lang='lat' dir='ltr'>mutandi</span> <span class='ocrx_word' id='word_1_359' title='bbox 869 1604 1109 1637; x_wconf 80' lang='lat' dir='ltr'>necessitatem.</span> 
     </span>
    </p>
   </div>
   <div class='ocr_carea' id='block_1_34' title="bbox 852 1681 1619 2942">
    <p class='ocr_par' dir='ltr' id='par_1_35' title="bbox 852 1681 1618 2128">
     <span class='ocr_line' id='line_1_61' title="bbox 852 1681 1616 1726; baseline 0.001 -13"><span class='ocrx_word' id='word_1_360' title='bbox 852 1683 886 1714; x_wconf 94' lang='lat' dir='ltr'>h.</span> <span class='ocrx_word' id='word_1_361' title='bbox 911 1682 932 1715; x_wconf 92' lang='lat' dir='ltr'>l.</span> <span class='ocrx_word' id='word_1_362' title='bbox 957 1683 1096 1726; x_wconf 81' lang='lat' dir='ltr'>primam</span> <span class='ocrx_word' id='word_1_363' title='bbox 1124 1689 1158 1715; x_wconf 89' lang='lat' dir='ltr'>et</span> <span class='ocrx_word' id='word_1_364' title='bbox 1182 1682 1440 1726; x_wconf 77' lang='lat' dir='ltr'>antiquissimam</span> <span class='ocrx_word' id='word_1_365' title='bbox 1463 1681 1616 1715; x_wconf 82' lang='lat' dir='ltr'>notatio-</span> 
     </span>
     <span class='ocr_line' id='line_1_62' title="bbox 853 1728 1617 1770; baseline 0 -11"><span class='ocrx_word' id='word_1_366' title='bbox 853 1739 929 1759; x_wconf 89' lang='lat' dir='ltr'>nem</span> <span class='ocrx_word' id='word_1_367' title='bbox 948 1728 1059 1765; x_wconf 72' lang='lat' dir='ltr'>habet,</span> <span class='ocrx_word' id='word_1_368' title='bbox 1084 1735 1120 1759; x_wconf 87' lang='lat' dir='ltr'>ut</span> <span class='ocrx_word' id='word_1_369' title='bbox 1138 1728 1181 1759; x_wconf 84' lang='lat' dir='ltr'>sit</span> <span class='ocrx_word' id='word_1_370' title='bbox 1205 1733 1341 1768; x_wconf 72' lang='lat' dir='ltr'>teryere,</span> <span class='ocrx_word' id='word_1_371' title='bbox 1364 1731 1513 1768; x_wconf 74' lang='lat' dir='ltr'>strinyere</span> <span class='ocrx_word' id='word_1_372' title='bbox 1538 1729 1617 1770; x_wconf 80' lang='lat' dir='ltr'>(no-</span> 
     </span>
     <span class='ocr_line' id='line_1_63' title="bbox 852 1772 1618 1815; baseline 0 -12"><span class='ocrx_word' id='word_1_373' title='bbox 852 1780 956 1804; x_wconf 86' lang='lat' dir='ltr'>strum</span> <span class='ocrx_word' id='word_1_374' title='bbox 988 1773 1172 1814; x_wconf 71' lang='lat' dir='ltr'>streicheln).</span> <span class='ocrx_word' id='word_1_375' title='bbox 1218 1772 1363 1804; x_wconf 82' lang='lat' dir='ltr'>Avolans</span> <span class='ocrx_word' id='word_1_376' title='bbox 1396 1772 1504 1815; x_wconf 80' lang='lat' dir='ltr'>aquila</span> <span class='ocrx_word' id='word_1_377' title='bbox 1536 1783 1618 1804; x_wconf 81' lang='lat' dir='ltr'>cau-</span> 
     </span>
     <span class='ocr_line' id='line_1_64' title="bbox 853 1816 1617 1860; baseline -0.003 -11"><span class='ocrx_word' id='word_1_378' title='bbox 853 1818 915 1849; x_wconf 83' lang='lat' dir='ltr'>dae</span> <span class='ocrx_word' id='word_1_379' title='bbox 939 1817 1094 1860; x_wconf 81' lang='lat' dir='ltr'>pinnatae</span> <span class='ocrx_word' id='word_1_380' title='bbox 1124 1824 1216 1848; x_wconf 88' lang='lat' dir='ltr'>motu</span> <span class='ocrx_word' id='word_1_381' title='bbox 1249 1817 1440 1859; x_wconf 82' lang='lat' dir='ltr'>sanguinem</span> <span class='ocrx_word' id='word_1_382' title='bbox 1465 1816 1617 1858; x_wconf 87' lang='lat' dir='ltr'>deterget</span> 
     </span>
     <span class='ocr_line' id='line_1_65' title="bbox 855 1862 1618 1905; baseline -0.001 -12"><span class='ocrx_word' id='word_1_383' title='bbox 855 1865 912 1905; x_wconf 78' lang='lat' dir='ltr'><strong>(sc.</strong></span> <span class='ocrx_word' id='word_1_384' title='bbox 929 1869 964 1893; x_wconf 81' lang='lat' dir='ltr'>ut</span> <span class='ocrx_word' id='word_1_385' title='bbox 986 1863 1102 1893; x_wconf 83' lang='lat' dir='ltr'>vulnus</span> <span class='ocrx_word' id='word_1_386' title='bbox 1122 1862 1304 1893; x_wconf 79' lang='lat' dir='ltr'>exsiccetur</span> <span class='ocrx_word' id='word_1_387' title='bbox 1327 1868 1360 1893; x_wconf 85' lang='lat' dir='ltr'>et</span> <span class='ocrx_word' id='word_1_388' title='bbox 1382 1872 1510 1892; x_wconf 84' lang='lat' dir='ltr'>rursum</span> <span class='ocrx_word' id='word_1_389' title='bbox 1533 1872 1618 1892; x_wconf 88' lang='lat' dir='ltr'>con-</span> 
     </span>
     <span class='ocr_line' id='line_1_66' title="bbox 852 1906 1617 1947; baseline -0.001 -10"><span class='ocrx_word' id='word_1_390' title='bbox 852 1907 1029 1947; x_wconf 71' lang='lat' dir='ltr'>sanescat).</span> <span class='ocrx_word' id='word_1_391' title='bbox 1075 1906 1162 1937; x_wconf 87' lang='lat' dir='ltr'>Hinc</span> <span class='ocrx_word' id='word_1_392' title='bbox 1184 1906 1321 1937; x_wconf 77' lang='lat' dir='ltr'>verbum</span> <span class='ocrx_word' id='word_1_393' title='bbox 1355 1907 1510 1937; x_wconf 79' lang='lat' dir='ltr'>adulandi</span> <span class='ocrx_word' id='word_1_394' title='bbox 1532 1916 1617 1947; x_wconf 91' lang='lat' dir='ltr'><strong>pro-</strong></span> 
     </span>
     <span class='ocr_line' id='line_1_67' title="bbox 852 1950 1615 1994; baseline -0.001 -12"><span class='ocrx_word' id='word_1_395' title='bbox 852 1951 924 1994; x_wconf 88' lang='lat' dir='ltr'>prie</span> <span class='ocrx_word' id='word_1_396' title='bbox 939 1951 1058 1982; x_wconf 82' lang='lat' dir='ltr'>dicitur</span> <span class='ocrx_word' id='word_1_397' title='bbox 1077 1950 1118 1981; x_wconf 89' lang='lat' dir='ltr'>de</span> <span class='ocrx_word' id='word_1_398' title='bbox 1139 1950 1263 1988; x_wconf 84' lang='lat' dir='ltr'>bestiis,</span> <span class='ocrx_word' id='word_1_399' title='bbox 1287 1950 1446 1993; x_wconf 81' lang='lat' dir='ltr'>imprimis</span> <span class='ocrx_word' id='word_1_400' title='bbox 1470 1950 1615 1989; x_wconf 85' lang='lat' dir='ltr'>canibus,</span> 
     </span>
     <span class='ocr_line' id='line_1_68' title="bbox 854 1995 1618 2038; baseline 0 -12"><span class='ocrx_word' id='word_1_401' title='bbox 854 1995 907 2038; x_wconf 88' lang='lat' dir='ltr'>qui</span> <span class='ocrx_word' id='word_1_402' title='bbox 933 1995 1054 2027; x_wconf 84' lang='lat' dir='ltr'>caudae</span> <span class='ocrx_word' id='word_1_403' title='bbox 1074 2002 1166 2026; x_wconf 89' lang='lat' dir='ltr'>motu</span> <span class='ocrx_word' id='word_1_404' title='bbox 1196 1995 1314 2037; x_wconf 79' lang='lat' dir='ltr'>gaudia</span> <span class='ocrx_word' id='word_1_405' title='bbox 1336 2002 1370 2026; x_wconf 89' lang='lat' dir='ltr'>et</span> <span class='ocrx_word' id='word_1_406' title='bbox 1390 1995 1618 2026; x_wconf 82' lang='lat' dir='ltr'>blandimenta</span> 
     </span>
     <span class='ocr_line' id='line_1_69' title="bbox 852 2040 1616 2083; baseline -0.003 -11"><span class='ocrx_word' id='word_1_407' title='bbox 852 2040 1036 2083; x_wconf 83' lang='lat' dir='ltr'>exprimere</span> <span class='ocrx_word' id='word_1_408' title='bbox 1047 2040 1192 2072; x_wconf 83' lang='lat' dir='ltr'>student.</span> <span class='ocrx_word' id='word_1_409' title='bbox 1216 2040 1268 2071; x_wconf 87' lang='lat' dir='ltr'>Cf.</span> <span class='ocrx_word' id='word_1_410' title='bbox 1281 2041 1616 2082; x_wconf 80' lang='lat' dir='ltr'>DoederliniiSynom.</span> 
     </span>
     <span class='ocr_line' id='line_1_70' title="bbox 853 2084 1118 2128; baseline -0.004 -12"><span class='ocrx_word' id='word_1_411' title='bbox 853 2087 894 2117; x_wconf 84' lang='lat'>11.</span> <span class='ocrx_word' id='word_1_412' title='bbox 918 2097 951 2128; x_wconf 91' lang='lat' dir='ltr'>p.</span> <span class='ocrx_word' id='word_1_413' title='bbox 972 2084 1118 2127; x_wconf 63' lang='lat' dir='ltr'><strong>l74sqq.</strong></span> 
     </span>
    </p>

    <p class='ocr_par' dir='ltr' id='par_1_36' title="bbox 852 2127 1618 2351">
     <span class='ocr_line' id='line_1_71' title="bbox 920 2127 1618 2172; baseline -0.001 -11"><span class='ocrx_word' id='word_1_414' title='bbox 920 2130 1047 2172; x_wconf 74' lang='lat' dir='ltr'>inflatu]</span> <span class='ocrx_word' id='word_1_415' title='bbox 1084 2130 1125 2161; x_wconf 87' lang='lat' dir='ltr'>H.</span> <span class='ocrx_word' id='word_1_416' title='bbox 1151 2141 1179 2161; x_wconf 93' lang='lat' dir='ltr'>e.</span> <span class='ocrx_word' id='word_1_417' title='bbox 1214 2140 1313 2172; x_wconf 85' lang='lat' dir='ltr'>quum</span> <span class='ocrx_word' id='word_1_418' title='bbox 1335 2128 1488 2171; x_wconf 83' lang='lat' dir='ltr'>inflatur,</span> <span class='ocrx_word' id='word_1_419' title='bbox 1522 2127 1618 2160; x_wconf 87' lang='lat' dir='ltr'>intu-</span> 
     </span>
     <span class='ocr_line' id='line_1_72' title="bbox 852 2173 1617 2216; baseline -0.003 -10"><span class='ocrx_word' id='word_1_420' title='bbox 852 2174 978 2206; x_wconf 82' lang='lat' dir='ltr'>mescit.</span> <span class='ocrx_word' id='word_1_421' title='bbox 1029 2176 1162 2206; x_wconf 81' lang='lat' dir='ltr'>Orellius</span> <span class='ocrx_word' id='word_1_422' title='bbox 1185 2180 1356 2216; x_wconf 82' lang='lat' dir='ltr'>comparat</span> <span class='ocrx_word' id='word_1_423' title='bbox 1383 2174 1481 2206; x_wconf 90' lang='lat' dir='ltr'>Dion.</span> <span class='ocrx_word' id='word_1_424' title='bbox 1506 2173 1617 2216; x_wconf 84' lang='lat' dir='ltr'><strong>Chry·-</strong></span> 
     </span>
     <span class='ocr_line' id='line_1_73' title="bbox 852 2218 1617 2261; baseline -0.001 -10"><span class='ocrx_word' id='word_1_425' title='bbox 852 2226 932 2251; x_wconf 89' lang='lat' dir='ltr'><strong>sost.</strong></span> <span class='ocrx_word' id='word_1_426' title='bbox 959 2230 1008 2251; x_wconf 87' lang='lat' dir='ltr'><strong>or.</strong></span> <span class='ocrx_word' id='word_1_427' title='bbox 1030 2222 1063 2251; x_wconf 73' lang='grc' dir='ltr'>δ.</span> <span class='ocrx_word' id='word_1_428' title='bbox 1090 2219 1142 2250; x_wconf 79' lang='lat' dir='ltr'>ed.</span> <span class='ocrx_word' id='word_1_429' title='bbox 1168 2220 1302 2261; x_wconf 80' lang='lat' dir='ltr'><strong>Baguet.</strong></span> <span class='ocrx_word' id='word_1_430' title='bbox 1326 2230 1360 2260; x_wconf 89' lang='lat' dir='ltr'>p.</span> <span class='ocrx_word' id='word_1_431' title='bbox 1375 2218 1418 2251; x_wconf 85' lang='lat'>9:</span> <span class='ocrx_word' id='word_1_432' title='bbox 1451 2218 1617 2256; x_wconf 74' lang='grc' dir='ltr'>οἰδοῦντος</span> 
     </span>
     <span class='ocr_line' id='line_1_74' title="bbox 853 2243 1614 2308; baseline -0.004 -11"><span class='ocrx_word' id='word_1_433' title='bbox 853 2261 947 2308; x_wconf 77' lang='grc' dir='ltr'>αυτῷ</span> <span class='ocrx_word' id='word_1_434' title='bbox 973 2263 1032 2297; x_wconf 75' lang='grc' dir='ltr'>καὶ</span> <span class='ocrx_word' id='word_1_435' title='bbox 1056 2243 1233 2303; x_wconf 65' lang='grc' dir='ltr'>αὔξοντοςὃ</span> <span class='ocrx_word' id='word_1_436' title='bbox 1234 2265 1291 2297; x_wconf 77' lang='grc' dir='ltr'>τοῦ</span> <span class='ocrx_word' id='word_1_437' title='bbox 1317 2262 1466 2306; x_wconf 70' lang='grc' dir='ltr'>ἥπατοςε</span> <span class='ocrx_word' id='word_1_438' title='bbox 1503 2262 1559 2292; x_wconf 91' lang='lat' dir='ltr'>ubi</span> <span class='ocrx_word' id='word_1_439' title='bbox 1581 2273 1614 2295; x_wconf 84' lang='lat' dir='ltr'>v.</span> 
     </span>
     <span class='ocr_line' id='line_1_75' title="bbox 852 2311 1128 2351; baseline -0.004 -9"><span class='ocrx_word' id='word_1_440' title='bbox 852 2312 980 2349; x_wconf 65' lang='lat' dir='ltr'>Bayuet</span> <span class='ocrx_word' id='word_1_441' title='bbox 1004 2320 1037 2351; x_wconf 92' lang='lat' dir='ltr'>p.</span> <span class='ocrx_word' id='word_1_442' title='bbox 1054 2311 1128 2341; x_wconf 54' lang='lat'><strong>12³5.</strong></span> 
     </span>
    </p>

    <p class='ocr_par' dir='ltr' id='par_1_37' title="bbox 852 2361 1619 2942">
     <span class='ocr_line' id='line_1_76' title="bbox 922 2361 1619 2407; baseline -0.006 -10"><span class='ocrx_word' id='word_1_443' title='bbox 922 2365 950 2407; x_wconf 61' lang='grc'>(3.</span> <span class='ocrx_word' id='word_1_444' title='bbox 965 2364 1019 2395; x_wconf 80' lang='lat'>25.</span> <span class='ocrx_word' id='word_1_445' title='bbox 1055 2365 1107 2396; x_wconf 83' lang='lat' dir='ltr'>Sic</span> <span class='ocrx_word' id='word_1_446' title='bbox 1130 2373 1178 2395; x_wconf 85' lang='lat' dir='ltr'>me</span> <span class='ocrx_word' id='word_1_447' title='bbox 1200 2366 1265 2402; x_wconf 85' lang='lat' dir='ltr'>ipse</span> <span class='ocrx_word' id='word_1_448' title='bbox 1287 2362 1417 2405; x_wconf 79' lang='lat' dir='ltr'>viduus]</span> <span class='ocrx_word' id='word_1_449' title='bbox 1448 2361 1493 2394; x_wconf 90' lang='lat' dir='ltr'>H.</span> <span class='ocrx_word' id='word_1_450' title='bbox 1517 2372 1546 2394; x_wconf 87' lang='lat' dir='ltr'>e.</span> <span class='ocrx_word' id='word_1_451' title='bbox 1569 2362 1619 2393; x_wconf 83' lang='lat' dir='ltr'>sic</span> 
     </span>
     <span class='ocr_line' id='line_1_77' title="bbox 853 2406 1618 2452; baseline -0.003 -12"><span class='ocrx_word' id='word_1_452' title='bbox 853 2409 944 2452; x_wconf 86' lang='lat' dir='ltr'>ipse,</span> <span class='ocrx_word' id='word_1_453' title='bbox 970 2419 1044 2439; x_wconf 80' lang='lat' dir='ltr'>meo</span> <span class='ocrx_word' id='word_1_454' title='bbox 1069 2408 1215 2449; x_wconf 83' lang='lat' dir='ltr'>privatus</span> <span class='ocrx_word' id='word_1_455' title='bbox 1240 2407 1381 2446; x_wconf 73' lang='lat' dir='ltr'>auxilio,</span> <span class='ocrx_word' id='word_1_456' title='bbox 1413 2406 1542 2449; x_wconf 82' lang='lat' dir='ltr'>excipio</span> <span class='ocrx_word' id='word_1_457' title='bbox 1563 2417 1618 2438; x_wconf 86' lang='lat' dir='ltr'>me</span> 
     </span>
     <span class='ocr_line' id='line_1_78' title="bbox 852 2451 1616 2496; baseline -0.003 -11"><span class='ocrx_word' id='word_1_458' title='bbox 852 2460 1008 2496; x_wconf 82' lang='lat' dir='ltr'>tanquam</span> <span class='ocrx_word' id='word_1_459' title='bbox 1031 2459 1140 2494; x_wconf 71' lang='lat' dir='ltr'>pestes</span> <span class='ocrx_word' id='word_1_460' title='bbox 1164 2451 1286 2482; x_wconf 77' lang='lat' dir='ltr'>anxias.</span> <span class='ocrx_word' id='word_1_461' title='bbox 1335 2453 1409 2494; x_wconf 86' lang='lat' dir='ltr'>Ipse</span> <span class='ocrx_word' id='word_1_462' title='bbox 1430 2451 1511 2483; x_wconf 90' lang='lat' dir='ltr'>mihi</span> <span class='ocrx_word' id='word_1_463' title='bbox 1533 2462 1616 2494; x_wconf 87' lang='lat' dir='ltr'><strong>paro</strong></span> 
     </span>
     <span class='ocr_line' id='line_1_79' title="bbox 853 2496 1614 2540; baseline -0.001 -11"><span class='ocrx_word' id='word_1_464' title='bbox 853 2506 990 2540; x_wconf 82' lang='lat' dir='ltr'>pestem,</span> <span class='ocrx_word' id='word_1_465' title='bbox 1012 2507 1121 2527; x_wconf 88' lang='lat' dir='ltr'>meum</span> <span class='ocrx_word' id='word_1_466' title='bbox 1142 2496 1244 2538; x_wconf 86' lang='lat' dir='ltr'>ipsius</span> <span class='ocrx_word' id='word_1_467' title='bbox 1266 2496 1356 2528; x_wconf 84' lang='lat' dir='ltr'>iecur</span> <span class='ocrx_word' id='word_1_468' title='bbox 1375 2503 1532 2539; x_wconf 83' lang='lat' dir='ltr'>tanquam</span> <span class='ocrx_word' id='word_1_469' title='bbox 1552 2507 1614 2539; x_wconf 88' lang='lat' dir='ltr'><strong>pa-</strong></span> 
     </span>
     <span class='ocr_line' id='line_1_80' title="bbox 852 2540 1618 2583; baseline -0.001 -10"><span class='ocrx_word' id='word_1_470' title='bbox 852 2543 965 2574; x_wconf 84' lang='lat' dir='ltr'>bulum</span> <span class='ocrx_word' id='word_1_471' title='bbox 990 2541 1132 2572; x_wconf 83' lang='lat' dir='ltr'>offerens</span> <span class='ocrx_word' id='word_1_472' title='bbox 1157 2541 1295 2583; x_wconf 86' lang='lat' dir='ltr'><strong>aquilae.</strong></span> <span class='ocrx_word' id='word_1_473' title='bbox 1343 2544 1450 2573; x_wconf 82' lang='lat' dir='ltr'>Acute</span> <span class='ocrx_word' id='word_1_474' title='bbox 1471 2540 1618 2573; x_wconf 83' lang='lat' dir='ltr'>dictum!</span> 
     </span>
     <span class='ocr_line' id='line_1_81' title="bbox 855 2585 1619 2628; baseline -0.001 -10"><span class='ocrx_word' id='word_1_475' title='bbox 855 2586 964 2618; x_wconf 84' lang='lat' dir='ltr'>Ceteri</span> <span class='ocrx_word' id='word_1_476' title='bbox 987 2586 1185 2627; x_wconf 81' lang='lat' dir='ltr'>interpretes</span> <span class='ocrx_word' id='word_1_477' title='bbox 1204 2585 1342 2628; x_wconf 87' lang='lat' dir='ltr'>iungunt</span> <span class='ocrx_word' id='word_1_478' title='bbox 1363 2596 1411 2618; x_wconf 85' lang='lat' dir='ltr'>me</span> <span class='ocrx_word' id='word_1_479' title='bbox 1432 2588 1559 2626; x_wconf 84' lang='lat' dir='ltr'>viduus,</span> <span class='ocrx_word' id='word_1_480' title='bbox 1583 2591 1619 2617; x_wconf 90' lang='lat' dir='ltr'>ut</span> 
     </span>
     <span class='ocr_line' id='line_1_82' title="bbox 852 2630 1617 2663; baseline 0.001 -2"><span class='ocrx_word' id='word_1_481' title='bbox 852 2631 935 2662; x_wconf 80' lang='lat' dir='ltr'>haec</span> <span class='ocrx_word' id='word_1_482' title='bbox 957 2630 1000 2661; x_wconf 85' lang='lat' dir='ltr'>sit</span> <span class='ocrx_word' id='word_1_483' title='bbox 1017 2630 1201 2662; x_wconf 84' lang='lat' dir='ltr'>sententia:</span> <span class='ocrx_word' id='word_1_484' title='bbox 1226 2642 1278 2662; x_wconf 90' lang='lat' dir='ltr'>me</span> <span class='ocrx_word' id='word_1_485' title='bbox 1301 2630 1323 2662; x_wconf 89' lang='lat' dir='ltr'>i.</span> <span class='ocrx_word' id='word_1_486' title='bbox 1339 2641 1367 2663; x_wconf 91' lang='lat' dir='ltr'>e.</span> <span class='ocrx_word' id='word_1_487' title='bbox 1390 2631 1472 2662; x_wconf 89' lang='lat' dir='ltr'>meis</span> <span class='ocrx_word' id='word_1_488' title='bbox 1494 2630 1617 2663; x_wconf 90' lang='lat' dir='ltr'>viribus</span> 
     </span>
     <span class='ocr_line' id='line_1_83' title="bbox 856 2675 1616 2715; baseline 0.001 -9"><span class='ocrx_word' id='word_1_489' title='bbox 856 2675 1053 2714; x_wconf 83' lang='lat' dir='ltr'>destitutus,</span> <span class='ocrx_word' id='word_1_490' title='bbox 1091 2681 1166 2706; x_wconf 84' lang='lat' dir='ltr'><strong>aut.</strong></span> <span class='ocrx_word' id='word_1_491' title='bbox 1206 2686 1274 2707; x_wconf 88' lang='lat' dir='ltr'>non</span> <span class='ocrx_word' id='word_1_492' title='bbox 1298 2687 1410 2715; x_wconf 90' lang='lat' dir='ltr'>meus,</span> <span class='ocrx_word' id='word_1_493' title='bbox 1445 2675 1524 2707; x_wconf 88' lang='lat' dir='ltr'>dum</span> <span class='ocrx_word' id='word_1_494' title='bbox 1546 2686 1616 2707; x_wconf 87' lang='lat' dir='ltr'>non</span> 
     </span>
     <span class='ocr_line' id='line_1_84' title="bbox 855 2719 1617 2764; baseline -0.001 -13"><span class='ocrx_word' id='word_1_495' title='bbox 855 2731 925 2751; x_wconf 86' lang='lat' dir='ltr'>sum</span> <span class='ocrx_word' id='word_1_496' title='bbox 946 2720 978 2751; x_wconf 90' lang='lat' dir='ltr'>in</span> <span class='ocrx_word' id='word_1_497' title='bbox 1000 2731 1072 2751; x_wconf 78' lang='lat' dir='ltr'>mea</span> <span class='ocrx_word' id='word_1_498' title='bbox 1095 2725 1274 2762; x_wconf 82' lang='lat' dir='ltr'>potestate,</span> <span class='ocrx_word' id='word_1_499' title='bbox 1299 2732 1407 2764; x_wconf 90' lang='lat' dir='ltr'><strong>comp.</strong></span> <span class='ocrx_word' id='word_1_500' title='bbox 1430 2721 1513 2752; x_wconf 88' lang='lat' dir='ltr'><strong>Hor.</strong></span> <span class='ocrx_word' id='word_1_501' title='bbox 1537 2719 1617 2751; x_wconf 87' lang='lat' dir='ltr'><strong>C.1.</strong></span> 
     </span>
     <span class='ocr_line' id='line_1_85' title="bbox 858 2763 1616 2806; baseline -0.003 -10"><span class='ocrx_word' id='word_1_502' title='bbox 858 2764 1008 2803; x_wconf 82' lang='lat'><strong>10‚12.·</strong></span> <span class='ocrx_word' id='word_1_503' title='bbox 1049 2766 1164 2797; x_wconf 80' lang='lat' dir='ltr'>viduus</span> <span class='ocrx_word' id='word_1_504' title='bbox 1193 2767 1345 2806; x_wconf 57' lang='lat' dir='ltr'>pharetra</span> <span class='ocrx_word' id='word_1_505' title='bbox 1379 2765 1452 2797; x_wconf 80' lang='lat' dir='ltr'>risit</span> <span class='ocrx_word' id='word_1_506' title='bbox 1483 2763 1616 2806; x_wconf 85' lang='lat' dir='ltr'><strong>Apollo.</strong></span> 
     </span>
     <span class='ocr_line' id='line_1_86' title="bbox 854 2806 1615 2842; baseline -0.004 -1"><span class='ocrx_word' id='word_1_507' title='bbox 854 2811 964 2841; x_wconf 83' lang='lat' dir='ltr'>Amore</span> <span class='ocrx_word' id='word_1_508' title='bbox 1003 2812 1109 2842; x_wconf 81' lang='lat' dir='ltr'>mortis</span> <span class='ocrx_word' id='word_1_509' title='bbox 1141 2829 1185 2834; x_wconf 97' lang='lat'><strong>—</strong></span> <span class='ocrx_word' id='word_1_510' title='bbox 1218 2813 1295 2842; x_wconf 83' lang='lat' dir='ltr'>mali</span> <span class='ocrx_word' id='word_1_511' title='bbox 1329 2810 1364 2842; x_wconf 89' lang='lat' dir='ltr'>h.</span> <span class='ocrx_word' id='word_1_512' title='bbox 1388 2822 1417 2841; x_wconf 90' lang='lat' dir='ltr'>e.</span> <span class='ocrx_word' id='word_1_513' title='bbox 1451 2806 1615 2841; x_wconf 83' lang='lat' dir='ltr'>moriendi</span> 
     </span>
     <span class='ocr_line' id='line_1_87' title="bbox 856 2853 1616 2896; baseline -0.003 -12"><span class='ocrx_word' id='word_1_514' title='bbox 856 2853 992 2896; x_wconf 86' lang='lat' dir='ltr'>cupidus</span> <span class='ocrx_word' id='word_1_515' title='bbox 1026 2860 1134 2886; x_wconf 84' lang='lat' dir='ltr'>morte</span> <span class='ocrx_word' id='word_1_516' title='bbox 1169 2855 1345 2886; x_wconf 87' lang='lat' dir='ltr'>terminum</span> <span class='ocrx_word' id='word_1_517' title='bbox 1371 2854 1448 2885; x_wconf 83' lang='lat' dir='ltr'>mali</span> <span class='ocrx_word' id='word_1_518' title='bbox 1473 2853 1616 2884; x_wconf 87' lang='lat' dir='ltr'>circum-</span> 
     </span>
     <span class='ocr_line' id='line_1_88' title="bbox 854 2896 1615 2942; baseline -0.003 -12"><span class='ocrx_word' id='word_1_519' title='bbox 854 2898 1006 2942; x_wconf 89' lang='lat' dir='ltr'>spiciens.</span> <span class='ocrx_word' id='word_1_520' title='bbox 1062 2900 1113 2931; x_wconf 91' lang='lat' dir='ltr'>De</span> <span class='ocrx_word' id='word_1_521' title='bbox 1147 2911 1178 2932; x_wconf 90' lang='lat' dir='ltr'>v.</span> <span class='ocrx_word' id='word_1_522' title='bbox 1212 2901 1398 2941; x_wconf 81' lang='lat' dir='ltr'>anquirendi</span> <span class='ocrx_word' id='word_1_523' title='bbox 1429 2909 1458 2930; x_wconf 88' lang='lat' dir='ltr'>v.</span> <span class='ocrx_word' id='word_1_524' title='bbox 1483 2896 1525 2929; x_wconf 84' lang='lat' dir='ltr'>ad</span> <span class='ocrx_word' id='word_1_525' title='bbox 1557 2896 1615 2929; x_wconf 80' lang='lat' dir='ltr'>lv.</span> 
     </span>
    </p>
   </div>
   <div class='ocr_carea' id='block_1_35' title="bbox 853 2941 993 2983">
    <p class='ocr_par' dir='ltr' id='par_1_38' title="bbox 853 2941 993 2983">
     <span class='ocr_line' id='line_1_89' title="bbox 853 2941 993 2983; baseline 0.008 -7.016"><span class='ocrx_word' id='word_1_526' title='bbox 853 2943 918 2983; x_wconf 84' lang='lat'>21,</span> <span class='ocrx_word' id='word_1_527' title='bbox 940 2941 993 2978; x_wconf 82' lang='lat'>47.</span> 
     </span>
    </p>
   </div>
  </div>
 </body>
</html>
