<?xml version="1.0" encoding="UTF-8"?>
<!DOCTYPE html PUBLIC "-//W3C//DTD XHTML 1.0 Transitional//EN"
    "http://www.w3.org/TR/xhtml1/DTD/xhtml1-transitional.dtd">
<html xmlns="http://www.w3.org/1999/xhtml" xml:lang="en" lang="en">
 <head>
  <title>
</title>
<meta http-equiv="Content-Type" content="text/html;charset=utf-8" />
  <meta name='ocr-system' content='tesseract 3.04.00' />
  <meta name='ocr-capabilities' content='ocr_page ocr_carea ocr_par ocr_line ocrx_word'/>
</head>
<body>
  <div class='ocr_page' id='page_1' title='image "./tusculanaedisput00ciceuoft_0408.png"; bbox 0 0 1863 3221; ppageno 0'>
   <div class='ocr_carea' id='block_1_1' title="bbox 215 80 298 121">
    <p class='ocr_par' dir='ltr' id='par_1_1' title="bbox 215 80 298 121">
     <span class='ocr_line' id='line_1_1' title="bbox 215 80 298 121; baseline -0.012 0"><span class='ocrx_word' id='word_1_1' title='bbox 215 80 298 121; x_wconf 77' lang='lat'>360</span> 
     </span>
    </p>
   </div>
   <div class='ocr_carea' id='block_1_2' title="bbox 219 164 1775 221">
    <p class='ocr_par' dir='ltr' id='par_1_2' title="bbox 219 164 1775 221">
     <span class='ocr_line' id='line_1_2' title="bbox 219 164 1775 221; baseline -0.001 -12"><span class='ocrx_word' id='word_1_2' title='bbox 219 169 348 209; x_wconf 81' lang='lat' dir='ltr'>dicant</span> <span class='ocrx_word' id='word_1_3' title='bbox 373 182 444 207; x_wconf 87' lang='lat' dir='ltr'>nec</span> <span class='ocrx_word' id='word_1_4' title='bbox 470 180 607 221; x_wconf 81' lang='lat' dir='ltr'>posse,</span> <span class='ocrx_word' id='word_1_5' title='bbox 642 178 713 204; x_wconf 89' lang='lat' dir='ltr'>nec</span> <span class='ocrx_word' id='word_1_6' title='bbox 743 178 839 218; x_wconf 87' lang='lat' dir='ltr'>opus</span> <span class='ocrx_word' id='word_1_7' title='bbox 865 177 976 215; x_wconf 83' lang='lat' dir='ltr'>esse,</span> <span class='ocrx_word' id='word_1_8' title='bbox 1012 166 1080 204; x_wconf 78' lang='lat' dir='ltr'>et⁶</span> <span class='ocrx_word' id='word_1_9' title='bbox 1113 164 1153 203; x_wconf 91' lang='lat' dir='ltr'>in</span> <span class='ocrx_word' id='word_1_10' title='bbox 1177 165 1353 205; x_wconf 84' lang='lat' dir='ltr'>omnibus</span> <span class='ocrx_word' id='word_1_11' title='bbox 1375 167 1457 207; x_wconf 84' lang='lat' dir='ltr'>sere</span> <span class='ocrx_word' id='word_1_12' title='bbox 1480 168 1597 207; x_wconf 82' lang='lat' dir='ltr'>rebus</span> <span class='ocrx_word' id='word_1_13' title='bbox 1629 168 1775 207; x_wconf 84' lang='lat' dir='ltr'>medio-</span> 
     </span>
    </p>
   </div>
   <div class='ocr_carea' id='block_1_3' title="bbox 790 83 1199 125">
    <p class='ocr_par' dir='ltr' id='par_1_3' title="bbox 790 83 1199 125">
     <span class='ocr_line' id='line_1_3' title="bbox 790 83 1199 125; baseline 0.002 -8"><span class='ocrx_word' id='word_1_14' title='bbox 790 86 953 117; x_wconf 85' lang='lat' dir='ltr'>LIBER</span> <span class='ocrx_word' id='word_1_15' title='bbox 979 86 1034 118; x_wconf 86' lang='lat' dir='ltr'>lV.</span> <span class='ocrx_word' id='word_1_16' title='bbox 1058 83 1122 125; x_wconf 79' lang='lat'>21,</span> <span class='ocrx_word' id='word_1_17' title='bbox 1145 84 1199 118; x_wconf 78' lang='lat'>47.</span> 
     </span>
    </p>
   </div>
   <div class='ocr_carea' id='block_1_4' title="bbox 221 235 1775 293">
    <p class='ocr_par' dir='ltr' id='par_1_4' title="bbox 221 235 1775 293">
     <span class='ocr_line' id='line_1_4' title="bbox 221 235 1775 293; baseline -0.002 -11"><span class='ocrx_word' id='word_1_18' title='bbox 221 242 397 282; x_wconf 75' lang='lat' dir='ltr'>critatem</span> <span class='ocrx_word' id='word_1_19' title='bbox 426 244 514 279; x_wconf 88' lang='lat' dir='ltr'>esse</span> <span class='ocrx_word' id='word_1_20' title='bbox 544 237 724 292; x_wconf 84' lang='lat' dir='ltr'>optimam</span> <span class='ocrx_word' id='word_1_21' title='bbox 761 237 1004 277; x_wconf 80' lang='lat' dir='ltr'><strong>existiment.</strong></span> <span class='ocrx_word' id='word_1_22' title='bbox 1068 235 1180 290; x_wconf 81' lang='lat' dir='ltr'>Quae</span> <span class='ocrx_word' id='word_1_23' title='bbox 1216 251 1330 290; x_wconf 84' lang='lat' dir='ltr'>quum</span> <span class='ocrx_word' id='word_1_24' title='bbox 1365 246 1590 293; x_wconf 84' lang='lat' dir='ltr'>exponunt,</span> <span class='ocrx_word' id='word_1_25' title='bbox 1630 239 1775 280; x_wconf 82' lang='lat' dir='ltr'>nihilne</span> 
     </span>
    </p>
   </div>
   <div class='ocr_carea' id='block_1_5' title="bbox 223 308 1775 510">
    <p class='ocr_par' dir='ltr' id='par_1_5' title="bbox 223 308 1775 510">
     <span class='ocr_line' id='line_1_5' title="bbox 223 308 1775 366; baseline -0.001 -12"><span class='ocrx_word' id='word_1_26' title='bbox 223 315 289 354; x_wconf 89' lang='lat' dir='ltr'>tibi</span> <span class='ocrx_word' id='word_1_27' title='bbox 310 313 511 361; x_wconf 85' lang='lat' dir='ltr'>videntur,</span> <span class='ocrx_word' id='word_1_28' title='bbox 545 324 592 350; x_wconf 85' lang='lat' dir='ltr'>an</span> <span class='ocrx_word' id='word_1_29' title='bbox 617 310 758 363; x_wconf 86' lang='lat' dir='ltr'>aliquid</span> <span class='ocrx_word' id='word_1_30' title='bbox 785 309 941 350; x_wconf 82' lang='lat' dir='ltr'>dicere?</span> <span class='ocrx_word' id='word_1_31' title='bbox 998 309 1050 349; x_wconf 85' lang='lat' dir='ltr'>A.</span> <span class='ocrx_word' id='word_1_32' title='bbox 1083 308 1180 349; x_wconf 87' lang='lat' dir='ltr'>Mihi</span> <span class='ocrx_word' id='word_1_33' title='bbox 1207 323 1302 351; x_wconf 93' lang='lat' dir='ltr'>vero</span> <span class='ocrx_word' id='word_1_34' title='bbox 1326 310 1455 352; x_wconf 82' lang='lat' dir='ltr'>dicere</span> <span class='ocrx_word' id='word_1_35' title='bbox 1478 312 1635 366; x_wconf 80' lang='lat' dir='ltr'>aliquid.</span> <span class='ocrx_word' id='word_1_36' title='bbox 1697 311 1775 352; x_wconf 84' lang='lat' dir='ltr'>Ita-</span> 
     </span>
     <span class='ocr_line' id='line_1_6' title="bbox 223 382 862 441; baseline -0.008 -13"><span class='ocrx_word' id='word_1_37' title='bbox 223 400 296 441; x_wconf 87' lang='lat' dir='ltr'>que</span> <span class='ocrx_word' id='word_1_38' title='bbox 326 391 540 439; x_wconf 83' lang='lat' dir='ltr'>exspecto,</span> <span class='ocrx_word' id='word_1_39' title='bbox 574 383 663 437; x_wconf 87' lang='lat' dir='ltr'>quid</span> <span class='ocrx_word' id='word_1_40' title='bbox 695 383 740 422; x_wconf 83' lang='lat' dir='ltr'>ad</span> <span class='ocrx_word' id='word_1_41' title='bbox 772 382 862 423; x_wconf 88' lang='lat' dir='ltr'>ista.</span> 
     </span>
     <span class='ocr_line' id='line_1_7' title="bbox 328 455 1774 510; baseline -0.001 -12"><span class='ocrx_word' id='word_1_42' title='bbox 328 455 451 499; x_wconf 91' lang='lat' dir='ltr'><strong>XXI.</strong></span> <span class='ocrx_word' id='word_1_43' title='bbox 514 462 581 497; x_wconf 79' lang='lat'>47.</span> <span class='ocrx_word' id='word_1_44' title='bbox 626 455 690 497; x_wconf 89' lang='lat' dir='ltr'>M.</span> <span class='ocrx_word' id='word_1_45' title='bbox 721 455 932 510; x_wconf 82' lang='lat' dir='ltr'>Reperiam</span> <span class='ocrx_word' id='word_1_46' title='bbox 953 456 1143 507; x_wconf 69' lang='lat' dir='ltr'>fortasse,</span> <span class='ocrx_word' id='word_1_47' title='bbox 1188 456 1256 496; x_wconf 90' lang='lat' dir='ltr'>sed</span> <span class='ocrx_word' id='word_1_48' title='bbox 1291 456 1381 497; x_wconf 89' lang='lat' dir='ltr'>illud</span> <span class='ocrx_word' id='word_1_49' title='bbox 1416 464 1522 498; x_wconf 87' lang='lat' dir='ltr'>ante.</span> <span class='ocrx_word' id='word_1_50' title='bbox 1584 456 1774 508; x_wconf 83' lang='lat' dir='ltr'>Videsne,</span> 
     </span>
    </p>
   </div>
   <div class='ocr_carea' id='block_1_6' title="bbox 223 528 1777 586">
    <p class='ocr_par' dir='ltr' id='par_1_6' title="bbox 223 528 1777 586">
     <span class='ocr_line' id='line_1_8' title="bbox 223 528 1777 586; baseline -0.001 -14"><span class='ocrx_word' id='word_1_51' title='bbox 223 538 366 586; x_wconf 82' lang='lat' dir='ltr'>quanta</span> <span class='ocrx_word' id='word_1_52' title='bbox 391 529 505 570; x_wconf 82' lang='lat' dir='ltr'>suerit</span> <span class='ocrx_word' id='word_1_53' title='bbox 531 529 629 584; x_wconf 85' lang='lat' dir='ltr'>apud</span> <span class='ocrx_word' id='word_1_54' title='bbox 655 528 914 569; x_wconf 79' lang='lat' dir='ltr'>Academicos</span> <span class='ocrx_word' id='word_1_55' title='bbox 937 529 1200 570; x_wconf 84' lang='lat' dir='ltr'>verecundia?</span> <span class='ocrx_word' id='word_1_56' title='bbox 1230 530 1342 583; x_wconf 81' lang='lat' dir='ltr'>plane</span> <span class='ocrx_word' id='word_1_57' title='bbox 1365 530 1467 569; x_wconf 86' lang='lat' dir='ltr'>enim</span> <span class='ocrx_word' id='word_1_58' title='bbox 1489 530 1642 580; x_wconf 87' lang='lat' dir='ltr'>dicunt,</span> <span class='ocrx_word' id='word_1_59' title='bbox 1676 530 1777 583; x_wconf 87' lang='lat' dir='ltr'>quod</span> 
     </span>
    </p>
   </div>
   <div class='ocr_carea' id='block_1_7' title="bbox 222 600 1777 657">
    <p class='ocr_par' dir='ltr' id='par_1_7' title="bbox 222 600 1777 657">
     <span class='ocr_line' id='line_1_9' title="bbox 222 600 1777 657; baseline -0.001 -13"><span class='ocrx_word' id='word_1_60' title='bbox 222 605 269 644; x_wconf 86' lang='lat' dir='ltr'>ad</span> <span class='ocrx_word' id='word_1_61' title='bbox 289 617 371 644; x_wconf 89' lang='lat' dir='ltr'>rem</span> <span class='ocrx_word' id='word_1_62' title='bbox 396 603 601 657; x_wconf 73' lang='lat' dir='ltr'>pertineat.</span> <span class='ocrx_word' id='word_1_63' title='bbox 662 600 934 656; x_wconf 72' lang='lat' dir='ltr'>Peripateticis</span> <span class='ocrx_word' id='word_1_64' title='bbox 955 602 1213 657; x_wconf 88' lang='lat' dir='ltr'>respondetur</span> <span class='ocrx_word' id='word_1_65' title='bbox 1238 616 1259 641; x_wconf 86' lang='lat' dir='ltr'>a</span> <span class='ocrx_word' id='word_1_66' title='bbox 1281 601 1441 643; x_wconf 85' lang='lat' dir='ltr'>Stoicis.</span> <span class='ocrx_word' id='word_1_67' title='bbox 1504 602 1777 656; x_wconf 85' lang='lat' dir='ltr'>Digladientnr</span> 
     </span>
    </p>
   </div>
   <div class='ocr_carea' id='block_1_8' title="bbox 221 674 1776 731">
    <p class='ocr_par' dir='ltr' id='par_1_8' title="bbox 221 674 1776 731">
     <span class='ocr_line' id='line_1_10' title="bbox 221 674 1776 731; baseline -0.001 -14"><span class='ocrx_word' id='word_1_68' title='bbox 221 677 275 717; x_wconf 89' lang='lat' dir='ltr'>illi</span> <span class='ocrx_word' id='word_1_69' title='bbox 301 690 369 731; x_wconf 88' lang='lat' dir='ltr'>per</span> <span class='ocrx_word' id='word_1_70' title='bbox 393 690 452 716; x_wconf 82' lang='lat' dir='ltr'>me</span> <span class='ocrx_word' id='word_1_71' title='bbox 478 676 591 726; x_wconf 92' lang='lat' dir='ltr'>licet,</span> <span class='ocrx_word' id='word_1_72' title='bbox 625 675 684 715; x_wconf 85' lang='lat' dir='ltr'>cui</span> <span class='ocrx_word' id='word_1_73' title='bbox 713 675 807 716; x_wconf 89' lang='lat' dir='ltr'>nihil</span> <span class='ocrx_word' id='word_1_74' title='bbox 830 681 891 716; x_wconf 89' lang='lat' dir='ltr'>est</span> <span class='ocrx_word' id='word_1_75' title='bbox 918 688 1104 724; x_wconf 87' lang='lat' dir='ltr'>necesse,</span> <span class='ocrx_word' id='word_1_76' title='bbox 1149 674 1224 714; x_wconf 89' lang='lat' dir='ltr'>uisi</span> <span class='ocrx_word' id='word_1_77' title='bbox 1252 675 1315 716; x_wconf 89' lang='lat' dir='ltr'>ubi</span> <span class='ocrx_word' id='word_1_78' title='bbox 1342 675 1392 714; x_wconf 89' lang='lat' dir='ltr'>sit</span> <span class='ocrx_word' id='word_1_79' title='bbox 1416 675 1529 726; x_wconf 93' lang='lat' dir='ltr'>illud,</span> <span class='ocrx_word' id='word_1_80' title='bbox 1570 676 1669 729; x_wconf 92' lang='lat' dir='ltr'>quod</span> <span class='ocrx_word' id='word_1_81' title='bbox 1692 677 1776 716; x_wconf 89' lang='lat' dir='ltr'>veri</span> 
     </span>
    </p>
   </div>
   <div class='ocr_carea' id='block_1_9' title="bbox 221 746 1777 802">
    <p class='ocr_par' dir='ltr' id='par_1_9' title="bbox 221 746 1777 802">
     <span class='ocr_line' id='line_1_11' title="bbox 221 746 1777 802; baseline -0.001 -13"><span class='ocrx_word' id='word_1_82' title='bbox 221 749 456 790; x_wconf 84' lang='lat' dir='ltr'>simillimum</span> <span class='ocrx_word' id='word_1_83' title='bbox 478 748 675 799; x_wconf 79' lang='lat' dir='ltr'>videatur,</span> <span class='ocrx_word' id='word_1_84' title='bbox 710 748 916 801; x_wconf 81' lang='lat' dir='ltr'>anquirere</span> <span class='ocrx_word' id='word_1_85' title='bbox 934 750 969 787; x_wconf 85' lang='lat'>¹.</span> <span class='ocrx_word' id='word_1_86' title='bbox 1033 746 1135 800; x_wconf 80' lang='lat' dir='ltr'>Quid</span> <span class='ocrx_word' id='word_1_87' title='bbox 1156 755 1217 787; x_wconf 88' lang='lat' dir='ltr'>est</span> <span class='ocrx_word' id='word_1_88' title='bbox 1236 747 1376 801; x_wconf 84' lang='lat' dir='ltr'>igitur,</span> <span class='ocrx_word' id='word_1_89' title='bbox 1417 749 1516 802; x_wconf 88' lang='lat' dir='ltr'>quod</span> <span class='ocrx_word' id='word_1_90' title='bbox 1539 755 1719 789; x_wconf 86' lang='lat' dir='ltr'>occurrat</span> <span class='ocrx_word' id='word_1_91' title='bbox 1737 749 1777 788; x_wconf 88' lang='lat' dir='ltr'>in</span> 
     </span>
    </p>
   </div>
   <div class='ocr_carea' id='block_1_10' title="bbox 219 820 1779 1093">
    <p class='ocr_par' dir='ltr' id='par_1_10' title="bbox 219 820 1779 1093">
     <span class='ocr_line' id='line_1_12' title="bbox 220 820 1779 876; baseline -0.001 -14"><span class='ocrx_word' id='word_1_92' title='bbox 220 823 289 863; x_wconf 79' lang='lat' dir='ltr'>hac</span> <span class='ocrx_word' id='word_1_93' title='bbox 310 821 554 876; x_wconf 80' lang='lat' dir='ltr'>quaestione,</span> <span class='ocrx_word' id='word_1_94' title='bbox 587 821 607 845; x_wconf 72' lang='lat'>&#39;⁴‘</span> <span class='ocrx_word' id='word_1_95' title='bbox 622 821 755 874; x_wconf 74' lang='lat' dir='ltr'>quo*2</span> <span class='ocrx_word' id='word_1_96' title='bbox 786 821 907 875; x_wconf 84' lang='lat' dir='ltr'>possit</span> <span class='ocrx_word' id='word_1_97' title='bbox 927 820 1062 874; x_wconf 73' lang='lat' dir='ltr'>attingi</span> <span class='ocrx_word' id='word_1_98' title='bbox 1082 821 1222 874; x_wconf 87' lang='lat' dir='ltr'>aliquid</span> <span class='ocrx_word' id='word_1_99' title='bbox 1248 821 1330 862; x_wconf 88' lang='lat' dir='ltr'>veri</span> <span class='ocrx_word' id='word_1_100' title='bbox 1350 822 1502 861; x_wconf 84' lang='lat' dir='ltr'>simile?</span> <span class='ocrx_word' id='word_1_101' title='bbox 1532 836 1606 875; x_wconf 90' lang='lat' dir='ltr'>quo</span> <span class='ocrx_word' id='word_1_102' title='bbox 1626 821 1779 874; x_wconf 87' lang='lat' dir='ltr'>longius</span> 
     </span>
     <span class='ocr_line' id='line_1_13' title="bbox 220 892 1776 948; baseline -0.001 -13"><span class='ocrx_word' id='word_1_103' title='bbox 220 910 329 936; x_wconf 88' lang='lat' dir='ltr'>mens</span> <span class='ocrx_word' id='word_1_104' title='bbox 351 895 517 934; x_wconf 83' lang='lat' dir='ltr'>humana</span> <span class='ocrx_word' id='word_1_105' title='bbox 537 893 717 948; x_wconf 83' lang='lat' dir='ltr'>progredi</span> <span class='ocrx_word' id='word_1_106' title='bbox 736 907 811 933; x_wconf 94' lang='lat' dir='ltr'>uou</span> <span class='ocrx_word' id='word_1_107' title='bbox 830 900 972 947; x_wconf 83' lang='lat' dir='ltr'>potest..</span> <span class='ocrx_word' id='word_1_108' title='bbox 1025 892 1210 933; x_wconf 80' lang='lat' dir='ltr'>Definitio</span> <span class='ocrx_word' id='word_1_109' title='bbox 1230 894 1545 948; x_wconf 76' lang='lat' dir='ltr'>perturbationis,</span> <span class='ocrx_word' id='word_1_110' title='bbox 1579 909 1652 948; x_wconf 82' lang='lat' dir='ltr'>qua</span> <span class='ocrx_word' id='word_1_111' title='bbox 1670 901 1776 933; x_wconf 87' lang='lat' dir='ltr'>recte</span> 
     </span>
     <span class='ocr_line' id='line_1_14' title="bbox 221 965 1778 1021; baseline -0.001 -13"><span class='ocrx_word' id='word_1_112' title='bbox 221 967 424 1008; x_wconf 86' lang='lat' dir='ltr'>Zenonem</span> <span class='ocrx_word' id='word_1_113' title='bbox 452 981 562 1007; x_wconf 83' lang='lat' dir='ltr'>usum</span> <span class='ocrx_word' id='word_1_114' title='bbox 590 973 703 1021; x_wconf 70' lang='lat' dir='ltr'>puto,</span> <span class='ocrx_word' id='word_1_115' title='bbox 736 966 788 1005; x_wconf 84' lang='lat' dir='ltr'>ita</span> <span class='ocrx_word' id='word_1_116' title='bbox 815 966 916 1005; x_wconf 86' lang='lat' dir='ltr'>euim</span> <span class='ocrx_word' id='word_1_117' title='bbox 943 965 1096 1015; x_wconf 85' lang='lat' dir='ltr'>definit,</span> <span class='ocrx_word' id='word_1_118' title='bbox 1132 973 1171 1005; x_wconf 91' lang='lat' dir='ltr'>ut</span> <span class='ocrx_word' id='word_1_119' title='bbox 1191 967 1467 1019; x_wconf 69' lang='lat' dir='ltr'>perturbatio</span> <span class='ocrx_word' id='word_1_120' title='bbox 1488 968 1541 1007; x_wconf 79' lang='lat' dir='ltr'>sit</span> <span class='ocrx_word' id='word_1_121' title='bbox 1566 979 1723 1007; x_wconf 66' lang='lat' dir='ltr'>cinerati</span> <span class='ocrx_word' id='word_1_122' title='bbox 1750 981 1778 1007; x_wconf 78' lang='lat' dir='ltr'><em>a</em></span> 
     </span>
     <span class='ocr_line' id='line_1_15' title="bbox 219 1038 1777 1093; baseline -0.001 -12"><span class='ocrx_word' id='word_1_123' title='bbox 219 1041 422 1081; x_wconf 66' lang='lat' dir='ltr'>‘ratione-⁹²</span> <span class='ocrx_word' id='word_1_124' title='bbox 450 1044 605 1080; x_wconf 75' lang='lat' dir='ltr'>contra</span> <span class='ocrx_word' id='word_1_125' title='bbox 626 1044 828 1079; x_wconf 76' lang='lat' dir='ltr'>naturam</span> <span class='ocrx_word' id='word_1_126' title='bbox 860 1039 992 1078; x_wconf 77' lang='grc' dir='ltr'>αηίηῑί</span> <span class='ocrx_word' id='word_1_127' title='bbox 1013 1040 1262 1090; x_wconf 78' lang='lat' dir='ltr'>commotio,</span> <span class='ocrx_word' id='word_1_128' title='bbox 1291 1039 1355 1080; x_wconf 91' lang='lat' dir='ltr'>vel</span> <span class='ocrx_word' id='word_1_129' title='bbox 1393 1038 1574 1090; x_wconf 83' lang='lat' dir='ltr'>brevius,</span> <span class='ocrx_word' id='word_1_130' title='bbox 1618 1046 1777 1093; x_wconf 75' lang='lat' dir='ltr'>utper-</span> 
     </span>
    </p>
   </div>
   <div class='ocr_carea' id='block_1_11' title="bbox 217 1148 1777 1639">
    <p class='ocr_par' dir='ltr' id='par_1_11' title="bbox 217 1148 1777 1639">
     <span class='ocr_line' id='line_1_16' title="bbox 307 1148 1776 1194; baseline 0.001 -12"><span class='ocrx_word' id='word_1_131' title='bbox 307 1148 328 1183; x_wconf 86' lang='grc'>6</span> <span class='ocrx_word' id='word_1_132' title='bbox 352 1149 406 1183; x_wconf 88' lang='lat' dir='ltr'>Sic</span> <span class='ocrx_word' id='word_1_133' title='bbox 429 1153 483 1182; x_wconf 98' lang='lat' dir='ltr'>Or.</span> <span class='ocrx_word' id='word_1_134' title='bbox 507 1163 534 1182; x_wconf 85' lang='lat' dir='ltr'>c.</span> <span class='ocrx_word' id='word_1_135' title='bbox 560 1149 710 1183; x_wconf 89' lang='lat' dir='ltr'>omnibus</span> <span class='ocrx_word' id='word_1_136' title='bbox 736 1151 806 1182; x_wconf 87' lang='lat' dir='ltr'>fere</span> <span class='ocrx_word' id='word_1_137' title='bbox 834 1149 953 1190; x_wconf 85' lang='lat' dir='ltr'>cod‹l.‚</span> <span class='ocrx_word' id='word_1_138' title='bbox 979 1149 1078 1182; x_wconf 87' lang='lat' dir='ltr'>etiam</span> <span class='ocrx_word' id='word_1_139' title='bbox 1100 1151 1137 1182; x_wconf 88' lang='lat' dir='ltr'>R.</span> <span class='ocrx_word' id='word_1_140' title='bbox 1161 1151 1198 1182; x_wconf 90' lang='lat' dir='ltr'>P.</span> <span class='ocrx_word' id='word_1_141' title='bbox 1223 1151 1308 1184; x_wconf 91' lang='lat' dir='ltr'>Gud.</span> <span class='ocrx_word' id='word_1_142' title='bbox 1325 1151 1353 1183; x_wconf 91' lang='lat'>1.</span> <span class='ocrx_word' id='word_1_143' title='bbox 1375 1152 1482 1190; x_wconf 79' lang='lat' dir='ltr'>11.b.;</span> <span class='ocrx_word' id='word_1_144' title='bbox 1508 1151 1603 1194; x_wconf 89' lang='lat' dir='ltr'>pauci</span> <span class='ocrx_word' id='word_1_145' title='bbox 1626 1151 1776 1184; x_wconf 86' lang='lat' dir='ltr'>deterio-</span> 
     </span>
     <span class='ocr_line' id='line_1_17' title="bbox 218 1195 1777 1238; baseline 0 -10"><span class='ocrx_word' id='word_1_146' title='bbox 218 1208 270 1228; x_wconf 78' lang='lat' dir='ltr'>res</span> <span class='ocrx_word' id='word_1_147' title='bbox 294 1196 392 1228; x_wconf 87' lang='lat' dir='ltr'>codd.</span> <span class='ocrx_word' id='word_1_148' title='bbox 415 1202 447 1227; x_wconf 88' lang='lat' dir='ltr'>et</span> <span class='ocrx_word' id='word_1_149' title='bbox 470 1196 546 1227; x_wconf 85' lang='lat' dir='ltr'>edd.</span> <span class='ocrx_word' id='word_1_150' title='bbox 570 1202 650 1227; x_wconf 87' lang='lat' dir='ltr'>vett.</span> <span class='ocrx_word' id='word_1_151' title='bbox 673 1200 727 1228; x_wconf 83' lang='lat' dir='ltr'>ut:</span> <span class='ocrx_word' id='word_1_152' title='bbox 751 1195 841 1238; x_wconf 89' lang='lat' dir='ltr'>quod</span> <span class='ocrx_word' id='word_1_153' title='bbox 864 1195 890 1226; x_wconf 88' lang='lat' dir='ltr'>si</span> <span class='ocrx_word' id='word_1_154' title='bbox 912 1195 1036 1227; x_wconf 79' lang='lat' dir='ltr'>maiore</span> <span class='ocrx_word' id='word_1_155' title='bbox 1061 1195 1159 1227; x_wconf 90' lang='lat' dir='ltr'>codd.</span> <span class='ocrx_word' id='word_1_156' title='bbox 1181 1197 1377 1228; x_wconf 76' lang='lat' dir='ltr'>auctoritate</span> <span class='ocrx_word' id='word_1_157' title='bbox 1398 1196 1577 1235; x_wconf 85' lang='lat' dir='ltr'>niteretur,</span> <span class='ocrx_word' id='word_1_158' title='bbox 1602 1197 1777 1238; x_wconf 84' lang='lat' dir='ltr'>probarem</span> 
     </span>
     <span class='ocr_line' id='line_1_18' title="bbox 220 1239 1775 1284; baseline 0 -12"><span class='ocrx_word' id='word_1_159' title='bbox 220 1253 246 1272; x_wconf 88' lang='lat' dir='ltr'>c.</span> <span class='ocrx_word' id='word_1_160' title='bbox 275 1243 434 1281; x_wconf 74' lang='lat' dir='ltr'>Wopkens.</span> <span class='ocrx_word' id='word_1_161' title='bbox 455 1242 493 1272; x_wconf 89' lang='lat' dir='ltr'>L.</span> <span class='ocrx_word' id='word_1_162' title='bbox 514 1242 554 1272; x_wconf 93' lang='lat' dir='ltr'>T.</span> <span class='ocrx_word' id='word_1_163' title='bbox 579 1252 610 1283; x_wconf 89' lang='lat' dir='ltr'>p.</span> <span class='ocrx_word' id='word_1_164' title='bbox 640 1239 733 1279; x_wconf 66' lang='lat'>132,</span> <span class='ocrx_word' id='word_1_165' title='bbox 769 1240 823 1283; x_wconf 88' lang='lat' dir='ltr'>qui</span> <span class='ocrx_word' id='word_1_166' title='bbox 855 1240 940 1272; x_wconf 88' lang='lat' dir='ltr'>bene</span> <span class='ocrx_word' id='word_1_167' title='bbox 963 1240 1065 1272; x_wconf 84' lang='lat' dir='ltr'>multa</span> <span class='ocrx_word' id='word_1_168' title='bbox 1090 1252 1107 1271; x_wconf 88' lang='lat' dir='ltr'>e</span> <span class='ocrx_word' id='word_1_169' title='bbox 1131 1240 1289 1273; x_wconf 81' lang='lat' dir='ltr'>Cicerone</span> <span class='ocrx_word' id='word_1_170' title='bbox 1312 1241 1461 1284; x_wconf 82' lang='lat' dir='ltr'>exempla</span> <span class='ocrx_word' id='word_1_171' title='bbox 1485 1242 1706 1284; x_wconf 79' lang='lat' dir='ltr'>comparavit,</span> <span class='ocrx_word' id='word_1_172' title='bbox 1741 1242 1775 1272; x_wconf 87' lang='lat' dir='ltr'>iu</span> 
     </span>
     <span class='ocr_line' id='line_1_19' title="bbox 219 1285 1774 1328; baseline 0.001 -12"><span class='ocrx_word' id='word_1_173' title='bbox 219 1285 336 1328; x_wconf 88' lang='lat' dir='ltr'>quibus</span> <span class='ocrx_word' id='word_1_174' title='bbox 363 1285 432 1328; x_wconf 87' lang='lat' dir='ltr'>pari</span> <span class='ocrx_word' id='word_1_175' title='bbox 461 1285 562 1317; x_wconf 90' lang='lat' dir='ltr'>modo</span> <span class='ocrx_word' id='word_1_176' title='bbox 587 1285 846 1316; x_wconf 85' lang='lat' dir='ltr'>enuntiationem</span> <span class='ocrx_word' id='word_1_177' title='bbox 870 1285 1114 1317; x_wconf 81' lang='lat' dir='ltr'>consecutivam</span> <span class='ocrx_word' id='word_1_178' title='bbox 1146 1285 1249 1317; x_wconf 80' lang='lat' dir='ltr'>altera</span> <span class='ocrx_word' id='word_1_179' title='bbox 1273 1286 1457 1318; x_wconf 80' lang='lat' dir='ltr'>enuntiatio</span> <span class='ocrx_word' id='word_1_180' title='bbox 1489 1287 1695 1318; x_wconf 85' lang='lat' dir='ltr'>consecutiva</span> <span class='ocrx_word' id='word_1_181' title='bbox 1718 1298 1774 1318; x_wconf 86' lang='lat' dir='ltr'>se-</span> 
     </span>
     <span class='ocr_line' id='line_1_20' title="bbox 220 1328 1777 1373; baseline 0.001 -12"><span class='ocrx_word' id='word_1_182' title='bbox 220 1330 349 1373; x_wconf 87' lang='lat' dir='ltr'>quitur,</span> <span class='ocrx_word' id='word_1_183' title='bbox 376 1337 413 1361; x_wconf 86' lang='lat' dir='ltr'>ut</span> <span class='ocrx_word' id='word_1_184' title='bbox 434 1330 534 1361; x_wconf 75' lang='lat' dir='ltr'>Acad.</span> <span class='ocrx_word' id='word_1_185' title='bbox 561 1332 582 1361; x_wconf 91' lang='lat' dir='ltr'>l.</span> <span class='ocrx_word' id='word_1_186' title='bbox 601 1328 633 1362; x_wconf 90' lang='grc'>7.</span> <span class='ocrx_word' id='word_1_187' title='bbox 657 1337 689 1361; x_wconf 86' lang='lat' dir='ltr'>et</span> <span class='ocrx_word' id='word_1_188' title='bbox 711 1329 760 1361; x_wconf 83' lang='grc'><strong>13.</strong></span> <span class='ocrx_word' id='word_1_189' title='bbox 790 1331 828 1360; x_wconf 89' lang='grc' dir='ltr'>ΙΙ.</span> <span class='ocrx_word' id='word_1_190' title='bbox 844 1329 894 1361; x_wconf 81' lang='grc'><strong>15.</strong></span> <span class='ocrx_word' id='word_1_191' title='bbox 917 1330 990 1361; x_wconf 82' lang='lat' dir='ltr'>alia.</span> <span class='ocrx_word' id='word_1_192' title='bbox 1037 1332 1075 1362; x_wconf 93' lang='lat' dir='ltr'>V.</span> <span class='ocrx_word' id='word_1_193' title='bbox 1103 1340 1160 1361; x_wconf 88' lang='lat' dir='ltr'>nos</span> <span class='ocrx_word' id='word_1_194' title='bbox 1183 1330 1225 1361; x_wconf 82' lang='lat' dir='ltr'>ad</span> <span class='ocrx_word' id='word_1_195' title='bbox 1248 1333 1271 1362; x_wconf 91' lang='grc' dir='ltr'>Ι.</span> <span class='ocrx_word' id='word_1_196' title='bbox 1289 1330 1340 1369; x_wconf 87' lang='grc'><strong>17,</strong></span> <span class='ocrx_word' id='word_1_197' title='bbox 1365 1330 1418 1362; x_wconf 70' lang='lat'>40.</span> <span class='ocrx_word' id='word_1_198' title='bbox 1466 1333 1566 1363; x_wconf 88' lang='lat' dir='ltr'>XXI.</span> <span class='ocrx_word' id='word_1_199' title='bbox 1609 1332 1623 1363; x_wconf 91' lang='grc'><strong>1</strong></span> <span class='ocrx_word' id='word_1_200' title='bbox 1652 1332 1706 1363; x_wconf 83' lang='lat' dir='ltr'>Sic</span> <span class='ocrx_word' id='word_1_201' title='bbox 1723 1333 1777 1363; x_wconf 90' lang='lat' dir='ltr'>Or.</span> 
     </span>
     <span class='ocr_line' id='line_1_21' title="bbox 220 1374 1776 1417; baseline 0 -11"><span class='ocrx_word' id='word_1_202' title='bbox 220 1387 247 1407; x_wconf 88' lang='lat' dir='ltr'>c.</span> <span class='ocrx_word' id='word_1_203' title='bbox 273 1375 404 1417; x_wconf 87' lang='lat' dir='ltr'>optimis</span> <span class='ocrx_word' id='word_1_204' title='bbox 425 1374 535 1412; x_wconf 63' lang='lat' dir='ltr'>codd„</span> <span class='ocrx_word' id='word_1_205' title='bbox 560 1381 595 1405; x_wconf 90' lang='lat' dir='ltr'>ut</span> <span class='ocrx_word' id='word_1_206' title='bbox 609 1375 734 1406; x_wconf 80' lang='lat' dir='ltr'>Vat.R.</span> <span class='ocrx_word' id='word_1_207' title='bbox 752 1376 784 1405; x_wconf 92' lang='lat' dir='ltr'>P.</span> <span class='ocrx_word' id='word_1_208' title='bbox 809 1374 894 1405; x_wconf 89' lang='lat' dir='ltr'>Gud.</span> <span class='ocrx_word' id='word_1_209' title='bbox 913 1374 940 1405; x_wconf 91' lang='lat'>1.</span> <span class='ocrx_word' id='word_1_210' title='bbox 969 1376 1038 1413; x_wconf 90' lang='lat' dir='ltr'>Gr.‚</span> <span class='ocrx_word' id='word_1_211' title='bbox 1065 1374 1219 1417; x_wconf 79' lang='lat' dir='ltr'>aliisque3</span> <span class='ocrx_word' id='word_1_212' title='bbox 1245 1379 1398 1415; x_wconf 77' lang='lat' dir='ltr'>inquirere</span> <span class='ocrx_word' id='word_1_213' title='bbox 1423 1375 1614 1408; x_wconf 88' lang='lat' dir='ltr'>deteriores.</span> <span class='ocrx_word' id='word_1_214' title='bbox 1639 1378 1677 1407; x_wconf 92' lang='lat' dir='ltr'>V.</span> <span class='ocrx_word' id='word_1_215' title='bbox 1692 1376 1776 1407; x_wconf 87' lang='lat' dir='ltr'>Adu.</span> 
     </span>
     <span class='ocr_line' id='line_1_22' title="bbox 217 1418 1776 1462; baseline 0.001 -13"><span class='ocrx_word' id='word_1_216' title='bbox 217 1419 239 1450; x_wconf 82' lang='lat'><strong>2</strong></span> <span class='ocrx_word' id='word_1_217' title='bbox 263 1419 317 1450; x_wconf 87' lang='lat' dir='ltr'>Sic</span> <span class='ocrx_word' id='word_1_218' title='bbox 338 1419 421 1450; x_wconf 84' lang='lat' dir='ltr'>coni.</span> <span class='ocrx_word' id='word_1_219' title='bbox 447 1419 549 1450; x_wconf 88' lang='lat' dir='ltr'>Bouh.</span> <span class='ocrx_word' id='word_1_220' title='bbox 572 1430 632 1460; x_wconf 84' lang='lat' dir='ltr'>pro</span> <span class='ocrx_word' id='word_1_221' title='bbox 656 1418 744 1460; x_wconf 85' lang='lat' dir='ltr'>vulg.</span> <span class='ocrx_word' id='word_1_222' title='bbox 763 1429 776 1450; x_wconf 91' lang='lat' dir='ltr'>e</span> <span class='ocrx_word' id='word_1_223' title='bbox 800 1429 882 1458; x_wconf 81' lang='lat' dir='ltr'>qua;</span> <span class='ocrx_word' id='word_1_224' title='bbox 916 1419 963 1450; x_wconf 91' lang='lat' dir='ltr'>M.</span> <span class='ocrx_word' id='word_1_225' title='bbox 984 1429 998 1451; x_wconf 90' lang='lat' dir='ltr'>e</span> <span class='ocrx_word' id='word_1_226' title='bbox 1017 1430 1086 1459; x_wconf 80' lang='lat' dir='ltr'>quo.</span> <span class='ocrx_word' id='word_1_227' title='bbox 1136 1419 1218 1450; x_wconf 90' lang='lat' dir='ltr'>lllud</span> <span class='ocrx_word' id='word_1_228' title='bbox 1250 1430 1264 1451; x_wconf 90' lang='lat' dir='ltr'>e</span> <span class='ocrx_word' id='word_1_229' title='bbox 1288 1432 1326 1451; x_wconf 86' lang='lat' dir='ltr'>ex</span> <span class='ocrx_word' id='word_1_230' title='bbox 1348 1421 1488 1462; x_wconf 79' lang='lat' dir='ltr'>repetita</span> <span class='ocrx_word' id='word_1_231' title='bbox 1522 1420 1634 1452; x_wconf 85' lang='lat' dir='ltr'>ultima</span> <span class='ocrx_word' id='word_1_232' title='bbox 1666 1421 1776 1452; x_wconf 84' lang='lat' dir='ltr'>littera</span> 
     </span>
     <span class='ocr_line' id='line_1_23' title="bbox 218 1462 1774 1508; baseline 0.002 -14"><span class='ocrx_word' id='word_1_233' title='bbox 218 1463 444 1495; x_wconf 78' lang='lat' dir='ltr'>antecedentis</span> <span class='ocrx_word' id='word_1_234' title='bbox 465 1465 639 1503; x_wconf 78' lang='lat' dir='ltr'>quaestione</span> <span class='ocrx_word' id='word_1_235' title='bbox 661 1470 769 1494; x_wconf 87' lang='lat' dir='ltr'>ortum</span> <span class='ocrx_word' id='word_1_236' title='bbox 793 1470 852 1494; x_wconf 80' lang='lat' dir='ltr'>est.</span> <span class='ocrx_word' id='word_1_237' title='bbox 898 1462 919 1495; x_wconf 84' lang='lat'><strong>3</strong></span> <span class='ocrx_word' id='word_1_238' title='bbox 944 1463 998 1494; x_wconf 87' lang='lat' dir='ltr'>Sic</span> <span class='ocrx_word' id='word_1_239' title='bbox 1020 1466 1073 1494; x_wconf 91' lang='lat' dir='ltr'>Or.</span> <span class='ocrx_word' id='word_1_240' title='bbox 1099 1475 1125 1496; x_wconf 87' lang='lat' dir='ltr'>e.</span> <span class='ocrx_word' id='word_1_241' title='bbox 1151 1464 1206 1496; x_wconf 88' lang='lat' dir='ltr'>Gr.</span> <span class='ocrx_word' id='word_1_242' title='bbox 1227 1465 1319 1496; x_wconf 89' lang='lat' dir='ltr'>Mon.</span> <span class='ocrx_word' id='word_1_243' title='bbox 1339 1465 1367 1496; x_wconf 87' lang='lat'>1.</span> <span class='ocrx_word' id='word_1_244' title='bbox 1392 1465 1503 1496; x_wconf 80' lang='lat' dir='ltr'>Duisb.</span> <span class='ocrx_word' id='word_1_245' title='bbox 1526 1466 1558 1496; x_wconf 91' lang='lat' dir='ltr'>b.</span> <span class='ocrx_word' id='word_1_246' title='bbox 1584 1466 1649 1508; x_wconf 62' lang='lat' dir='ltr'>(hic</span> <span class='ocrx_word' id='word_1_247' title='bbox 1670 1478 1688 1496; x_wconf 76' lang='lat' dir='ltr'>a</span> <span class='ocrx_word' id='word_1_248' title='bbox 1709 1477 1774 1497; x_wconf 84' lang='lat' dir='ltr'>sec.</span> 
     </span>
     <span class='ocr_line' id='line_1_24' title="bbox 219 1507 1773 1552; baseline 0.001 -13"><span class='ocrx_word' id='word_1_249' title='bbox 219 1509 276 1548; x_wconf 82' lang='lat' dir='ltr'>m.)</span> <span class='ocrx_word' id='word_1_250' title='bbox 315 1508 405 1539; x_wconf 83' lang='lat' dir='ltr'>Med.</span> <span class='ocrx_word' id='word_1_251' title='bbox 429 1507 563 1539; x_wconf 69' lang='lat' dir='ltr'>Maliaci</span> <span class='ocrx_word' id='word_1_252' title='bbox 598 1507 672 1538; x_wconf 87' lang='lat' dir='ltr'>cod.</span> <span class='ocrx_word' id='word_1_253' title='bbox 697 1507 751 1538; x_wconf 88' lang='lat' dir='ltr'>ed.</span> <span class='ocrx_word' id='word_1_254' title='bbox 776 1508 813 1538; x_wconf 91' lang='lat' dir='ltr'>L.</span> <span class='ocrx_word' id='word_1_255' title='bbox 839 1507 889 1538; x_wconf 91' lang='lat' dir='ltr'>ed.</span> <span class='ocrx_word' id='word_1_256' title='bbox 916 1515 982 1538; x_wconf 84' lang='lat' dir='ltr'>vet.</span> <span class='ocrx_word' id='word_1_257' title='bbox 1008 1508 1129 1545; x_wconf 81' lang='lat' dir='ltr'>Bouh.;</span> <span class='ocrx_word' id='word_1_258' title='bbox 1166 1509 1203 1539; x_wconf 82' lang='lat' dir='ltr'>R.</span> <span class='ocrx_word' id='word_1_259' title='bbox 1227 1510 1262 1540; x_wconf 92' lang='lat' dir='ltr'>P.</span> <span class='ocrx_word' id='word_1_260' title='bbox 1293 1509 1377 1540; x_wconf 87' lang='lat' dir='ltr'>Gud.</span> <span class='ocrx_word' id='word_1_261' title='bbox 1408 1509 1435 1541; x_wconf 91' lang='lat'>1.</span> <span class='ocrx_word' id='word_1_262' title='bbox 1460 1511 1503 1541; x_wconf 90' lang='lat' dir='ltr'>II.</span> <span class='ocrx_word' id='word_1_263' title='bbox 1526 1510 1558 1541; x_wconf 92' lang='lat' dir='ltr'>b.</span> <span class='ocrx_word' id='word_1_264' title='bbox 1596 1512 1626 1552; x_wconf 82' lang='lat' dir='ltr'>(a</span> <span class='ocrx_word' id='word_1_265' title='bbox 1646 1521 1695 1552; x_wconf 86' lang='lat' dir='ltr'>pr.</span> <span class='ocrx_word' id='word_1_266' title='bbox 1717 1510 1773 1548; x_wconf 72' lang='lat' dir='ltr'>m.)</span> 
     </span>
     <span class='ocr_line' id='line_1_25' title="bbox 218 1552 1776 1597; baseline 0.002 -14"><span class='ocrx_word' id='word_1_267' title='bbox 218 1552 325 1584; x_wconf 78' lang='lat' dir='ltr'>Marb.</span> <span class='ocrx_word' id='word_1_268' title='bbox 354 1564 434 1583; x_wconf 84' lang='lat' dir='ltr'>unus</span> <span class='ocrx_word' id='word_1_269' title='bbox 461 1555 519 1583; x_wconf 87' lang='lat' dir='ltr'>Ox.</span> <span class='ocrx_word' id='word_1_270' title='bbox 546 1562 657 1584; x_wconf 80' lang='lat' dir='ltr'>aversa</span> <span class='ocrx_word' id='word_1_271' title='bbox 678 1555 818 1591; x_wconf 72' lang='lat' dir='ltr'>ratione5</span> <span class='ocrx_word' id='word_1_272' title='bbox 853 1552 896 1583; x_wconf 90' lang='lat' dir='ltr'>de</span> <span class='ocrx_word' id='word_1_273' title='bbox 916 1563 936 1583; x_wconf 85' lang='lat' dir='ltr'><em>a</em></span> <span class='ocrx_word' id='word_1_274' title='bbox 954 1559 1030 1594; x_wconf 85' lang='lat' dir='ltr'>post</span> <span class='ocrx_word' id='word_1_275' title='bbox 1051 1564 1070 1584; x_wconf 84' lang='lat' dir='ltr'><em>a</em></span> <span class='ocrx_word' id='word_1_276' title='bbox 1094 1553 1214 1584; x_wconf 83' lang='lat' dir='ltr'>omisso</span> <span class='ocrx_word' id='word_1_277' title='bbox 1239 1566 1268 1584; x_wconf 91' lang='lat' dir='ltr'>v.</span> <span class='ocrx_word' id='word_1_278' title='bbox 1289 1554 1331 1585; x_wconf 86' lang='lat' dir='ltr'>ad</span> <span class='ocrx_word' id='word_1_279' title='bbox 1358 1556 1382 1584; x_wconf 93' lang='grc' dir='ltr'>Ι.</span> <span class='ocrx_word' id='word_1_280' title='bbox 1407 1554 1469 1592; x_wconf 79' lang='grc'>23,</span> <span class='ocrx_word' id='word_1_281' title='bbox 1495 1553 1557 1586; x_wconf 75' lang='lat'>54:</span> <span class='ocrx_word' id='word_1_282' title='bbox 1592 1565 1657 1597; x_wconf 87' lang='lat' dir='ltr'>qua</span> <span class='ocrx_word' id='word_1_283' title='bbox 1685 1564 1705 1585; x_wconf 87' lang='lat' dir='ltr'><em>a</em></span> <span class='ocrx_word' id='word_1_284' title='bbox 1728 1566 1776 1597; x_wconf 88' lang='lat' dir='ltr'>pr.</span> 
     </span>
     <span class='ocr_line' id='line_1_26' title="bbox 220 1596 1684 1639; baseline 0.001 -11"><span class='ocrx_word' id='word_1_285' title='bbox 220 1604 253 1628; x_wconf 88' lang='lat' dir='ltr'>et</span> <span class='ocrx_word' id='word_1_286' title='bbox 279 1599 355 1629; x_wconf 88' lang='lat' dir='ltr'>Wes.</span> <span class='ocrx_word' id='word_1_287' title='bbox 383 1599 452 1628; x_wconf 89' lang='lat' dir='ltr'>Em.</span> <span class='ocrx_word' id='word_1_288' title='bbox 481 1598 535 1628; x_wconf 86' lang='lat'>111.</span> <span class='ocrx_word' id='word_1_289' title='bbox 560 1608 592 1639; x_wconf 91' lang='lat' dir='ltr'>p.</span> <span class='ocrx_word' id='word_1_290' title='bbox 608 1596 683 1635; x_wconf 64' lang='lat'>2&amp;.;</span> <span class='ocrx_word' id='word_1_291' title='bbox 709 1596 826 1639; x_wconf 86' lang='lat' dir='ltr'>reliqui</span> <span class='ocrx_word' id='word_1_292' title='bbox 851 1599 984 1629; x_wconf 77' lang='lat' dir='ltr'>adversa</span> <span class='ocrx_word' id='word_1_293' title='bbox 1006 1600 1135 1630; x_wconf 76' lang='lat' dir='ltr'>ratione.</span> <span class='ocrx_word' id='word_1_294' title='bbox 1182 1599 1220 1629; x_wconf 90' lang='lat' dir='ltr'>V.</span> <span class='ocrx_word' id='word_1_295' title='bbox 1245 1598 1287 1629; x_wconf 78' lang='lat' dir='ltr'>ad</span> <span class='ocrx_word' id='word_1_296' title='bbox 1308 1610 1335 1630; x_wconf 89' lang='lat' dir='ltr'>c.</span> <span class='ocrx_word' id='word_1_297' title='bbox 1357 1596 1395 1638; x_wconf 88' lang='grc'>6,</span> <span class='ocrx_word' id='word_1_298' title='bbox 1426 1598 1475 1630; x_wconf 80' lang='lat'>12.</span> <span class='ocrx_word' id='word_1_299' title='bbox 1496 1598 1530 1630; x_wconf 88' lang='lat' dir='ltr'>in</span> <span class='ocrx_word' id='word_1_300' title='bbox 1553 1600 1591 1631; x_wconf 88' lang='lat' dir='ltr'>V.</span> <span class='ocrx_word' id='word_1_301' title='bbox 1614 1601 1684 1631; x_wconf 88' lang='lat' dir='ltr'>Ser.</span> 
     </span>
    </p>
   </div>
   <div class='ocr_carea' id='block_1_12' title="bbox 219 1674 1774 1854">
    <p class='ocr_par' dir='ltr' id='par_1_12' title="bbox 283 1674 1774 1765">
     <span class='ocr_line' id='line_1_27' title="bbox 285 1674 1774 1720; baseline 0.003 -14"><span class='ocrx_word' id='word_1_302' title='bbox 285 1677 504 1707; x_wconf 78' lang='lat' dir='ltr'>nihilne—an</span> <span class='ocrx_word' id='word_1_303' title='bbox 524 1675 660 1717; x_wconf 79' lang='lat' dir='ltr'>aliquid]</span> <span class='ocrx_word' id='word_1_304' title='bbox 685 1676 724 1707; x_wconf 91' lang='lat' dir='ltr'>V.</span> <span class='ocrx_word' id='word_1_305' title='bbox 748 1674 789 1705; x_wconf 85' lang='lat' dir='ltr'>ad</span> <span class='ocrx_word' id='word_1_306' title='bbox 811 1674 908 1712; x_wconf 77' lang='lat'>111.8‚</span> <span class='ocrx_word' id='word_1_307' title='bbox 927 1674 977 1707; x_wconf 68' lang='lat'>18.</span> <span class='ocrx_word' id='word_1_308' title='bbox 1012 1675 1154 1707; x_wconf 88' lang='lat' dir='ltr'>siderum</span> <span class='ocrx_word' id='word_1_309' title='bbox 1179 1688 1288 1708; x_wconf 85' lang='lat' dir='ltr'>cursus</span> <span class='ocrx_word' id='word_1_310' title='bbox 1313 1676 1557 1720; x_wconf 72' lang='lat' dir='ltr'>anqtiirebatur.</span> <span class='ocrx_word' id='word_1_311' title='bbox 1605 1679 1709 1720; x_wconf 80' lang='lat' dir='ltr'>Supra</span> <span class='ocrx_word' id='word_1_312' title='bbox 1733 1679 1774 1710; x_wconf 87' lang='lat' dir='ltr'>ll.</span> 
     </span>
     <span class='ocr_line' id='line_1_28' title="bbox 283 1718 1672 1765; baseline 0.002 -14"><span class='ocrx_word' id='word_1_313' title='bbox 283 1724 440 1759; x_wconf 80' lang='lat' dir='ltr'>exspecto,</span> <span class='ocrx_word' id='word_1_314' title='bbox 476 1722 551 1759; x_wconf 83' lang='lat' dir='ltr'>quid</span> <span class='ocrx_word' id='word_1_315' title='bbox 572 1721 613 1751; x_wconf 86' lang='lat' dir='ltr'>ad</span> <span class='ocrx_word' id='word_1_316' title='bbox 638 1719 711 1762; x_wconf 80' lang='lat' dir='ltr'>ista]</span> <span class='ocrx_word' id='word_1_317' title='bbox 737 1721 775 1751; x_wconf 89' lang='lat' dir='ltr'>V.</span> <span class='ocrx_word' id='word_1_318' title='bbox 799 1719 840 1750; x_wconf 79' lang='lat' dir='ltr'>ad</span> <span class='ocrx_word' id='word_1_319' title='bbox 865 1720 920 1750; x_wconf 87' lang='grc' dir='ltr'><strong>ΙΙΙ.</strong></span> <span class='ocrx_word' id='word_1_320' title='bbox 945 1718 975 1759; x_wconf 80' lang='lat'>9,</span> <span class='ocrx_word' id='word_1_321' title='bbox 1016 1720 1075 1760; x_wconf 84' lang='lat'>10,</span> <span class='ocrx_word' id='word_1_322' title='bbox 1100 1721 1161 1752; x_wconf 66' lang='lat'>25:</span> <span class='ocrx_word' id='word_1_323' title='bbox 1188 1720 1363 1753; x_wconf 81' lang='lat' dir='ltr'>terminum</span> <span class='ocrx_word' id='word_1_324' title='bbox 1387 1723 1560 1765; x_wconf 74' lang='lat' dir='ltr'>anquirens</span> <span class='ocrx_word' id='word_1_325' title='bbox 1585 1723 1672 1754; x_wconf 79' lang='lat' dir='ltr'>mali.</span> 
     </span>
    </p>

    <p class='ocr_par' dir='ltr' id='par_1_13' title="bbox 219 1765 1771 1854">
     <span class='ocr_line' id='line_1_29' title="bbox 219 1765 1771 1808; baseline 0.002 -12"><span class='ocrx_word' id='word_1_326' title='bbox 219 1765 277 1797; x_wconf 59' lang='lat'>15:</span> <span class='ocrx_word' id='word_1_327' title='bbox 304 1767 347 1795; x_wconf 85' lang='lat' dir='ltr'>ad</span> <span class='ocrx_word' id='word_1_328' title='bbox 371 1775 407 1795; x_wconf 82' lang='lat' dir='ltr'>ea</span> <span class='ocrx_word' id='word_1_329' title='bbox 429 1766 578 1804; x_wconf 80' lang='lat' dir='ltr'>disputat.</span> <span class='ocrx_word' id='word_1_330' title='bbox 1079 1776 1139 1806; x_wconf 84' lang='lat' dir='ltr'>quo</span> <span class='ocrx_word' id='word_1_331' title='bbox 1160 1767 1294 1808; x_wconf 71' lang='lat' dir='ltr'>lonyius]</span> <span class='ocrx_word' id='word_1_332' title='bbox 1322 1779 1358 1798; x_wconf 85' lang='lat' dir='ltr'>ex</span> <span class='ocrx_word' id='word_1_333' title='bbox 1376 1767 1645 1799; x_wconf 77' lang='lat' dir='ltr'>Academicorum</span> <span class='ocrx_word' id='word_1_334' title='bbox 1667 1767 1771 1799; x_wconf 70' lang='lat' dir='ltr'>ratio—</span> 
     </span>
     <span class='ocr_line' id='line_1_30' title="bbox 283 1807 1646 1854; baseline 0.004 -16"><span class='ocrx_word' id='word_1_335' title='bbox 283 1808 361 1839; x_wconf 75' lang='lat' dir='ltr'>CAP.</span> <span class='ocrx_word' id='word_1_336' title='bbox 383 1809 478 1839; x_wconf 90' lang='lat' dir='ltr'>XXI.</span> <span class='ocrx_word' id='word_1_337' title='bbox 506 1811 533 1851; x_wconf 62' lang='grc' dir='ltr'>ξ.</span> <span class='ocrx_word' id='word_1_338' title='bbox 549 1807 605 1842; x_wconf 76' lang='lat'>47.</span> <span class='ocrx_word' id='word_1_339' title='bbox 652 1811 739 1848; x_wconf 74' lang='lat' dir='ltr'>apud</span> <span class='ocrx_word' id='word_1_340' title='bbox 762 1809 976 1852; x_wconf 80' lang='lat' dir='ltr'>Academicos]</span> <span class='ocrx_word' id='word_1_341' title='bbox 1013 1821 1074 1850; x_wconf 87' lang='lat' dir='ltr'>ne,</span> <span class='ocrx_word' id='word_1_342' title='bbox 1101 1810 1141 1841; x_wconf 86' lang='lat' dir='ltr'>de</span> <span class='ocrx_word' id='word_1_343' title='bbox 1165 1822 1227 1853; x_wconf 69' lang='lat' dir='ltr'>qua</span> <span class='ocrx_word' id='word_1_344' title='bbox 1252 1823 1280 1842; x_wconf 91' lang='lat' dir='ltr'>v.</span> <span class='ocrx_word' id='word_1_345' title='bbox 1306 1812 1543 1854; x_wconf 69' lang='lat' dir='ltr'>prolegomena</span> <span class='ocrx_word' id='word_1_346' title='bbox 1569 1824 1599 1854; x_wconf 90' lang='lat' dir='ltr'>p.</span> <span class='ocrx_word' id='word_1_347' title='bbox 1616 1813 1646 1845; x_wconf 77' lang='grc' dir='ltr'>ὃ.</span> 
     </span>
    </p>
   </div>
   <div class='ocr_carea' id='block_1_13' title="bbox 211 1853 978 2963">
    <p class='ocr_par' dir='ltr' id='par_1_14' title="bbox 215 1853 978 2284">
     <span class='ocr_line' id='line_1_31' title="bbox 218 1853 977 1896; baseline 0.001 -12"><span class='ocrx_word' id='word_1_348' title='bbox 218 1855 284 1884; x_wconf 77' lang='lat' dir='ltr'>lam</span> <span class='ocrx_word' id='word_1_349' title='bbox 307 1853 413 1884; x_wconf 78' lang='lat' dir='ltr'>oratio</span> <span class='ocrx_word' id='word_1_350' title='bbox 435 1853 578 1895; x_wconf 79' lang='lat' dir='ltr'>paullum</span> <span class='ocrx_word' id='word_1_351' title='bbox 601 1853 786 1895; x_wconf 82' lang='lat' dir='ltr'>digrediens</span> <span class='ocrx_word' id='word_1_352' title='bbox 810 1866 827 1885; x_wconf 75' lang='lat' dir='ltr'>a</span> <span class='ocrx_word' id='word_1_353' title='bbox 850 1865 977 1896; x_wconf 88' lang='lat' dir='ltr'>propo-</span> 
     </span>
     <span class='ocr_line' id='line_1_32' title="bbox 215 1897 977 1930; baseline 0.001 -2"><span class='ocrx_word' id='word_1_354' title='bbox 215 1897 280 1929; x_wconf 87' lang='lat' dir='ltr'>sito</span> <span class='ocrx_word' id='word_1_355' title='bbox 302 1904 449 1929; x_wconf 82' lang='lat' dir='ltr'>versatur</span> <span class='ocrx_word' id='word_1_356' title='bbox 469 1898 502 1928; x_wconf 90' lang='lat' dir='ltr'>in</span> <span class='ocrx_word' id='word_1_357' title='bbox 523 1898 687 1929; x_wconf 68' lang='lat' dir='ltr'>laudanda</span> <span class='ocrx_word' id='word_1_358' title='bbox 709 1898 977 1930; x_wconf 76' lang='lat' dir='ltr'>Academicorum</span> 
     </span>
     <span class='ocr_line' id='line_1_33' title="bbox 215 1942 976 1986; baseline 0.001 -13"><span class='ocrx_word' id='word_1_359' title='bbox 215 1942 247 1973; x_wconf 90' lang='lat' dir='ltr'>in</span> <span class='ocrx_word' id='word_1_360' title='bbox 283 1942 482 1985; x_wconf 84' lang='lat' dir='ltr'>disputando</span> <span class='ocrx_word' id='word_1_361' title='bbox 520 1942 759 1974; x_wconf 80' lang='lat' dir='ltr'>moderatione.</span> <span class='ocrx_word' id='word_1_362' title='bbox 817 1944 918 1986; x_wconf 86' lang='lat' dir='ltr'>quue</span> <span class='ocrx_word' id='word_1_363' title='bbox 959 1955 976 1974; x_wconf 75' lang='lat' dir='ltr'>a</span> 
     </span>
     <span class='ocr_line' id='line_1_34' title="bbox 218 1987 978 2027; baseline 0.004 -10"><span class='ocrx_word' id='word_1_364' title='bbox 218 1987 375 2018; x_wconf 86' lang='lat' dir='ltr'>Cicerone</span> <span class='ocrx_word' id='word_1_365' title='bbox 398 1999 437 2018; x_wconf 90' lang='lat' dir='ltr'>eo</span> <span class='ocrx_word' id='word_1_366' title='bbox 462 1987 599 2019; x_wconf 88' lang='lat' dir='ltr'>consilio</span> <span class='ocrx_word' id='word_1_367' title='bbox 622 1988 745 2019; x_wconf 73' lang='lat' dir='ltr'>factum</span> <span class='ocrx_word' id='word_1_368' title='bbox 767 1988 915 2027; x_wconf 86' lang='lat' dir='ltr'>videtur,</span> <span class='ocrx_word' id='word_1_369' title='bbox 942 1996 978 2021; x_wconf 83' lang='lat' dir='ltr'>ut</span> 
     </span>
     <span class='ocr_line' id='line_1_35' title="bbox 215 2031 977 2071; baseline 0.005 -10"><span class='ocrx_word' id='word_1_370' title='bbox 215 2031 472 2069; x_wconf 80' lang='lat' dir='ltr'>demonstraret,</span> <span class='ocrx_word' id='word_1_371' title='bbox 496 2043 530 2062; x_wconf 84' lang='lat' dir='ltr'>se</span> <span class='ocrx_word' id='word_1_372' title='bbox 552 2043 617 2062; x_wconf 91' lang='lat' dir='ltr'>non</span> <span class='ocrx_word' id='word_1_373' title='bbox 640 2032 672 2062; x_wconf 89' lang='lat' dir='ltr'>in</span> <span class='ocrx_word' id='word_1_374' title='bbox 697 2043 736 2063; x_wconf 88' lang='lat' dir='ltr'>eo</span> <span class='ocrx_word' id='word_1_375' title='bbox 755 2032 915 2071; x_wconf 78' lang='lat' dir='ltr'>laborare,</span> <span class='ocrx_word' id='word_1_376' title='bbox 944 2041 977 2065; x_wconf 88' lang='lat' dir='ltr'>ut</span> 
     </span>
     <span class='ocr_line' id='line_1_36' title="bbox 217 2075 976 2119; baseline 0.005 -14"><span class='ocrx_word' id='word_1_377' title='bbox 217 2082 340 2106; x_wconf 78' lang='lat' dir='ltr'>certam</span> <span class='ocrx_word' id='word_1_378' title='bbox 364 2075 526 2117; x_wconf 81' lang='lat' dir='ltr'>quandam</span> <span class='ocrx_word' id='word_1_379' title='bbox 552 2076 741 2118; x_wconf 82' lang='lat' dir='ltr'>opinionem</span> <span class='ocrx_word' id='word_1_380' title='bbox 766 2084 976 2119; x_wconf 76' lang='lat' dir='ltr'>praeceptam</span> 
     </span>
     <span class='ocr_line' id='line_1_37' title="bbox 216 2119 976 2162; baseline 0.005 -13"><span class='ocrx_word' id='word_1_381' title='bbox 216 2119 431 2157; x_wconf 78' lang='lat' dir='ltr'>defenderet,</span> <span class='ocrx_word' id='word_1_382' title='bbox 466 2120 523 2150; x_wconf 81' lang='lat' dir='ltr'>sed</span> <span class='ocrx_word' id='word_1_383' title='bbox 545 2120 584 2150; x_wconf 77' lang='lat' dir='ltr'>ul)</span> <span class='ocrx_word' id='word_1_384' title='bbox 608 2121 696 2151; x_wconf 88' lang='lat' dir='ltr'>omui</span> <span class='ocrx_word' id='word_1_385' title='bbox 726 2122 866 2162; x_wconf 79' lang='lat' dir='ltr'>partium</span> <span class='ocrx_word' id='word_1_386' title='bbox 892 2134 976 2153; x_wconf 87' lang='lat' dir='ltr'>con—</span> 
     </span>
     <span class='ocr_line' id='line_1_38' title="bbox 217 2163 974 2206; baseline 0.004 -12"><span class='ocrx_word' id='word_1_387' title='bbox 217 2163 471 2206; x_wconf 84' lang='lat' dir='ltr'>certationisque</span> <span class='ocrx_word' id='word_1_388' title='bbox 501 2164 611 2195; x_wconf 89' lang='lat' dir='ltr'>studio</span> <span class='ocrx_word' id='word_1_389' title='bbox 635 2164 718 2196; x_wconf 83' lang='lat' dir='ltr'>liber</span> <span class='ocrx_word' id='word_1_390' title='bbox 742 2177 813 2196; x_wconf 79' lang='lat' dir='ltr'>eam</span> <span class='ocrx_word' id='word_1_391' title='bbox 839 2173 974 2197; x_wconf 62' lang='lat' dir='ltr'>senten-</span> 
     </span>
     <span class='ocr_line' id='line_1_39' title="bbox 217 2208 976 2252; baseline 0.004 -13"><span class='ocrx_word' id='word_1_392' title='bbox 217 2208 294 2239; x_wconf 74' lang='lat' dir='ltr'>tiam</span> <span class='ocrx_word' id='word_1_393' title='bbox 319 2208 519 2251; x_wconf 79' lang='lat' dir='ltr'>exquireret,</span> <span class='ocrx_word' id='word_1_394' title='bbox 546 2220 628 2251; x_wconf 82' lang='lat' dir='ltr'>quae</span> <span class='ocrx_word' id='word_1_395' title='bbox 652 2209 800 2252; x_wconf 74' lang='lat' dir='ltr'>proxime</span> <span class='ocrx_word' id='word_1_396' title='bbox 825 2210 865 2241; x_wconf 73' lang='lat' dir='ltr'>ad</span> <span class='ocrx_word' id='word_1_397' title='bbox 889 2211 976 2242; x_wconf 80' lang='lat' dir='ltr'>veri—</span> 
     </span>
     <span class='ocr_line' id='line_1_40' title="bbox 215 2253 523 2284; baseline 0 -1"><span class='ocrx_word' id='word_1_398' title='bbox 215 2259 317 2284; x_wconf 84' lang='lat' dir='ltr'>tatem</span> <span class='ocrx_word' id='word_1_399' title='bbox 341 2253 523 2284; x_wconf 72' lang='lat' dir='ltr'>accederet.</span> 
     </span>
    </p>

    <p class='ocr_par' dir='ltr' id='par_1_15' title="bbox 214 2298 976 2508">
     <span class='ocr_line' id='line_1_41' title="bbox 278 2298 975 2340; baseline 0.004 -11"><span class='ocrx_word' id='word_1_400' title='bbox 278 2301 372 2337; x_wconf 81' lang='lat' dir='ltr'>plane</span> <span class='ocrx_word' id='word_1_401' title='bbox 396 2300 476 2329; x_wconf 84' lang='lat' dir='ltr'>enim</span> <span class='ocrx_word' id='word_1_402' title='bbox 500 2298 619 2340; x_wconf 77' lang='lat' dir='ltr'>dicunt]</span> <span class='ocrx_word' id='word_1_403' title='bbox 647 2298 726 2329; x_wconf 85' lang='lat' dir='ltr'>nihil</span> <span class='ocrx_word' id='word_1_404' title='bbox 751 2299 975 2340; x_wconf 74' lang='lat' dir='ltr'>admiscendo,</span> 
     </span>
     <span class='ocr_line' id='line_1_42' title="bbox 216 2342 976 2386; baseline 0.005 -13"><span class='ocrx_word' id='word_1_405' title='bbox 216 2342 304 2384; x_wconf 89' lang='lat' dir='ltr'>quod</span> <span class='ocrx_word' id='word_1_406' title='bbox 327 2354 423 2384; x_wconf 78' lang='lat' dir='ltr'>aegre</span> <span class='ocrx_word' id='word_1_407' title='bbox 443 2343 619 2374; x_wconf 77' lang='lat' dir='ltr'>adversarii</span> <span class='ocrx_word' id='word_1_408' title='bbox 644 2343 729 2374; x_wconf 66' lang='lat' dir='ltr'>fet-re</span> <span class='ocrx_word' id='word_1_409' title='bbox 751 2345 888 2386; x_wconf 76' lang='lat' dir='ltr'>possint.</span> <span class='ocrx_word' id='word_1_410' title='bbox 920 2347 976 2377; x_wconf 82' lang='lat' dir='ltr'>Er-</span> 
     </span>
     <span class='ocr_line' id='line_1_43' title="bbox 214 2388 976 2431; baseline 0.003 -13"><span class='ocrx_word' id='word_1_411' title='bbox 214 2390 338 2419; x_wconf 79' lang='lat' dir='ltr'>nestius.</span> <span class='ocrx_word' id='word_1_412' title='bbox 387 2389 486 2418; x_wconf 80' lang='lat' dir='ltr'>Secus</span> <span class='ocrx_word' id='word_1_413' title='bbox 508 2388 610 2418; x_wconf 86' lang='lat' dir='ltr'>Stoici</span> <span class='ocrx_word' id='word_1_414' title='bbox 633 2388 771 2429; x_wconf 75' lang='lat' dir='ltr'>agebant</span> <span class='ocrx_word' id='word_1_415' title='bbox 786 2414 793 2427; x_wconf 87' lang='lat'>,</span> <span class='ocrx_word' id='word_1_416' title='bbox 819 2389 872 2431; x_wconf 82' lang='lat' dir='ltr'>qui</span> <span class='ocrx_word' id='word_1_417' title='bbox 897 2401 976 2420; x_wconf 80' lang='lat' dir='ltr'>sen—</span> 
     </span>
     <span class='ocr_line' id='line_1_44' title="bbox 214 2431 975 2475; baseline 0.008 -15"><span class='ocrx_word' id='word_1_418' title='bbox 214 2431 333 2463; x_wconf 83' lang='lat' dir='ltr'>tentias</span> <span class='ocrx_word' id='word_1_419' title='bbox 357 2443 429 2462; x_wconf 83' lang='lat' dir='ltr'>suas</span> <span class='ocrx_word' id='word_1_420' title='bbox 455 2439 569 2463; x_wconf 71' lang='lat' dir='ltr'>contra</span> <span class='ocrx_word' id='word_1_421' title='bbox 591 2433 827 2475; x_wconf 78' lang='lat' dir='ltr'>Peripateticos</span> <span class='ocrx_word' id='word_1_422' title='bbox 852 2435 975 2466; x_wconf 78' lang='lat' dir='ltr'>acerri-</span> 
     </span>
     <span class='ocr_line' id='line_1_45' title="bbox 214 2475 659 2508; baseline 0.007 -3"><span class='ocrx_word' id='word_1_423' title='bbox 214 2485 268 2505; x_wconf 85' lang='lat' dir='ltr'>mo</span> <span class='ocrx_word' id='word_1_424' title='bbox 290 2475 398 2506; x_wconf 84' lang='lat' dir='ltr'>studio</span> <span class='ocrx_word' id='word_1_425' title='bbox 424 2476 659 2508; x_wconf 75' lang='lat' dir='ltr'>defendebant.</span> 
     </span>
    </p>

    <p class='ocr_par' dir='ltr' id='par_1_16' title="bbox 211 2520 973 2963">
     <span class='ocr_line' id='line_1_46' title="bbox 281 2520 973 2563; baseline 0.009 -14"><span class='ocrx_word' id='word_1_426' title='bbox 281 2520 344 2561; x_wconf 86' lang='lat' dir='ltr'>cui]</span> <span class='ocrx_word' id='word_1_427' title='bbox 366 2520 443 2550; x_wconf 87' lang='lat' dir='ltr'>mihi</span> <span class='ocrx_word' id='word_1_428' title='bbox 463 2521 547 2552; x_wconf 88' lang='lat' dir='ltr'>enim</span> <span class='ocrx_word' id='word_1_429' title='bbox 564 2522 761 2554; x_wconf 74' lang='lat' dir='ltr'>Academico</span> <span class='ocrx_word' id='word_1_430' title='bbox 782 2523 815 2554; x_wconf 91' lang='lat' dir='ltr'>id</span> <span class='ocrx_word' id='word_1_431' title='bbox 837 2530 973 2563; x_wconf 76' lang='lat' dir='ltr'>tantum,</span> 
     </span>
     <span class='ocr_line' id='line_1_47' title="bbox 214 2563 972 2611; baseline 0.009 -18"><span class='ocrx_word' id='word_1_432' title='bbox 214 2563 302 2605; x_wconf 88' lang='lat' dir='ltr'>quod</span> <span class='ocrx_word' id='word_1_433' title='bbox 338 2564 404 2594; x_wconf 72' lang='lat' dir='ltr'>veni</span> <span class='ocrx_word' id='word_1_434' title='bbox 428 2565 625 2597; x_wconf 85' lang='lat' dir='ltr'>simillimum</span> <span class='ocrx_word' id='word_1_435' title='bbox 651 2567 817 2606; x_wconf 75' lang='lat' dir='ltr'>videatur,</span> <span class='ocrx_word' id='word_1_436' title='bbox 854 2569 972 2611; x_wconf 83' lang='lat' dir='ltr'>anqui—</span> 
     </span>
     <span class='ocr_line' id='line_1_48' title="bbox 214 2607 972 2656; baseline 0.011 -19"><span class='ocrx_word' id='word_1_437' title='bbox 214 2607 350 2638; x_wconf 76' lang='lat' dir='ltr'>rendum</span> <span class='ocrx_word' id='word_1_438' title='bbox 374 2614 432 2638; x_wconf 57' lang='lat' dir='ltr'>est.</span> <span class='ocrx_word' id='word_1_439' title='bbox 468 2610 516 2640; x_wconf 87' lang='lat' dir='ltr'>De</span> <span class='ocrx_word' id='word_1_440' title='bbox 540 2611 639 2641; x_wconf 64' lang='lat' dir='ltr'>verbo</span> <span class='ocrx_word' id='word_1_441' title='bbox 664 2615 859 2653; x_wconf 75' lang='lat' dir='ltr'>anquirendi,</span> <span class='ocrx_word' id='word_1_442' title='bbox 883 2614 972 2656; x_wconf 88' lang='lat' dir='ltr'>quod</span> 
     </span>
     <span class='ocr_line' id='line_1_49' title="bbox 214 2652 972 2697; baseline 0.011 -15"><span class='ocrx_word' id='word_1_443' title='bbox 214 2652 312 2683; x_wconf 83' lang='lat' dir='ltr'>habet</span> <span class='ocrx_word' id='word_1_444' title='bbox 336 2652 506 2684; x_wconf 86' lang='lat' dir='ltr'>notionem</span> <span class='ocrx_word' id='word_1_445' title='bbox 541 2655 822 2697; x_wconf 76' lang='lat' dir='ltr'>circumspiciendi</span> <span class='ocrx_word' id='word_1_446' title='bbox 848 2665 881 2689; x_wconf 89' lang='lat' dir='ltr'>et</span> <span class='ocrx_word' id='word_1_447' title='bbox 906 2659 972 2690; x_wconf 74' lang='lat' dir='ltr'>cir-</span> 
     </span>
     <span class='ocr_line' id='line_1_50' title="bbox 215 2699 971 2745; baseline 0.008 -17"><span class='ocrx_word' id='word_1_448' title='bbox 215 2708 416 2739; x_wconf 78' lang='lat' dir='ltr'>cumquaque</span> <span class='ocrx_word' id='word_1_449' title='bbox 431 2699 607 2739; x_wconf 72' lang='lat' dir='ltr'>quaerendi</span> <span class='ocrx_word' id='word_1_450' title='bbox 630 2711 683 2741; x_wconf 42' lang='lat' dir='ltr'>gan</span> <span class='ocrx_word' id='word_1_451' title='bbox 697 2717 738 2728; x_wconf 65' lang='grc' dir='ltr'>ε</span> <span class='ocrx_word' id='word_1_452' title='bbox 753 2705 835 2741; x_wconf 76' lang='lat' dir='ltr'>amb,</span> <span class='ocrx_word' id='word_1_453' title='bbox 857 2699 971 2745; x_wconf 67' lang='grc' dir='ltr'>ἀμφί),</span> 
     </span>
     <span class='ocr_line' id='line_1_51' title="bbox 215 2742 973 2786; baseline 0.009 -13"><span class='ocrx_word' id='word_1_454' title='bbox 215 2753 244 2773; x_wconf 93' lang='lat' dir='ltr'>v.</span> <span class='ocrx_word' id='word_1_455' title='bbox 262 2743 359 2773; x_wconf 85' lang='lat' dir='ltr'>Beier.</span> <span class='ocrx_word' id='word_1_456' title='bbox 382 2742 422 2772; x_wconf 78' lang='lat' dir='ltr'>ud</span> <span class='ocrx_word' id='word_1_457' title='bbox 447 2742 541 2773; x_wconf 79' lang='lat' dir='ltr'>Oslic.</span> <span class='ocrx_word' id='word_1_458' title='bbox 569 2745 599 2780; x_wconf 77' lang='grc' dir='ltr'>Ι,</span> <span class='ocrx_word' id='word_1_459' title='bbox 624 2745 676 2775; x_wconf 66' lang='lat'>230.</span> <span class='ocrx_word' id='word_1_460' title='bbox 704 2757 733 2786; x_wconf 89' lang='lat' dir='ltr'>p.</span> <span class='ocrx_word' id='word_1_461' title='bbox 752 2746 827 2777; x_wconf 61' lang='lat'>⁴325).</span> <span class='ocrx_word' id='word_1_462' title='bbox 878 2750 973 2780; x_wconf 84' lang='lat' dir='ltr'>Gern-</span> 
     </span>
     <span class='ocr_line' id='line_1_52' title="bbox 213 2785 971 2831; baseline 0.008 -13"><span class='ocrx_word' id='word_1_463' title='bbox 213 2788 304 2819; x_wconf 82' lang='lat' dir='ltr'>hard.</span> <span class='ocrx_word' id='word_1_464' title='bbox 326 2785 367 2816; x_wconf 85' lang='lat' dir='ltr'>ad</span> <span class='ocrx_word' id='word_1_465' title='bbox 388 2787 477 2818; x_wconf 66' lang='lat' dir='ltr'>Lael.</span> <span class='ocrx_word' id='word_1_466' title='bbox 494 2788 546 2819; x_wconf 77' lang='lat'>21.</span> <span class='ocrx_word' id='word_1_467' title='bbox 571 2799 600 2828; x_wconf 79' lang='lat' dir='ltr'>p.</span> <span class='ocrx_word' id='word_1_468' title='bbox 620 2787 690 2820; x_wconf 71' lang='lat'>107.</span> <span class='ocrx_word' id='word_1_469' title='bbox 706 2790 758 2820; x_wconf 69' lang='lat'>23.</span> <span class='ocrx_word' id='word_1_470' title='bbox 783 2802 813 2831; x_wconf 90' lang='lat' dir='ltr'>p.</span> <span class='ocrx_word' id='word_1_471' title='bbox 833 2791 971 2824; x_wconf 53' lang='lat'>176134.</span> 
     </span>
     <span class='ocr_line' id='line_1_53' title="bbox 214 2829 971 2876; baseline 0.007 -15"><span class='ocrx_word' id='word_1_472' title='bbox 214 2842 245 2872; x_wconf 85' lang='lat' dir='ltr'>p.</span> <span class='ocrx_word' id='word_1_473' title='bbox 260 2829 332 2864; x_wconf 69' lang='lat'>178.</span> <span class='ocrx_word' id='word_1_474' title='bbox 365 2833 530 2863; x_wconf 51' lang='lat' dir='ltr'>Dam&#39;siune¹</span> <span class='ocrx_word' id='word_1_475' title='bbox 550 2831 590 2862; x_wconf 73' lang='lat' dir='ltr'>:ul</span> <span class='ocrx_word' id='word_1_476' title='bbox 612 2832 652 2862; x_wconf 91' lang='lat' dir='ltr'>N.</span> <span class='ocrx_word' id='word_1_477' title='bbox 668 2832 705 2862; x_wconf 94' lang='lat' dir='ltr'>D.</span> <span class='ocrx_word' id='word_1_478' title='bbox 724 2834 760 2863; x_wconf 86' lang='grc' dir='ltr'>Π.</span> <span class='ocrx_word' id='word_1_479' title='bbox 774 2835 827 2865; x_wconf 46' lang='grc'>35.</span> <span class='ocrx_word' id='word_1_480' title='bbox 851 2835 971 2876; x_wconf 79' lang='lat' dir='ltr'>p.369.</span> 
     </span>
     <span class='ocr_line' id='line_1_54' title="bbox 211 2875 970 2913; baseline 0.009 -9"><span class='ocrx_word' id='word_1_481' title='bbox 211 2875 261 2906; x_wconf 68' lang='lat' dir='ltr'>vd.</span> <span class='ocrx_word' id='word_1_482' title='bbox 285 2875 335 2907; x_wconf 89' lang='lat' dir='ltr'>Cr.</span> <span class='ocrx_word' id='word_1_483' title='bbox 368 2882 400 2907; x_wconf 67' lang='lat' dir='ltr'>et</span> <span class='ocrx_word' id='word_1_484' title='bbox 430 2878 471 2907; x_wconf 85' lang='lat' dir='ltr'>M.</span> <span class='ocrx_word' id='word_1_485' title='bbox 493 2878 645 2910; x_wconf 72' lang='lat' dir='ltr'>Itloseruni</span> <span class='ocrx_word' id='word_1_486' title='bbox 671 2876 711 2907; x_wconf 80' lang='lat' dir='ltr'>ad</span> <span class='ocrx_word' id='word_1_487' title='bbox 741 2877 780 2907; x_wconf 86' lang='lat' dir='ltr'>N.</span> <span class='ocrx_word' id='word_1_488' title='bbox 805 2879 844 2908; x_wconf 92' lang='lat' dir='ltr'>D.</span> <span class='ocrx_word' id='word_1_489' title='bbox 869 2881 892 2910; x_wconf 88' lang='grc' dir='ltr'>Ι.</span> <span class='ocrx_word' id='word_1_490' title='bbox 922 2880 970 2913; x_wconf 79' lang='lat'>17.</span> 
     </span>
     <span class='ocr_line' id='line_1_55' title="bbox 211 2918 968 2963; baseline 0.007 -13"><span class='ocrx_word' id='word_1_491' title='bbox 211 2930 241 2960; x_wconf 77' lang='lat' dir='ltr'>p.</span> <span class='ocrx_word' id='word_1_492' title='bbox 257 2918 309 2951; x_wconf 71' lang='lat'>79.</span> <span class='ocrx_word' id='word_1_493' title='bbox 322 2919 363 2951; x_wconf 81' lang='lat' dir='ltr'>ad</span> <span class='ocrx_word' id='word_1_494' title='bbox 377 2920 480 2963; x_wconf 76' lang='lat' dir='ltr'>Legg.</span> <span class='ocrx_word' id='word_1_495' title='bbox 496 2922 520 2952; x_wconf 79' lang='grc' dir='ltr'>Ι.</span> <span class='ocrx_word' id='word_1_496' title='bbox 540 2922 565 2953; x_wconf 86' lang='grc'><strong>1.</strong></span> <span class='ocrx_word' id='word_1_497' title='bbox 589 2932 618 2963; x_wconf 89' lang='lat' dir='ltr'>p.</span> <span class='ocrx_word' id='word_1_498' title='bbox 635 2924 664 2953; x_wconf 62' lang='lat' dir='ltr'>e:</span> <span class='ocrx_word' id='word_1_499' title='bbox 699 2921 787 2952; x_wconf 80' lang='lat' dir='ltr'>lnsru</span> <span class='ocrx_word' id='word_1_500' title='bbox 801 2923 839 2953; x_wconf 91' lang='lat' dir='ltr'>V.</span> <span class='ocrx_word' id='word_1_501' title='bbox 856 2921 890 2961; x_wconf 69' lang='lat'>4,</span> <span class='ocrx_word' id='word_1_502' title='bbox 910 2924 968 2962; x_wconf 63' lang='lat'>103</span> 
     </span>
    </p>
   </div>
   <div class='ocr_carea' id='block_1_14' title="bbox 1006 1859 1773 2964">
    <p class='ocr_par' dir='ltr' id='par_1_17' title="bbox 1008 1859 1773 2644">
     <span class='ocr_line' id='line_1_56' title="bbox 1080 1859 1770 1899; baseline 0.003 -13"><span class='ocrx_word' id='word_1_503' title='bbox 1080 1859 1123 1886; x_wconf 79' lang='lat' dir='ltr'>ita</span> <span class='ocrx_word' id='word_1_504' title='bbox 1142 1859 1222 1887; x_wconf 84' lang='lat' dir='ltr'>enim</span> <span class='ocrx_word' id='word_1_505' title='bbox 1237 1859 1352 1897; x_wconf 74' lang='lat' dir='ltr'>definit,</span> <span class='ocrx_word' id='word_1_506' title='bbox 1374 1861 1407 1888; x_wconf 82' lang='lat' dir='ltr'>ut</span> <span class='ocrx_word' id='word_1_507' title='bbox 1424 1860 1614 1896; x_wconf 78' lang='lat' dir='ltr'>perturbatio</span> <span class='ocrx_word' id='word_1_508' title='bbox 1634 1860 1673 1888; x_wconf 71' lang='lat' dir='ltr'>sit</span> <span class='ocrx_word' id='word_1_509' title='bbox 1693 1864 1770 1899; x_wconf 40' lang='lat' dir='ltr'>etc.)</span> 
     </span>
     <span class='ocr_line' id='line_1_57' title="bbox 1014 1899 1773 1944; baseline 0.005 -14"><span class='ocrx_word' id='word_1_510' title='bbox 1014 1899 1128 1931; x_wconf 75' lang='lat' dir='ltr'>Rarior</span> <span class='ocrx_word' id='word_1_511' title='bbox 1147 1907 1309 1932; x_wconf 72' lang='lat' dir='ltr'>structura</span> <span class='ocrx_word' id='word_1_512' title='bbox 1332 1912 1409 1944; x_wconf 85' lang='lat' dir='ltr'>pro:</span> <span class='ocrx_word' id='word_1_513' title='bbox 1435 1905 1477 1933; x_wconf 78' lang='lat' dir='ltr'>ua</span> <span class='ocrx_word' id='word_1_514' title='bbox 1500 1904 1624 1941; x_wconf 68' lang='lat' dir='ltr'>definit,</span> <span class='ocrx_word' id='word_1_515' title='bbox 1647 1906 1679 1933; x_wconf 66' lang='lat' dir='ltr'>u!</span> <span class='ocrx_word' id='word_1_516' title='bbox 1702 1913 1773 1941; x_wconf 81' lang='lat' dir='ltr'>per-</span> 
     </span>
     <span class='ocr_line' id='line_1_58' title="bbox 1011 1948 1773 1978; baseline 0.003 -2"><span class='ocrx_word' id='word_1_517' title='bbox 1011 1948 1214 1977; x_wconf 77' lang='lat' dir='ltr'>turbationem</span> <span class='ocrx_word' id='word_1_518' title='bbox 1237 1965 1276 1969; x_wconf 89' lang='lat'>—</span> <span class='ocrx_word' id='word_1_519' title='bbox 1294 1949 1378 1978; x_wconf 82' lang='lat' dir='ltr'>dicat</span> <span class='ocrx_word' id='word_1_520' title='bbox 1396 1956 1457 1978; x_wconf 86' lang='lat' dir='ltr'>esse</span> <span class='ocrx_word' id='word_1_521' title='bbox 1479 1949 1577 1978; x_wconf 82' lang='lat' dir='ltr'>animi</span> <span class='ocrx_word' id='word_1_522' title='bbox 1597 1949 1773 1978; x_wconf 77' lang='lat' dir='ltr'>commotio-</span> 
     </span>
     <span class='ocr_line' id='line_1_59' title="bbox 1011 1994 1772 2033; baseline 0.001 -11"><span class='ocrx_word' id='word_1_523' title='bbox 1011 2000 1098 2029; x_wconf 81' lang='lat' dir='ltr'>nem,</span> <span class='ocrx_word' id='word_1_524' title='bbox 1122 1997 1177 2021; x_wconf 78' lang='lat' dir='ltr'>aut</span> <span class='ocrx_word' id='word_1_525' title='bbox 1201 2002 1279 2033; x_wconf 86' lang='lat' dir='ltr'>pro:</span> <span class='ocrx_word' id='word_1_526' title='bbox 1304 1994 1348 2022; x_wconf 83' lang='lat' dir='ltr'>ita</span> <span class='ocrx_word' id='word_1_527' title='bbox 1373 1994 1490 2031; x_wconf 74' lang='lat' dir='ltr'>definit,</span> <span class='ocrx_word' id='word_1_528' title='bbox 1512 1994 1772 2030; x_wconf 71' lang='lat' dir='ltr'>perturbationem</span> 
     </span>
     <span class='ocr_line' id='line_1_60' title="bbox 1011 2036 1770 2068; baseline 0.001 -2"><span class='ocrx_word' id='word_1_529' title='bbox 1011 2044 1072 2066; x_wconf 81' lang='lat' dir='ltr'>esse</span> <span class='ocrx_word' id='word_1_530' title='bbox 1093 2054 1138 2058; x_wconf 97' lang='lat'><strong>—</strong></span> <span class='ocrx_word' id='word_1_531' title='bbox 1158 2038 1256 2067; x_wconf 78' lang='lat' dir='ltr'>animi</span> <span class='ocrx_word' id='word_1_532' title='bbox 1276 2039 1516 2067; x_wconf 80' lang='lat' dir='ltr'>commotionem.</span> <span class='ocrx_word' id='word_1_533' title='bbox 1556 2036 1606 2066; x_wconf 84' lang='lat' dir='ltr'>Cf.</span> <span class='ocrx_word' id='word_1_534' title='bbox 1629 2036 1715 2066; x_wconf 69' lang='lat' dir='ltr'>infra</span> <span class='ocrx_word' id='word_1_535' title='bbox 1731 2037 1770 2068; x_wconf 91' lang='lat' dir='ltr'>V.</span> 
     </span>
     <span class='ocr_line' id='line_1_61' title="bbox 1011 2076 1772 2122; baseline 0.004 -12"><span class='ocrx_word' id='word_1_536' title='bbox 1011 2076 1074 2117; x_wconf 70' lang='lat'>41,</span> <span class='ocrx_word' id='word_1_537' title='bbox 1103 2080 1185 2111; x_wconf 54' lang='lat'>1135:</span> <span class='ocrx_word' id='word_1_538' title='bbox 1223 2080 1431 2122; x_wconf 80' lang='lat' dir='ltr'>philosophi,</span> <span class='ocrx_word' id='word_1_539' title='bbox 1467 2092 1604 2122; x_wconf 88' lang='lat' dir='ltr'>quorum</span> <span class='ocrx_word' id='word_1_540' title='bbox 1637 2090 1673 2111; x_wconf 81' lang='lat' dir='ltr'>ea</span> <span class='ocrx_word' id='word_1_541' title='bbox 1704 2090 1772 2113; x_wconf 82' lang='lat' dir='ltr'>sen-</span> 
     </span>
     <span class='ocr_line' id='line_1_62' title="bbox 1011 2124 1772 2167; baseline 0.005 -15"><span class='ocrx_word' id='word_1_542' title='bbox 1011 2126 1103 2154; x_wconf 77' lang='lat' dir='ltr'>tentia</span> <span class='ocrx_word' id='word_1_543' title='bbox 1127 2130 1192 2162; x_wconf 75' lang='lat' dir='ltr'>est,</span> <span class='ocrx_word' id='word_1_544' title='bbox 1218 2129 1250 2155; x_wconf 88' lang='lat' dir='ltr'>ut</span> <span class='ocrx_word' id='word_1_545' title='bbox 1271 2128 1369 2156; x_wconf 70' lang='lat' dir='ltr'>virtus</span> <span class='ocrx_word' id='word_1_546' title='bbox 1391 2137 1448 2167; x_wconf 85' lang='lat' dir='ltr'>per</span> <span class='ocrx_word' id='word_1_547' title='bbox 1467 2137 1501 2156; x_wconf 88' lang='lat' dir='ltr'>se</span> <span class='ocrx_word' id='word_1_548' title='bbox 1523 2128 1591 2164; x_wconf 76' lang='lat' dir='ltr'>ipsu.</span> <span class='ocrx_word' id='word_1_549' title='bbox 1616 2124 1693 2155; x_wconf 87' lang='lat' dir='ltr'>nihil</span> <span class='ocrx_word' id='word_1_550' title='bbox 1715 2135 1772 2156; x_wconf 86' lang='lat' dir='ltr'>va-</span> 
     </span>
     <span class='ocr_line' id='line_1_63' title="bbox 1010 2169 1771 2210; baseline 0.005 -14"><span class='ocrx_word' id='word_1_551' title='bbox 1010 2169 1082 2206; x_wconf 76' lang='lat' dir='ltr'>leat,</span> <span class='ocrx_word' id='word_1_552' title='bbox 1107 2179 1185 2209; x_wconf 84' lang='lat' dir='ltr'>pro:</span> <span class='ocrx_word' id='word_1_553' title='bbox 1213 2180 1349 2210; x_wconf 87' lang='lat' dir='ltr'>quorum</span> <span class='ocrx_word' id='word_1_554' title='bbox 1375 2181 1411 2199; x_wconf 74' lang='lat' dir='ltr'>eu</span> <span class='ocrx_word' id='word_1_555' title='bbox 1435 2176 1517 2199; x_wconf 84' lang='lat' dir='ltr'>sent.</span> <span class='ocrx_word' id='word_1_556' title='bbox 1544 2176 1602 2207; x_wconf 75' lang='lat' dir='ltr'>est,</span> <span class='ocrx_word' id='word_1_557' title='bbox 1628 2172 1771 2200; x_wconf 77' lang='lat' dir='ltr'>virtulem</span> 
     </span>
     <span class='ocr_line' id='line_1_64' title="bbox 1012 2213 1769 2255; baseline 0.004 -14"><span class='ocrx_word' id='word_1_558' title='bbox 1012 2222 1071 2252; x_wconf 88' lang='lat' dir='ltr'>per</span> <span class='ocrx_word' id='word_1_559' title='bbox 1089 2223 1124 2242; x_wconf 88' lang='lat' dir='ltr'>se</span> <span class='ocrx_word' id='word_1_560' title='bbox 1146 2215 1247 2251; x_wconf 76' lang='lat' dir='ltr'>ipsam</span> <span class='ocrx_word' id='word_1_561' title='bbox 1268 2213 1346 2243; x_wconf 85' lang='lat' dir='ltr'>nihil</span> <span class='ocrx_word' id='word_1_562' title='bbox 1369 2215 1479 2252; x_wconf 71' lang='lat' dir='ltr'>volere,</span> <span class='ocrx_word' id='word_1_563' title='bbox 1503 2220 1558 2244; x_wconf 79' lang='lat' dir='ltr'>aut</span> <span class='ocrx_word' id='word_1_564' title='bbox 1580 2224 1657 2255; x_wconf 83' lang='lat' dir='ltr'>pro:</span> <span class='ocrx_word' id='word_1_565' title='bbox 1684 2224 1714 2255; x_wconf 90' lang='lat' dir='ltr'>q.</span> <span class='ocrx_word' id='word_1_566' title='bbox 1733 2225 1769 2244; x_wconf 78' lang='lat' dir='ltr'>ea</span> 
     </span>
     <span class='ocr_line' id='line_1_65' title="bbox 1011 2257 1768 2299; baseline 0.003 -13"><span class='ocrx_word' id='word_1_567' title='bbox 1011 2262 1095 2288; x_wconf 84' lang='lat' dir='ltr'>sent.</span> <span class='ocrx_word' id='word_1_568' title='bbox 1118 2264 1185 2294; x_wconf 78' lang='lat' dir='ltr'>est,</span> <span class='ocrx_word' id='word_1_569' title='bbox 1213 2261 1243 2288; x_wconf 83' lang='lat' dir='ltr'>ut</span> <span class='ocrx_word' id='word_1_570' title='bbox 1267 2260 1407 2288; x_wconf 76' lang='lat' dir='ltr'>virlulent</span> <span class='ocrx_word' id='word_1_571' title='bbox 1430 2269 1487 2299; x_wconf 81' lang='lat' dir='ltr'>per</span> <span class='ocrx_word' id='word_1_572' title='bbox 1507 2270 1541 2288; x_wconf 86' lang='lat' dir='ltr'>se</span> <span class='ocrx_word' id='word_1_573' title='bbox 1564 2260 1666 2297; x_wconf 77' lang='lat' dir='ltr'>ipsam</span> <span class='ocrx_word' id='word_1_574' title='bbox 1689 2257 1768 2288; x_wconf 89' lang='lat' dir='ltr'>nihil</span> 
     </span>
     <span class='ocr_line' id='line_1_66' title="bbox 1010 2302 1769 2344; baseline 0.003 -13"><span class='ocrx_word' id='word_1_575' title='bbox 1010 2302 1112 2332; x_wconf 79' lang='lat' dir='ltr'>valere</span> <span class='ocrx_word' id='word_1_576' title='bbox 1133 2306 1283 2333; x_wconf 79' lang='lat' dir='ltr'>censeant.</span> <span class='ocrx_word' id='word_1_577' title='bbox 1320 2303 1421 2343; x_wconf 71' lang='lat' dir='ltr'>Legg.</span> <span class='ocrx_word' id='word_1_578' title='bbox 1447 2304 1501 2334; x_wconf 84' lang='grc' dir='ltr'>ΠΙ.</span> <span class='ocrx_word' id='word_1_579' title='bbox 1526 2303 1575 2338; x_wconf 69' lang='lat'>15),</span> <span class='ocrx_word' id='word_1_580' title='bbox 1597 2302 1658 2334; x_wconf 61' lang='grc' dir='ltr'>ὅδε</span> <span class='ocrx_word' id='word_1_581' title='bbox 1685 2312 1769 2344; x_wconf 76' lang='lat' dir='ltr'>„ego</span> 
     </span>
     <span class='ocr_line' id='line_1_67' title="bbox 1010 2344 1769 2389; baseline 0.003 -14"><span class='ocrx_word' id='word_1_582' title='bbox 1010 2344 1041 2375; x_wconf 88' lang='lat' dir='ltr'>in</span> <span class='ocrx_word' id='word_1_583' title='bbox 1060 2344 1121 2376; x_wconf 73' lang='lat' dir='ltr'>istu</span> <span class='ocrx_word' id='word_1_584' title='bbox 1141 2358 1211 2376; x_wconf 86' lang='lat' dir='ltr'>sum</span> <span class='ocrx_word' id='word_1_585' title='bbox 1229 2348 1403 2383; x_wconf 72' lang='lat' dir='ltr'>sententia,</span> <span class='ocrx_word' id='word_1_586' title='bbox 1429 2359 1489 2389; x_wconf 74' lang='lat' dir='ltr'>qua</span> <span class='ocrx_word' id='word_1_587' title='bbox 1510 2354 1542 2377; x_wconf 84' lang='lat' dir='ltr'>te</span> <span class='ocrx_word' id='word_1_588' title='bbox 1562 2346 1661 2377; x_wconf 77' lang='lat' dir='ltr'>fuisse</span> <span class='ocrx_word' id='word_1_589' title='bbox 1680 2358 1769 2377; x_wconf 84' lang='lat' dir='ltr'>sem—</span> 
     </span>
     <span class='ocr_line' id='line_1_68' title="bbox 1012 2390 1768 2432; baseline 0.003 -12"><span class='ocrx_word' id='word_1_590' title='bbox 1012 2401 1070 2431; x_wconf 82' lang='lat' dir='ltr'>per</span> <span class='ocrx_word' id='word_1_591' title='bbox 1086 2391 1166 2429; x_wconf 83' lang='lat' dir='ltr'>scio,</span> <span class='ocrx_word' id='word_1_592' title='bbox 1189 2390 1268 2421; x_wconf 87' lang='lat' dir='ltr'>nihil</span> <span class='ocrx_word' id='word_1_593' title='bbox 1287 2398 1320 2421; x_wconf 90' lang='lat' dir='ltr'>ut</span> <span class='ocrx_word' id='word_1_594' title='bbox 1338 2391 1437 2422; x_wconf 84' lang='lat' dir='ltr'>fuerit</span> <span class='ocrx_word' id='word_1_595' title='bbox 1453 2391 1485 2422; x_wconf 91' lang='lat' dir='ltr'>in</span> <span class='ocrx_word' id='word_1_596' title='bbox 1505 2391 1667 2432; x_wconf 78' lang='lat' dir='ltr'>suffragiis</span> <span class='ocrx_word' id='word_1_597' title='bbox 1687 2403 1768 2423; x_wconf 81' lang='lat' dir='ltr'>voce</span> 
     </span>
     <span class='ocr_line' id='line_1_69' title="bbox 1011 2434 1768 2477; baseline 0.004 -13"><span class='ocrx_word' id='word_1_598' title='bbox 1011 2434 1148 2465; x_wconf 78' lang='lat' dir='ltr'>melius“</span> <span class='ocrx_word' id='word_1_599' title='bbox 1172 2446 1250 2477; x_wconf 77' lang='lat' dir='ltr'>pro:</span> <span class='ocrx_word' id='word_1_600' title='bbox 1278 2435 1357 2466; x_wconf 87' lang='lat' dir='ltr'>nihil</span> <span class='ocrx_word' id='word_1_601' title='bbox 1374 2443 1407 2466; x_wconf 85' lang='lat' dir='ltr'>nt</span> <span class='ocrx_word' id='word_1_602' title='bbox 1424 2436 1523 2467; x_wconf 84' lang='lat' dir='ltr'>fuisse</span> <span class='ocrx_word' id='word_1_603' title='bbox 1541 2443 1681 2467; x_wconf 80' lang='lat' dir='ltr'>statuam</span> <span class='ocrx_word' id='word_1_604' title='bbox 1696 2447 1768 2467; x_wconf 84' lang='lat' dir='ltr'>me—</span> 
     </span>
     <span class='ocr_line' id='line_1_70' title="bbox 1010 2478 1765 2522; baseline 0.001 -13"><span class='ocrx_word' id='word_1_605' title='bbox 1010 2478 1090 2517; x_wconf 88' lang='lat' dir='ltr'>lius,</span> <span class='ocrx_word' id='word_1_606' title='bbox 1127 2486 1183 2510; x_wconf 80' lang='lat' dir='ltr'>aut</span> <span class='ocrx_word' id='word_1_607' title='bbox 1207 2491 1285 2522; x_wconf 84' lang='lat' dir='ltr'>pro:</span> <span class='ocrx_word' id='word_1_608' title='bbox 1323 2480 1402 2511; x_wconf 89' lang='lat' dir='ltr'>nihil</span> <span class='ocrx_word' id='word_1_609' title='bbox 1428 2480 1528 2511; x_wconf 78' lang='lat' dir='ltr'>fuisse</span> <span class='ocrx_word' id='word_1_610' title='bbox 1557 2480 1679 2511; x_wconf 77' lang='lat' dir='ltr'>melius.</span> <span class='ocrx_word' id='word_1_611' title='bbox 1728 2482 1765 2510; x_wconf 95' lang='lat' dir='ltr'>V.</span> 
     </span>
     <span class='ocr_line' id='line_1_71' title="bbox 1009 2524 1767 2567; baseline 0.001 -13"><span class='ocrx_word' id='word_1_612' title='bbox 1009 2525 1204 2564; x_wconf 68' lang='lat' dir='ltr'>Madvigium</span> <span class='ocrx_word' id='word_1_613' title='bbox 1227 2524 1268 2555; x_wconf 77' lang='lat' dir='ltr'>ad</span> <span class='ocrx_word' id='word_1_614' title='bbox 1294 2524 1360 2555; x_wconf 84' lang='lat' dir='ltr'>Fiu.</span> <span class='ocrx_word' id='word_1_615' title='bbox 1389 2527 1410 2563; x_wconf 90' lang='lat'>1,</span> <span class='ocrx_word' id='word_1_616' title='bbox 1432 2527 1462 2557; x_wconf 75' lang='grc' dir='ltr'>ξ).</span> <span class='ocrx_word' id='word_1_617' title='bbox 1490 2525 1589 2567; x_wconf 65' lang='grc' dir='ltr'>μδό.</span> <span class='ocrx_word' id='word_1_618' title='bbox 1633 2525 1682 2556; x_wconf 80' lang='lat' dir='ltr'>Cf.</span> <span class='ocrx_word' id='word_1_619' title='bbox 1710 2537 1767 2555; x_wconf 72' lang='lat' dir='ltr'>nos</span> 
     </span>
     <span class='ocr_line' id='line_1_72' title="bbox 1009 2568 1766 2608; baseline 0.001 -10"><span class='ocrx_word' id='word_1_620' title='bbox 1009 2568 1050 2598; x_wconf 78' lang='lat' dir='ltr'>ad</span> <span class='ocrx_word' id='word_1_621' title='bbox 1074 2570 1097 2599; x_wconf 91' lang='grc' dir='ltr'>Ι.</span> <span class='ocrx_word' id='word_1_622' title='bbox 1123 2572 1163 2608; x_wconf 70' lang='grc' dir='ltr'>ὅ,</span> <span class='ocrx_word' id='word_1_623' title='bbox 1194 2568 1250 2602; x_wconf 84' lang='lat'>16:</span> <span class='ocrx_word' id='word_1_624' title='bbox 1289 2580 1377 2600; x_wconf 85' lang='lat' dir='ltr'>mors</span> <span class='ocrx_word' id='word_1_625' title='bbox 1402 2576 1435 2599; x_wconf 90' lang='lat' dir='ltr'>ut</span> <span class='ocrx_word' id='word_1_626' title='bbox 1466 2569 1585 2600; x_wconf 77' lang='lat' dir='ltr'>mulum</span> <span class='ocrx_word' id='word_1_627' title='bbox 1619 2580 1684 2599; x_wconf 90' lang='lat' dir='ltr'>non</span> <span class='ocrx_word' id='word_1_628' title='bbox 1713 2569 1766 2608; x_wconf 82' lang='lat' dir='ltr'>sit,</span> 
     </span>
     <span class='ocr_line' id='line_1_73' title="bbox 1008 2612 1143 2644; baseline 0.007 -1"><span class='ocrx_word' id='word_1_629' title='bbox 1008 2612 1143 2644; x_wconf 81' lang='lat' dir='ltr'>efficies.</span> 
     </span>
    </p>

    <p class='ocr_par' dir='ltr' id='par_1_18' title="bbox 1006 2656 1767 2964">
     <span class='ocr_line' id='line_1_74' title="bbox 1079 2656 1766 2700; baseline 0 -11"><span class='ocrx_word' id='word_1_630' title='bbox 1079 2656 1175 2700; x_wconf 59' lang='lat'>§.³18.</span> <span class='ocrx_word' id='word_1_631' title='bbox 1208 2661 1340 2700; x_wconf 65' lang='lat' dir='ltr'>possint]</span> <span class='ocrx_word' id='word_1_632' title='bbox 1366 2658 1420 2688; x_wconf 88' lang='lat' dir='ltr'>Sic</span> <span class='ocrx_word' id='word_1_633' title='bbox 1442 2657 1581 2689; x_wconf 81' lang='lat' dir='ltr'>correxit</span> <span class='ocrx_word' id='word_1_634' title='bbox 1604 2657 1766 2689; x_wconf 78' lang='lat' dir='ltr'>Bentleius</span> 
     </span>
     <span class='ocr_line' id='line_1_75' title="bbox 1010 2701 1767 2745; baseline 0.003 -12"><span class='ocrx_word' id='word_1_635' title='bbox 1010 2709 1043 2733; x_wconf 89' lang='lat' dir='ltr'>et</span> <span class='ocrx_word' id='word_1_636' title='bbox 1063 2703 1110 2733; x_wconf 67' lang='lat' dir='ltr'>sic</span> <span class='ocrx_word' id='word_1_637' title='bbox 1130 2702 1247 2745; x_wconf 75' lang='lat' dir='ltr'>legitur</span> <span class='ocrx_word' id='word_1_638' title='bbox 1268 2703 1299 2734; x_wconf 91' lang='lat' dir='ltr'>in</span> <span class='ocrx_word' id='word_1_639' title='bbox 1325 2703 1451 2745; x_wconf 85' lang='lat' dir='ltr'>optimo</span> <span class='ocrx_word' id='word_1_640' title='bbox 1474 2701 1559 2733; x_wconf 89' lang='lat' dir='ltr'>Gud.</span> <span class='ocrx_word' id='word_1_641' title='bbox 1580 2703 1606 2734; x_wconf 92' lang='lat' dir='ltr'>l.</span> <span class='ocrx_word' id='word_1_642' title='bbox 1632 2710 1664 2733; x_wconf 85' lang='lat' dir='ltr'>et</span> <span class='ocrx_word' id='word_1_643' title='bbox 1684 2703 1715 2733; x_wconf 88' lang='lat' dir='ltr'>in</span> <span class='ocrx_word' id='word_1_644' title='bbox 1734 2703 1767 2735; x_wconf 92' lang='lat' dir='ltr'>b.</span> 
     </span>
     <span class='ocr_line' id='line_1_76' title="bbox 1009 2746 1765 2789; baseline 0 -12"><span class='ocrx_word' id='word_1_645' title='bbox 1009 2760 1026 2778; x_wconf 79' lang='lat' dir='ltr'>n</span> <span class='ocrx_word' id='word_1_646' title='bbox 1053 2759 1100 2789; x_wconf 90' lang='lat' dir='ltr'>pr.</span> <span class='ocrx_word' id='word_1_647' title='bbox 1125 2758 1166 2779; x_wconf 88' lang='lat' dir='ltr'>m.</span> <span class='ocrx_word' id='word_1_648' title='bbox 1214 2747 1422 2789; x_wconf 72' lang='lat' dir='ltr'>intelligendi</span> <span class='ocrx_word' id='word_1_649' title='bbox 1457 2746 1542 2777; x_wconf 91' lang='lat' dir='ltr'>enim</span> <span class='ocrx_word' id='word_1_650' title='bbox 1574 2754 1648 2777; x_wconf 85' lang='lat' dir='ltr'>sunt</span> <span class='ocrx_word' id='word_1_651' title='bbox 1675 2747 1765 2778; x_wconf 87' lang='lat' dir='ltr'>Peri—</span> 
     </span>
     <span class='ocr_line' id='line_1_77' title="bbox 1008 2791 1764 2834; baseline 0.003 -13"><span class='ocrx_word' id='word_1_652' title='bbox 1008 2791 1154 2834; x_wconf 79' lang='lat' dir='ltr'>patetici.</span> <span class='ocrx_word' id='word_1_653' title='bbox 1202 2791 1328 2833; x_wconf 79' lang='lat' dir='ltr'>Vulgo,</span> <span class='ocrx_word' id='word_1_654' title='bbox 1356 2792 1453 2822; x_wconf 73' lang='lat' dir='ltr'>etiam</span> <span class='ocrx_word' id='word_1_655' title='bbox 1478 2791 1516 2822; x_wconf 87' lang='lat' dir='ltr'>R.</span> <span class='ocrx_word' id='word_1_656' title='bbox 1543 2792 1596 2829; x_wconf 85' lang='lat' dir='ltr'>P.,</span> <span class='ocrx_word' id='word_1_657' title='bbox 1629 2795 1764 2831; x_wconf 71' lang='lat' dir='ltr'>possim,</span> 
     </span>
     <span class='ocr_line' id='line_1_78' title="bbox 1007 2835 1766 2878; baseline 0.001 -12"><span class='ocrx_word' id='word_1_658' title='bbox 1007 2836 1101 2878; x_wconf 80' lang='lat' dir='ltr'>pauci</span> <span class='ocrx_word' id='word_1_659' title='bbox 1135 2835 1314 2868; x_wconf 81' lang='lat' dir='ltr'>deteriores</span> <span class='ocrx_word' id='word_1_660' title='bbox 1347 2835 1445 2867; x_wconf 88' lang='lat' dir='ltr'>codd.</span> <span class='ocrx_word' id='word_1_661' title='bbox 1473 2846 1610 2874; x_wconf 71' lang='lat' dir='ltr'>possunt.</span> <span class='ocrx_word' id='word_1_662' title='bbox 1660 2838 1766 2867; x_wconf 89' lang='lat' dir='ltr'>Erne—</span> 
     </span>
     <span class='ocr_line' id='line_1_79' title="bbox 1006 2880 1766 2923; baseline 0 -12"><span class='ocrx_word' id='word_1_663' title='bbox 1006 2881 1085 2912; x_wconf 84' lang='lat' dir='ltr'>stius</span> <span class='ocrx_word' id='word_1_664' title='bbox 1109 2881 1273 2923; x_wconf 80' lang='lat' dir='ltr'>vulgatam</span> <span class='ocrx_word' id='word_1_665' title='bbox 1294 2883 1410 2920; x_wconf 82' lang='lat' dir='ltr'>possim</span> <span class='ocrx_word' id='word_1_666' title='bbox 1432 2880 1576 2919; x_wconf 87' lang='lat' dir='ltr'>retinuit,</span> <span class='ocrx_word' id='word_1_667' title='bbox 1603 2892 1700 2923; x_wconf 81' lang='lat' dir='ltr'>quam</span> <span class='ocrx_word' id='word_1_668' title='bbox 1719 2881 1766 2912; x_wconf 88' lang='lat' dir='ltr'>sic</span> 
     </span>
     <span class='ocr_line' id='line_1_80' title="bbox 1007 2925 1767 2964; baseline 0 -8"><span class='ocrx_word' id='word_1_669' title='bbox 1007 2925 1157 2957; x_wconf 82' lang='lat' dir='ltr'>defendit</span> <span class='ocrx_word' id='word_1_670' title='bbox 1191 2927 1391 2958; x_wconf 82' lang='lat' dir='ltr'>Bouhierius:</span> <span class='ocrx_word' id='word_1_671' title='bbox 1435 2925 1545 2964; x_wconf 81' lang='lat' dir='ltr'>„Quid</span> <span class='ocrx_word' id='word_1_672' title='bbox 1559 2951 1566 2964; x_wconf 91' lang='lat'>,</span> <span class='ocrx_word' id='word_1_673' title='bbox 1607 2926 1704 2957; x_wconf 78' lang='lat' dir='ltr'>etiam</span> <span class='ocrx_word' id='word_1_674' title='bbox 1741 2926 1767 2956; x_wconf 84' lang='lat' dir='ltr'>si</span> 
     </span>
    </p>
   </div>
  </div>
 </body>
</html>
