1863 3221
220 107 304 151 490

221 200 378 238 Hercules,
402 199 488 230 Iovis
513 204 546 229 et
561 197 736 229 Alcmenae
758 194 852 227 filius.
876 194 909 234 2,
923 194 979 227 20.

265 243 319 275 22.
355 243 377 276 4
421 244 476 276 50.

222 290 355 320 Herillus
367 313 376 328 ,
388 268 396 284 ’
425 283 699 327 Carthaginiensis
711 309 719 323 ,
762 283 979 327 philosophus

266 334 414 370 Stoicus,
444 330 584 363 Zenonis
609 328 798 372 discipulus.
848 330 888 369 5,
912 331 977 363 &51

267 378 320 409 ubi
345 389 374 408 v.
401 376 484 408 Adn.

221 424 444 460 Hermodorus,
469 419 684 462 Ephesiorum
705 418 738 450 in
755 419 831 451 Asia
850 419 980 452 Minore

265 473 420 510 tyrannus
449 467 489 507 (c.
509 476 537 498 a.
552 465 626 496 500.
647 476 676 496 a.
703 464 806 507 Chr.).
842 465 873 506 5,
898 465 978 501 105:

265 511 319 543 ubi
347 523 376 542 v.
403 509 580 541 Adnotata.

220 557 415 595 Herodotus,
465 554 703 594 Halicarnassi,
741 554 853 587 Cariae
888 555 978 594 urbe,

263 607 380 638 natus,
418 599 539 642 primus
566 599 766 632 Graecorum
790 600 976 639 historicus,

265 645 353 676 cuius
374 656 493 676 novem
515 644 589 676 libri
606 646 771 677 Musarum
792 645 979 677 nominibus

261 689 412 732 inscripti
428 696 514 722 sunt.
538 689 627 723 Vixit
642 702 669 722 c.
683 702 712 722 a.
725 688 800 723 444.
813 702 842 722 a.
858 691 932 722 Chr.
944 709 978 715 —

266 737 281 768 1
298 760 306 773 ,
336 736 406 768 115.

219 781 398 820 Hesiodus,
435 779 563 817 Cumis,
589 779 723 812 Aeoliae
747 781 845 821 urbe,
871 787 977 820 natus,

264 837 283 857 a
297 824 473 863 domicilio,
491 824 579 868 quod
592 831 706 867 postea
720 829 849 865 Ascrae,
870 827 977 858 Boeo-

263 870 329 902 tiae
351 870 451 908 urbe,
475 870 669 908 collocavit,
691 874 842 903 Ascraeus
861 871 977 913 appel-

264 916 369 953 latus,
408 915 576 958 complura
613 916 799 958 composuit
824 916 978 948 carmina.

263 960 355 992 Vixit
380 972 407 990 c.
432 971 461 990 a.
484 960 560 991 500.
585 971 613 991 a.
639 960 714 992 Chr.
736 980 778 984 —
805 962 843 998 1,
865 960 896 993 3.
923 960 976 993 95.

221 1004 448 1044 Hieronymus,
483 1004 649 1043 Rhodius,
674 1004 890 1047 philosophus
915 1006 980 1036 Pe—

264 1049 465 1091 ripateticus.
515 1049 630 1080 Cicero
656 1050 741 1092 (Fin.
767 1051 798 1089 5,
826 1048 878 1090 14)
906 1061 979 1081 eum

264 1100 363 1135 vocat
396 1093 530 1125 doctum
564 1094 732 1126 hominem
767 1101 800 1126 et
835 1106 978 1134 suavem,

263 1139 318 1183 qui
337 1150 497 1170 summum
516 1138 637 1170 bonum
661 1139 813 1182 exposuit
830 1140 981 1172 vacuita-

262 1191 330 1216 tem
363 1183 498 1217 doloris.
545 1184 587 1222 2,
617 1185 674 1217 15;
712 1184 765 1216 ubi
799 1197 831 1216 v.
855 1184 979 1217 Adnot.

266 1230 305 1268 5,
330 1226 383 1262 84.
409 1229 463 1262 ffi.
488 1228 541 1261 ὃὸ.
569 1228 641 1261 118.

217 1278 488 1315 Hippocentaurus
515 1275 551 1311 1,
576 1272 630 1305 90.

219 1321 450 1361 Hippodamia,
476 1319 634 1351 Oenomai
656 1319 740 1362 regis
756 1320 856 1351 Elidis
874 1326 907 1352 et
922 1320 979 1352 Pi-

263 1377 318 1397 sae
342 1364 427 1401 filia,
465 1375 527 1406 qua
554 1364 671 1407 Pelops
694 1365 848 1403 tandem,
880 1372 977 1408 post-

264 1422 361 1453 quam
395 1408 504 1452 plures
539 1409 604 1440 iam
629 1410 721 1452 proci
745 1410 784 1441 ab
811 1413 978 1442 Oenomao

264 1455 380 1487 fraude
413 1454 602 1496 interempti
637 1461 732 1494 sunt,
770 1466 842 1486 cum
875 1466 977 1497 regno

265 1500 391 1542 potitus
417 1505 476 1530 est.
522 1498 563 1537 3,
589 1498 642 1531 26.

220 1545 437 1590 Hippolytus,
472 1543 592 1576 Thesei
626 1544 708 1575 filius
742 1555 782 1575 ex
813 1545 979 1576 Amazone

264 1590 451 1633 Hippolyta
488 1590 576 1631 (Eur.
601 1589 703 1632 Hipp.
730 1589 794 1630 11.)
830 1589 882 1620 vel
908 1593 979 1621 An-

265 1635 376 1678 tiopa,
412 1646 429 1665 a
456 1634 603 1665 Phaedra
627 1646 769 1666 noverca
792 1634 897 1677 stupri
920 1646 978 1666 ac-

266 1688 392 1712 cusatus
405 1679 524 1711 Thesei
539 1679 732 1711 crudelitate
747 1679 856 1722 periit.
876 1677 907 1719 4,
923 1679 977 1713 27.

221 1727 378 1765 Hispania
406 1725 440 1761 1,
466 1723 520 1756 &9

219 1772 371 1802 Homerus
393 1768 455 1800 fuit
479 1780 505 1799 c.
527 1780 556 1800 a.
578 1769 671 1801 1000.
695 1780 723 1800 a.
753 1769 827 1800 Chr.
842 1788 885 1793 —-
904 1768 930 1807 1,
946 1768 978 1802 3.

262 1815 318 1848 37.
338 1814 392 1847 95.
426 1813 459 1852 3,
484 1813 533 1846 18.
552 1812 607 1847 63.
626 1813 680 1847 65.
714 1810 746 1854 4,
768 1812 823 1846 49.
849 1814 880 1853 5,
905 1811 979 1846 114.

266 1860 340 1892 115.

219 1918 417 1955 Hortensius,
443 1914 636 1946 clarissimus
662 1921 775 1947 orator
798 1916 976 1955 Romanus,

265 1961 319 2004 qui
338 1960 502 1992 Ciceronis
527 1966 636 1991 aetate
652 1959 715 1991 fuit
741 1958 828 1999 (114.
852 1972 881 1992 a.
903 1960 977 1993 Chr.

264 2013 381 2045 natus,
417 2006 470 2037 50.
504 2005 677 2042 mortuus).
734 2005 774 2037 V.
799 2005 840 2036 de
871 2017 910 2037 eo
942 2005 976 2037 C.

264 2052 355 2082 Brut.
382 2062 409 2081 c.
431 2048 483 2082 92.
532 2051 567 2081 L.
594 2052 626 2082 C.
650 2051 764 2081 Luzac.
786 2062 874 2093 spec.
897 2050 975 2082 hist.

265 2094 360 2126 iurid.
380 2095 420 2125 de
445 2095 485 2133 Q.
500 2094 679 2125 Hortensio
701 2102 842 2126 oratore.
867 2095 974 2137 Lugd.

263 2141 334 2171 Bet.
360 2139 453 2171 leto.
504 2140 552 2169 De
574 2138 641 2169 eius
663 2139 819 2170 memoria
839 2152 870 2173 v.
891 2140 976 2171 Adn.

263 2184 306 2216 ad
333 2185 370 2224 1,
395 2182 448 2215 59.
497 2184 547 2214 De
585 2182 749 2214 Ciceronis
780 2184 884 2223 libro,
921 2184 976 2226 qui

262 2229 442 2262 Hortensius
464 2228 638 2271 inscriptus
665 2235 734 2267 est,
769 2241 799 2259 v.
824 2229 909 2260 Adn.
934 2228 975 2259 ad

262 2274 295 2313 2,
318 2272 350 2307 4.
397 2275 551 2305 Hortensii
571 2284 689 2304 nomen
708 2273 799 2304 duxit
819 2274 872 2305 hic
893 2274 976 2305 liber

264 2331 304 2350 ex
337 2330 397 2357 eo,
435 2318 523 2361 quod
546 2320 725 2350 Hortensius
748 2318 975 2362 philosophiae

262 2363 406 2395 studium
429 2362 672 2406 reprehendens
696 2363 847 2395 inductus
871 2370 951 2395 erat.

219 2422 328 2460 Hydra
362 2420 530 2458 Lernaea,
575 2431 710 2462 serpens
743 2420 978 2463 quinquaginta

264 2465 429 2507 capitum,
454 2476 492 2495 ex
515 2464 648 2507 quibus,
675 2476 740 2496 uno
765 2465 885 2504 exciso,
911 2465 976 2497 duo

264 2509 327 2540 alia
349 2509 460 2540 statim
481 2509 718 2541 recrescebant.
742 2511 773 2546 2,
787 2511 840 2542 22.
866 2512 977 2550 Hydra

265 2565 337 2585 cum
359 2556 499 2586 Echidna
520 2554 692 2597 permixta.
739 2556 780 2588 V.
802 2555 924 2587 Adnot.
943 2555 976 2587 in

265 2597 306 2637 2,
331 2598 385 2630 22.

220 2653 372 2694 Hypanis,
397 2653 509 2684 fluvius
533 2654 565 2685 in
590 2655 750 2687 Sarmatia
773 2656 914 2688 Asiatica
936 2656 977 2688 ad

264 2699 450 2741 Bosporum
474 2698 689 2731 Cimmerium.
727 2701 836 2733 Hodie
859 2701 977 2745 appel-

265 2744 351 2775 latur
373 2745 448 2783 309.
486 2743 525 2782 1,
549 2741 609 2776 94:
634 2744 689 2775 ubi
712 2757 743 2778 v.
768 2746 852 2778 Adn.

220 2802 398 2840 Hyrcania,
436 2798 526 2841 regio
551 2798 693 2831 Asiatica
727 2801 769 2832 ad
793 2804 885 2835 Mare
911 2803 978 2835 ca-

264 2845 380 2888 spium.
419 2843 458 2884 1,
487 2844 561 2878 108.

589 2925 611 2956 1.

220 2980 342 3021 lbfjcus,
361 2960 383 3012 'e
404 2979 540 3022 Rhegio,
565 2979 679 3012 ltaliae
700 2978 866 3012 inferioris
886 2981 974 3019 urbe,

777 116 921 148 INDEX
944 116 1217 149 HISTORICUS.

1059 194 1224 235 oriundus,
1249 200 1350 239 poeta
1376 197 1515 240 lyricus,
1541 211 1568 231 c.
1589 211 1617 232 a.
1640 200 1715 234 570.
1741 212 1770 231 a.

1061 240 1136 272 Chr.
1163 260 1204 264 —-
1229 238 1269 280 4,
1294 241 1348 275 71.

1013 287 1124 324 India,
1148 285 1261 328 ingens
1286 285 1382 318 Asiae
1405 287 1504 329 regio.
1550 289 1590 327 5,
1613 288 1666 322 77.
1691 289 1745 323 78.

1013 332 1078 370 Ino,
1106 329 1218 361 Cadmi
1241 337 1274 362 et
1298 331 1491 363 Hermiones
1512 332 1588 363 filia.
1623 334 1768 366 Uxorem

1059 386 1129 406 eam
1146 375 1237 406 duxit
1258 375 1425 414 Athamas,
1447 388 1504 408 rex
1524 377 1768 422 Thebanorum,

1059 426 1235 462 postquam
1256 421 1415 463 Nephele,
1442 433 1481 452 ex
1501 433 1564 465 qua
1584 421 1638 453 ille
1662 423 1769 466 Phry-

1058 476 1134 496 xum
1156 471 1189 496 et
1212 465 1326 497 Hellen
1347 473 1548 509 susceperat,
1574 466 1690 498 Bacchi
1712 468 1769 499 fu—

1058 521 1133 541 rore
1157 510 1279 552 agitata
1303 511 1335 542 in
1359 511 1456 543 silvas
1471 523 1506 543 se
1524 511 1674 543 contulit.
1709 514 1768 545 Ino

1058 555 1226 597 privignos
1261 555 1348 599 apud
1381 563 1510 599 patrem
1545 568 1699 588 accusans
1730 569 1771 590 eo

1060 600 1227 642 compulit,
1254 608 1298 639 ut,
1326 612 1504 633 conscenso
1529 613 1627 633 aureo
1650 602 1762 642 ariete,

1059 645 1135 688 suga
1151 645 1212 677 sibi
1230 645 1447 679 consulerent.
1475 648 1579 686 Quam
1592 658 1660 677 rem
1673 659 1771 690 aegre

1059 691 1169 721 ferens
1192 692 1272 722 Iuno
1291 691 1478 722 Athamanti
1503 691 1601 723 furias
1623 691 1768 732 immisit,

1059 735 1186 778 quaein
1208 742 1335 767 tantam
1347 747 1419 767 eum
1440 736 1620 779 adegerunt
1634 737 1769 777 rabiem,

1059 787 1113 818 ut,
1153 792 1251 823 quum
1276 782 1334 812 Ino
1367 793 1438 813 cnm
1464 781 1536 813 filiis
1563 782 1710 813 Learcho
1735 790 1770 814 et

1059 825 1229 857 Melicerta
1253 826 1295 857 ad
1324 838 1360 857 se
1383 826 1594 858 accedentem
1618 826 1771 870 adspice-

1058 877 1128 909 ret,
1160 870 1245 903 hanc
1269 871 1434 911 leaenam,
1469 871 1552 903 filios
1577 878 1685 903 autem
1711 884 1767 904 ca-

1060 915 1146 946 tulos
1182 916 1394 948 arbitraretur
1437 923 1630 959 raptumque
1663 918 1770 949 Lear-

1060 960 1156 991 chum
1180 972 1258 992 saxo
1282 961 1445 1001 illideret,
1476 961 1562 992 idem
1587 962 1771 1004 exemplum

1057 1004 1090 1035 in
1117 1016 1217 1036 uxore
1242 1005 1405 1044 editurus,
1444 1006 1505 1036 nisi
1537 1006 1592 1037 illa
1618 1014 1771 1049 correpto

1058 1049 1229 1081 Melicerta
1255 1061 1316 1080 una
1335 1061 1405 1081 cum
1422 1050 1479 1082 illo
1498 1050 1529 1081 in
1547 1062 1636 1082 mare
1654 1062 1688 1082 se
1709 1052 1769 1083 ab-

1059 1093 1209 1133 iecisset,
1233 1094 1286 1126 ubi
1310 1094 1341 1126 in
1363 1095 1457 1127 deam
1479 1095 1636 1127 marinam
1660 1103 1769 1128 trans-

1060 1138 1201 1170 formata
1227 1146 1260 1171 et
1283 1140 1473 1172 Leucothea
1509 1141 1609 1183 (apud
1632 1141 1770 1173 Latinos

1059 1184 1201 1225 Matuta)
1235 1191 1353 1217 vocata
1383 1192 1439 1216 est.
1496 1187 1535 1218 V.
1563 1185 1657 1218 ovid.
1689 1187 1770 1219 Met.

1058 1227 1091 1267 4,
1113 1227 1331 1269 416—5623
1370 1230 1412 1262 cf.
1438 1231 1534 1262 Hom.
1561 1230 1622 1262 Od.
1647 1231 1679 1270 5,
1704 1231 1770 1265 333

1059 1286 1130 1317 sqq.
1154 1293 1198 1298 —
1225 1275 1252 1314 1,
1276 1275 1339 1308 2ὅε
1365 1275 1419 1307 ubi
1443 1275 1571 1307 v.Adn.
1611 1276 1770 1308 Cf.Atha-

1058 1329 1138 1351 mas.

1011 1366 1093 1396 Iovis
1114 1366 1254 1404 satelles,
1279 1364 1407 1404 vultur,
1442 1365 1497 1408 qui
1519 1365 1608 1398 iecur
1631 1367 1770 1398 Prome-

1058 1409 1127 1439 thei
1151 1409 1341 1443 dilaniabat.
1382 1410 1422 1449 2,
1447 1409 1500 1444 54.

1011 1455 1191 1494 Iphiyenia,
1216 1454 1279 1485 filia
1306 1455 1557 1496 Agamemnonis
1581 1462 1614 1487 et
1634 1456 1769 1499 Clytae-

1057 1505 1230 1530 mnestrae.
1280 1500 1386 1538 Quum
1418 1504 1621 1542 Agamemno
1652 1501 1769 1533 Aulide

1059 1555 1188 1575 cervum
1217 1544 1338 1575 Dianae
1368 1544 1557 1587 imprudens
1583 1545 1767 1586 occidisset,

1058 1587 1118 1619 dea
1140 1588 1307 1630 indignata
1323 1590 1493 1620 contrariis
1514 1590 1643 1621 flatibus
1663 1591 1771 1622 Grae—

1060 1644 1172 1665 corum
1215 1633 1459 1676 expeditionem
1499 1635 1678 1667 Troianam
1720 1642 1771 1667 est

1058 1685 1232 1711 remorata.
1290 1679 1361 1718 Qua
1396 1679 1437 1710 de
1476 1691 1511 1711 re
1547 1691 1644 1723 quum
1678 1687 1769 1712 vates

1060 1723 1289 1762 consulerent,
1313 1735 1505 1766 responsum
1530 1732 1598 1764 est,
1624 1729 1768 1767 Agame-

1059 1768 1188 1799 mnonis
1216 1769 1372 1811 sauguine
1401 1769 1496 1800 deam
1526 1781 1595 1801 esse
1630 1771 1768 1812 placan-

1059 1813 1146 1844 dam.
1180 1813 1297 1845 Missus
1320 1813 1418 1856 igitur
1434 1814 1545 1846 Ulixes
1568 1815 1770 1857 Iphigeniam

1059 1865 1132 1890 astu
1163 1870 1182 1890 a
1215 1865 1319 1890 matre
1348 1859 1502 1898 abduxit,
1548 1860 1666 1891 Achilli
1698 1872 1769 1892 eam

1058 1910 1232 1946 nupturam
1253 1903 1417 1943 simulans,
1441 1916 1602 1947 quumque
1623 1905 1688 1937 iam
1702 1905 1768 1937 im-

1057 1948 1211 1980 molanda
1235 1956 1337 1988 esset,
1365 1949 1425 1981 dea
1449 1949 1515 1981 eius
1537 1949 1670 1982 miserta
1693 1962 1767 1983 cer-

1056 2005 1130 2025 vam
1154 2005 1215 2037 pro
1240 2006 1276 2025 ea
1296 1995 1488 2037 supposuit,
1522 1995 1682 2038 virginem
1705 2008 1767 2027 au-

1055 2045 1123 2070 tem
1148 2040 1181 2071 in
1202 2039 1374 2072 Tauricam
1397 2040 1564 2083 regionem
1586 2041 1763 2073 transtulit.

1059 2084 1197 2123 1,116.

1011 2141 1176 2178 Isocrates,
1224 2140 1338 2171 rhetor
1379 2152 1520 2173 summus
1554 2142 1766 2185 Graecorum,

1054 2184 1284 2227 Atheniensis,
1311 2185 1452 2227 Gorgiae
1477 2186 1663 2229 discipulus,
1689 2199 1716 2219 c.
1737 2199 1766 2219 a.

1054 2226 1129 2260 400.
1152 2240 1180 2260 a.
1206 2229 1281 2260 Chr.
1304 2246 1349 2252 -—-
1375 2232 1412 2268 1,
1438 2230 1478 2263 7:
1504 2231 1558 2262 ubi
1582 2243 1611 2262 v.
1635 2231 1720 2263 Adn.

1008 2286 1122 2324 Italia,
1145 2281 1178 2326 4,
1201 2284 1232 2318 2.
1251 2285 1282 2318 7.
1318 2285 1349 2325 5,
1373 2284 1424 2318 10.
1449 2305 1493 2311 —
1524 2289 1650 2320 Italicae
1669 2298 1764 2319 men-

1055 2341 1120 2360 sae.
1157 2331 1200 2367 5,
1227 2330 1299 2361 100.

1009 2377 1145 2414 Iuppiter
1171 2376 1341 2414 Olympius.
1376 2375 1416 2415 2,
1440 2372 1494 2409 40.

1009 2422 1172 2460 Iuventas,
1195 2416 1311 2463 ΓἨβη.
1359 2421 1400 2453 V.
1426 2420 1512 2453 Adn.
1534 2421 1569 2453 in
1594 2422 1610 2455 1
1625 2447 1634 2463 ,
1658 2420 1712 2456 63.

1369 2501 1407 2531 K.

1010 2556 1295 2595 Karthayinienses,
1316 2555 1443 2588 incolae
1469 2556 1683 2599 Carthaginis,
1708 2569 1764 2588 ur-

1055 2599 1104 2630 bis
1129 2599 1161 2630 in
1173 2599 1283 2631 Africa
1304 2601 1398 2639 sitae,
1424 2599 1496 2634 146.
1512 2613 1540 2634 a.
1558 2602 1632 2633 Chr.
1655 2613 1673 2633 a
1692 2602 1761 2633 Ro-

1055 2643 1158 2676 manis
1183 2644 1321 2677 deletae.
1360 2647 1401 2686 5,
1425 2645 1480 2679 53.

1368 2727 1404 2757 L.

1009 2782 1165 2813 Lacaena.
1203 2781 1240 2820 1,
1267 2779 1339 2813 101.
1377 2781 1416 2821 2,
1440 2779 1494 2814 36.

1010 2838 1224 2915 ΒαὲεάΞε-ἕτιο,
1247 2836 1281 2869 in
1303 2836 1530 2879 Peloponneso
1553 2836 1625 2869 sita.
1649 2838 1681 2878 2,
1706 2836 1760 2872 46.

1128 2893 1136 2915 ι
1167 2904 1174 2912 .

1011 2907 1258 2972 Lacedaemonii.
1294 2939 1334 2980 1,
1360 2937 1431 2970 100.
1459 2937 1533 2971 101.
1577 2939 1617 2980 2,
1642 2938 1695 2972 59.
1729 2941 1761 2980 5,

1056 2980 1109 3016 42.
1133 2982 1187 3016 98.
1211 2981 1265 3016 99.
