1863 3221
229 93 313 137 454

343 179 508 222 XXXI.

234 255 394 305 dicitur,
429 267 505 294 non
528 251 561 292 si
585 251 706 291 altera
729 263 885 304 semper
907 250 1009 290 omni
1030 250 1195 300 damno,
1235 249 1356 290 altera
1382 250 1486 290 omni
1503 253 1517 279 ¹
1545 250 1789 306 tempestatis

778 99 938 131 LIBER
956 100 995 131 V.
1020 99 1085 137 31,
1110 97 1165 130 86.
1191 98 1244 132 87.

570 186 639 220 86.
674 177 778 218 Nam
803 185 844 217 ut
875 184 1113 230 quaestuosa
1142 185 1385 229 mercatura,
1431 180 1627 219 fructuosa
1665 179 1788 218 aratio

235 327 452 369 calamitate
471 337 625 378 semper
645 329 781 372 vacat,
816 323 882 363 sed
904 323 936 363 si
959 323 1077 362 multo
1100 323 1247 362 maiore
1267 336 1318 362 ex
1342 330 1452 377 parte
1472 330 1604 363 exstat
1624 324 1662 363 in
1685 330 1789 364 utra-

234 414 306 454 que
336 398 521 447 selicitas3
556 395 612 436 sic
640 396 719 437 vita
748 410 823 435 non
850 396 973 436 solum
1001 396 1031 435 si
1057 396 1223 449 undique
1245 396 1389 435 referta
1417 396 1528 436 bonis
1553 403 1635 447 est,
1669 397 1735 436 sed
1758 396 1792 436 si

233 473 352 513 multo
380 470 525 510 maiore
549 476 587 508 et
608 469 790 522 graviore
813 483 865 509 ex
888 475 998 523 parte
1020 468 1122 508 bona
1150 469 1413 522 propendent,
1449 469 1562 509 beata
1588 475 1695 508 recte
1716 468 1791 508 dici

234 551 375 599 potest.
440 547 509 583 87.
543 540 741 595 Sequetur
762 542 880 595 igitur
901 541 1035 581 horum
1052 544 1071 568 2
1100 541 1250 581 ratione
1271 541 1335 581 vel
1355 542 1400 581 ad
1427 541 1654 596 supplicium
1679 541 1793 581 beata

230 617 309 656 vita
330 615 512 656 virtutem
535 629 696 668 cumque
718 629 762 654 ea
788 615 998 655 descendet
1016 615 1053 654 in
1076 621 1244 665 taurum,
1279 614 1510 665 Aristotele,
1543 612 1787 667 Xenocrate,

236 687 479 743 Speusippo,
510 686 723 728 Polemone
755 687 1002 736 auctoribus,
1038 701 1108 727 nec
1135 701 1219 727 eam
1248 687 1363 726 minis
1381 690 1397 713 ³
1428 693 1494 726 aut
1519 686 1792 726 blandimentis

232 769 413 815 corrupta
431 761 602 801 deseret.
655 759 805 800 Eadem
826 758 1082 814 Calliphontis
1103 760 1178 800 erit
1200 759 1437 813 Diodorique
1457 759 1668 809 sententia,
1696 773 1791 812 quo-

231 849 315 875 rum
340 840 501 887 uterque
520 833 759 873 honestatem
780 834 835 873 sie
854 833 1137 888 complectitur,
1170 839 1212 873 ut
1232 832 1375 882 omnia,
1410 846 1507 885 quae
1526 832 1610 872 sine
1631 845 1677 872 ea
1697 832 1791 881 sint,

232 907 380 960 longe4
420 913 525 945 retro
556 907 732 959 ponenda
771 913 946 945 censeat.
1022 905 1177 959 Reliqui
1213 905 1357 945 babere
1387 920 1429 945 se
1464 905 1645 945 videntur
1670 919 1792 958 augu-

233 979 356 1030 stius3
390 985 550 1018 enatant
573 985 726 1017 tamen:
762 977 956 1031 Epicurus
973 1009 982 1027 ,
1018 977 1282 1031 Hieronymus
1303 985 1342 1016 et
1364 978 1395 1016 si
1417 977 1603 1030 quisunt,
1638 978 1701 1031 qui
1726 978 1791 1017 de-

322 1082 459 1115 XXXI.
510 1082 525 1114 1
553 1081 607 1114 Sic
642 1084 695 1114 Or.
722 1095 748 1114 c.
778 1082 851 1115 cod.
877 1083 952 1113 Urs.
987 1089 1020 1113 et
1047 1093 1111 1114 uno
1136 1083 1214 1119 Ox.;
1251 1082 1367 1125 reliqui
1391 1085 1510 1114 omnis:
1546 1082 1635 1125 quod
1667 1083 1794 1125 recepit

231 1128 307 1167 Kh,
333 1139 419 1159 nunc
444 1134 554 1159 autem
575 1127 607 1158 in
634 1127 721 1158 Add.
744 1126 861 1158 reiicit.
907 1126 929 1158 2
954 1127 1007 1158 Sic
1029 1129 1083 1158 Or.
1110 1139 1137 1159 c.
1161 1127 1288 1158 Gud.1.
1312 1127 1343 1159 2.
1368 1138 1424 1158 sex
1450 1130 1529 1159 Oxx.
1550 1127 1656 1159 Rehd.
1678 1127 1791 1159 Duisb.

233 1173 342 1205 Guelf.
368 1180 402 1203 et
421 1172 547 1215 aliquot
569 1171 644 1202 edd.
660 1179 762 1209 vett.;
789 1172 842 1203 alii
863 1171 974 1209 codd,
1000 1178 1034 1202 ut
1056 1172 1105 1210 R„
1131 1174 1302 1212 honorum5
1324 1172 1412 1214 vulg.
1437 1174 1583 1203 bonorum
1611 1172 1670 1215 (sic
1693 1172 1793 1204 etiarn

233 1218 281 1258 P.)
331 1216 352 1249 3
378 1217 431 1248 Sic
457 1217 586 1259 egregie
610 1216 694 1247 coni.
718 1216 822 1247 Bentl.
847 1223 880 1247 et
901 1227 976 1247 vere
1004 1216 1124 1258 legitur
1146 1216 1178 1247 in
1206 1216 1344 1254 Gud.1.,
1372 1217 1425 1259 qui
1447 1223 1557 1248 tamen
1581 1228 1718 1260 sequens
1737 1221 1792 1248 aut

233 1262 376 1299 omittit3
402 1261 501 1303 vulgo
523 1269 556 1293 et
580 1272 693 1292 omnes
720 1261 788 1292 fere
813 1260 910 1293 codd.
937 1260 1047 1303 (etiarn
1072 1261 1110 1292 R.
1137 1261 1185 1300 P.)
1210 1272 1280 1293 eam
1303 1264 1440 1293 minimis
1462 1264 1522 1292 bl..·
1555 1273 1651 1304 quam
1675 1262 1790 1293 absin-⁶

232 1306 307 1338 dam
335 1318 397 1338 scr.
421 1307 477 1337 Kl.
499 1306 626 1348 recepit
656 1306 847 1349 ingentique
871 1306 1045 1337 verborum
1080 1305 1174 1337 turba
1205 1305 1375 1343 defendit,
1411 1317 1498 1337 nunc
1519 1312 1629 1337 autem
1652 1306 1685 1337 in
1707 1305 1791 1337 Add.

232 1351 396 1390 deseruit3
431 1352 488 1382 Tr.
510 1353 603 1382 minis
629 1350 898 1393 [blandimentis];
931 1357 964 1382 at
995 1353 1088 1382 minis
1119 1353 1277 1390 corrumpi
1299 1351 1417 1382 Latine
1445 1361 1508 1381 non
1542 1350 1607 1382 dici
1629 1363 1705 1382 vere
1729 1350 1792 1382 ob-

232 1396 377 1427 servavit
403 1397 480 1427 Wes.
501 1397 571 1426 Em.
599 1396 639 1426 ll.
665 1406 696 1436 p.
722 1396 792 1433 ll.,
830 1395 883 1437 qui
904 1395 1023 1436 probat
1050 1395 1153 1425 Bentl.
1177 1396 1398 1426 coniecturam
1423 1402 1455 1426 et
1477 1395 1497 1426 l.
1522 1395 1554 1426 d.
1579 1407 1610 1437 p.
1633 1393 1665 1426 9.
1690 1395 1794 1426 multa

233 1440 382 1481 exempla
404 1439 554 1476 contulit,
579 1439 612 1470 in
634 1439 748 1481 quibus
773 1451 790 1470 a
811 1439 950 1470 librariis
974 1439 1088 1470 mediis
1111 1439 1277 1470 vocabulis
1298 1439 1445 1482 syllabae
1467 1439 1578 1470 illatae
1599 1447 1684 1471 sunt.
1722 1441 1790 1471 De-

232 1490 370 1527 pravato
394 1491 502 1515 autem
523 1486 617 1515 ‘minis
638 1484 670 1514 in
691 1486 848 1524 minimis,
872 1490 991 1526 sponte
1014 1491 1114 1525 patet,
1141 1495 1196 1515 cur
1217 1488 1271 1515 aut
1293 1484 1446 1515 omissum
1467 1484 1519 1515 sit.
1569 1484 1673 1515 Rehd.
1700 1487 1793 1516 mini-

233 1532 291 1561 mis
316 1532 335 1560 ἃ
354 1531 413 1560 bl..·
449 1540 466 1559 e
496 1539 560 1570 quo
584 1528 781 1569 compendio
815 1528 912 1560 facile
944 1528 1160 1570 intelligitur,
1198 1528 1365 1571 quomodo
1399 1540 1438 1559 ex
1469 1531 1563 1560 minis
1585 1532 1640 1560 aut
1661 1531 1700 1560 bl.
1723 1528 1793 1560 fieri

231 1573 379 1616 potuerit
402 1575 539 1605 minimis
563 1575 601 1604 bl.
648 1572 669 1604 4
694 1585 723 1604 v.
751 1573 836 1604 Adn.

234 1642 392 1672 Ellendtus
405 1639 446 1671 ad
460 1639 500 1670 de
514 1642 567 1672 Or.
584 1641 606 1671 l.
620 1639 650 1676 (i,
666 1639 718 1671 21.
737 1641 812 1672 Vol.
825 1642 864 1671 Il.
882 1652 912 1683 p.
927 1640 992 1679 20„

233 1696 420 1728 perversam
440 1684 529 1715 illam
550 1683 627 1715 mihi
649 1684 764 1715 tribuit
783 1685 993 1716 sententiam.

301 1729 525 1760 cmxxxi.
548 1727 641 1770 §.eu
666 1731 870 1770 propendent]
896 1742 994 1772 prae-

232 1773 436 1817 ponderant,
462 1780 497 1804 ut
520 1773 698 1815 loquuntur
721 1774 912 1815 posterioris
935 1786 992 1805 ae—

232 1818 308 1849 tatis
336 1817 522 1860 scriptores.
575 1817 670 1859 Apud
696 1818 888 1850 Ciceronem
914 1831 992 1862 pas-

231 1862 299 1894 sive
324 1868 451 1893 tantum
482 1869 656 1904 usurpatur
678 1862 745 1894 hoc
769 1864 924 1903 verbum,
958 1871 994 1895 ut

230 1909 477 1947 praeponderari
500 1909 664 1939 honestate.
710 1908 907 1950 Metaphora
932 1909 997 1940 du—

234 1958 285 1983 cta
310 1958 359 1982 est
384 1964 401 1983 a
427 1952 521 1983 libra.
568 1953 608 1984 V.
635 1963 733 1994 supra
759 1965 785 1985 e.
808 1954 860 1994 17,
886 1954 939 1986 51.

300 1997 327 2038 §.
348 1996 401 2029 δῖ’.
435 1998 544 2028 horum
566 1997 698 2039 ratione]
726 1998 801 2030 scil.
824 1998 997 2041 Peripate-

230 2041 391 2077 ticorum;
415 2043 574 2072 descendet
593 2045 626 2072 in
645 2045 791 2082 taurum,
814 2043 884 2074 scil.
909 2043 997 2075 Pha-

232 2084 363 2120 laridis3
391 2085 433 2115 cf.
457 2084 520 2120 26,
546 2085 599 2117 75.

297 2138 352 2160 nec
372 2138 440 2159 eam
464 2131 556 2160 minis
581 2133 635 2160 aut
657 2131 875 2162 blandimentis
893 2142 997 2163 corru-

228 2177 285 2214 pta
307 2172 435 2215 deseret]
471 2173 514 2203 H.
540 2184 566 2204 e.
599 2185 660 2204 nec
685 2173 781 2205 beata
806 2175 872 2206 vita
903 2179 995 2207 minis

231 2219 347 2249 doloris
381 2219 412 2258 (a
441 2228 476 2248 se
507 2217 756 2259 repellentibus)
793 2223 899 2251 territa
934 2232 994 2251 nec

230 2264 397 2301 voluptatis
417 2264 634 2294 blandimentis
667 2263 722 2304 (ad
743 2275 778 2295 se
802 2265 994 2296 revocanti—

230 2306 312 2344 bus)
349 2311 495 2346 corrupta
530 2307 686 2338 virtutem
720 2308 761 2339 ad
798 2309 992 2351 supplicium

231 2350 494 2393 proficiscentem
539 2352 668 2382 deseret
683 2377 690 2390 ,
740 2353 786 2384 uti
825 2354 993 2396 eleganter

228 2395 260 2426 h.
283 2395 304 2427 l.
337 2395 514 2437 explicavit
549 2398 681 2428 It'esenb.
707 2399 775 2431 Em.
795 2399 836 2430 ΙΙ.
870 2410 902 2440 p.
926 2399 990 2437 li.,

230 2451 337 2481 comp.
361 2441 400 2471 V.
425 2439 465 2479 6,
495 2438 545 2472 14.
601 2441 708 2473 Tacit.
732 2445 817 2474 Ann.
845 2443 903 2482 15,
928 2443 990 2476 61:

230 2486 447 2516 blandimentis
479 2488 561 2516 vitae
595 2489 726 2518 evictam
759 2499 803 2519 sc.
840 2495 874 2519 ut
910 2489 993 2520 mori

229 2528 343 2558 nollet.
390 2529 460 2560 Fin.
482 2531 503 2559 Ι.
534 2532 560 2571 ξ.
577 2531 639 2562 ’ὀόε
665 2533 825 2564 blanditiis
850 2544 881 2572 p.
906 2535 993 2565 votu-

226 2575 349 2612 ptatum
370 2574 492 2604 deleniti
513 2581 608 2616 atque
633 2579 776 2616 corrupti.
826 2578 926 2609 Acad.
951 2579 992 2609 Π.

230 2616 348 2658 §.13⁴2
392 2618 488 2647 Tusc.
517 2619 567 2650 [V.
593 2622 619 2661 §-
636 2620 666 2650 (Β.
707 2632 738 2662 p.
765 2621 850 2652 Cael.
876 2623 991 2660 5.11.;

230 2660 272 2692 de
295 2667 462 2702 zeugmate
485 2672 513 2691 ν.
535 2673 628 2703 supra
655 2664 696 2694 ad
722 2667 760 2695 H.
782 2665 844 2703 24,
870 2659 922 2700 37.

296 2708 383 2745 lonye
414 2709 492 2736 retro
524 2709 681 2749 ponenda]
721 2710 819 2751 longe
852 2711 992 2753 postha—

228 2749 347 2781 benda.
376 2754 518 2781 Auctore
539 2752 741 2792 ll'esenberyio
758 2755 826 2785 Em.
844 2757 866 2785 l.
892 2768 921 2797 p.
937 2757 991 2787 550.

230 2794 338 2826 delevi
368 2799 412 2834 et,
447 2794 536 2837 quod
559 2794 645 2825 inter
672 2799 757 2836 lonye
783 2806 814 2829 et
834 2804 913 2832 retro
936 2800 990 2831 in-

230 2839 405 2871 teriectum
417 2839 449 2871 in
463 2838 613 2870 omnibus
626 2841 722 2871 codd.
736 2841 862 2883 legitur.
888 2846 990 2885 Lon9e

230 2888 311 2916 retro
339 2894 453 2924 ponere
483 2883 606 2915 dictum
632 2891 700 2922 est,
737 2892 771 2916 ut
794 2889 881 2927 longe
905 2894 989 2928 post-

228 2938 351 2968 ponere,
375 2932 490 2969 antep„
509 2928 636 2961 similia.
662 2931 701 2961 Et
718 2929 749 2961 in
773 2931 869 2962 codd.
890 2944 988 2975 saepe

1028 1652 1067 1671 ex
1100 1650 1114 1671 e
1143 1647 1255 1671 natum
1289 1651 1378 1677 esse,
1420 1642 1463 1670 W.
1493 1639 1602 1671 multis
1634 1640 1792 1682 exemplis

1028 1685 1286 1722 demonstravit3
1313 1685 1356 1716 cf.
1380 1685 1418 1715 V.
1440 1686 1508 1716 Ser.
1534 1686 1590 1717 JV.
1614 1683 1645 1723 -i,
1669 1688 1701 1717 ὅ.
1742 1688 1792 1717 Τι’-

1026 1732 1111 1761 scher
1137 1741 1153 1760 e
1190 1729 1274 1760 coni.
1309 1729 1414 1760 edidit
1444 1731 1530 1769 lonye
1562 1732 1597 1761 ei
1627 1733 1708 1761 retro
1737 1740 1790 1769 ρ..-

1029 1774 1117 1816 quod
1141 1774 1245 1805 minus
1271 1773 1390 1816 placet.

1095 1818 1269 1861 anyustius]
1296 1818 1440 1860 pluribus
1463 1818 1714 1850 difficultatibus
1734 1831 1791 1850 ur—

1028 1870 1156 1905 gentur.
1189 1865 1346 1895 Ernestius
1373 1863 1463 1894 Clav.
1487 1863 1519 1895 h.
1539 1875 1570 1894 ν.
1612 1864 1694 1894 Dein
1716 1873 1789 1896 ena—

1032 1912 1097 1940 tani
1121 1915 1169 1939 est
1193 1908 1249 1939 has
1274 1907 1488 1939 difficultates
1512 1915 1677 1950 superant.

1099 1954 1265 1993 desertum]
1303 1952 1378 1995 quia
1413 1953 1480 1984 eius
1515 1953 1714 1984 sententiam
1749 1952 1791 1983 de

1031 2009 1157 2028 summo
1184 1997 1273 2028 bono
1298 2009 1395 2029 nemo
1421 1996 1691 2029 Academicorum
1715 2002 1792 2039 post

1033 2054 1106 2073 eum
1129 2041 1290 2074 defendit.
1328 2044 1466 2074 Neidius.
1515 2042 1601 2073 Hinc
1622 2042 1662 2073 de
1684 2041 1791 2073 Finib.

1030 2085 1070 2124 4,
1100 2088 1154 2119 11-3:
1191 2086 1277 2124 Quid
1304 2098 1415 2118 censes
1449 2098 1504 2118 eos
1530 2098 1600 2118 esse
1633 2087 1792 2124 facturos,

1032 2131 1086 2172 qui
1122 2131 1255 2162 omnino
1289 2132 1444 2162 virtutem
1479 2143 1497 2162 a
1531 2131 1695 2163 bonorum
1728 2131 1792 2162 fine

1030 2182 1295 2216 segregaverunt,
1327 2175 1514 2216 Epicurum,
1540 2176 1790 2218 Hieronymum,

1028 2219 1102 2250 illos
1124 2219 1222 2250 etiam
1239 2220 1265 2249 si
1285 2219 1339 2261 qui
1358 2220 1579 2250 Carneadeum
1594 2220 1691 2250 finem
1708 2219 1791 2250 tueri

1029 2263 1155 2294 volunt.
1182 2270 1215 2294 et
1236 2263 1276 2301 2,
1303 2264 1359 2295 12:
1397 2264 1553 2295 Reiicitur
1585 2265 1683 2295 etiam
1709 2264 1790 2295 Car—

1029 2308 1166 2344 neades-3
1200 2319 1262 2339 nec
1284 2308 1348 2339 ulla
1371 2308 1411 2338 de
1436 2320 1562 2339 summo
1583 2308 1672 2341 bono
1694 2308 1791 2346 ratio,

1029 2359 1084 2383 aut
1107 2353 1297 2395 voluptatis,
1326 2364 1390 2384 non
1416 2352 1591 2384 dolendive
1614 2353 1790 2396 particeps,

1028 2404 1083 2428 aut
1104 2397 1286 2429 honestatis
1309 2409 1424 2440 expers
1446 2398 1650 2440 probabitur.
1686 2399 1726 2428 V.
1750 2398 1792 2430 de

1029 2442 1095 2473 eius
1127 2442 1291 2474 sententia
1326 2454 1423 2485 supra
1456 2454 1483 2475 c.
1504 2443 1567 2481 30,
1591 2441 1644 2476 &4
1679 2441 1790 2486 ibique

1029 2486 1206 2518 Adnotata.

1096 2535 1189 2564 Nemo
1210 2537 1252 2564 est
1274 2535 1365 2571 enim,
1389 2534 1463 2571 quin
1484 2542 1626 2564 verorum
1644 2534 1791 2563 bonorum

1029 2576 1184 2619 animum]
1201 2577 1254 2608 Sic
1267 2576 1382 2618 scripsi
1396 2576 1438 2607 de
1452 2577 1555 2607 Bentl.
1573 2576 1656 2607 coni.
1685 2578 1758 2607 Ver
1770 2585 1790 2607 a

1028 2624 1109 2653 bona
1134 2628 1346 2663 opponuntur
1368 2633 1478 2663 seqq.:
1516 2631 1572 2659 ea,
1605 2629 1684 2660 qnae
1709 2622 1789 2652 bona

1028 2685 1069 2689 ——
1094 2668 1337 2697 videantur.
1395 2668 1514 2696 Omnes
1540 2665 1609 2695 fere
1633 2663 1730 2695 codd.
1757 2671 1790 2695 et

1029 2711 1116 2740 Non.
1152 2722 1185 2752 p.
1206 2712 1268 2747 ³2,
1295 2710 1348 2743 27.
1381 2710 1427 2740 sic
1466 2709 1595 2751 legunt:
1635 2719 1723 2740 nerito
1748 2713 1789 2741 est

1026 2757 1129 2793 enim,
1162 2757 1231 2795 qui
1265 2765 1404 2786 eorum
1435 2756 1502 2785 bon.
1535 2764 1588 2792 a.‚
1625 2754 1790 2785 sententia

1026 2798 1220 2830 reluctante.
1256 2799 1342 2830 Hinc
1355 2801 1393 2830 L.
1417 2800 1470 2837 qui
1491 2798 1628 2829 mutavit
1648 2797 1680 2828 in
1704 2800 1790 2837 quin,

1024 2843 1123 2886 idque
1149 2844 1213 2874 duo
1236 2846 1315 2875 Oxx.
1339 2842 1460 2874 habere
1481 2842 1654 2877 videntum
1681 2842 1787 2873 Rehd.

1022 2899 1084 2930 pro
1098 2891 1150 2928 qui
1170 2888 1269 2919 habet
1287 2890 1340 2928 qui
1358 2898 1440 2925 non;
1463 2889 1516 2918 Or.
1537 2887 1578 2918 de
1600 2887 1684 2919 coni.
1700 2887 1788 2925 Em.,

1023 2933 1121 2964 etiam
1145 2931 1384 2973 VVesenbergio
1414 2933 1481 2962 Em.
1503 2934 1526 2963 Ι.
1558 2944 1591 2975 p.
1610 2933 1663 2965 21.
1700 2943 1784 2974 pro—
