1832 3137
1538 106 1619 148 267

63 197 171 239 Male
194 195 336 238 Latine
364 197 541 246 videtui-3
584 198 652 238 sed
679 197 878 252 praeclare
900 197 1108 247 Accius⁵3
1155 203 1195 236 ut
1217 197 1321 236 enim
1348 196 1521 246 videre,
1564 195 1621 235 sic

62 271 259 312 invidere
282 269 435 325 florem
469 270 636 320 rectius,
685 284 796 324 quam
829 270 946 324 flori.

62 358 172 393 mur;
205 349 319 398 po'e‘ta
351 344 411 383 ius
442 357 553 383 suum
586 344 711 384 tenuit
741 350 779 383 et
810 343 909 382 dixit
940 344 1138 384 audacius.

174 415 232 457 X.
1519 414 1620 457 Nam

62 491 125 544 qui
145 490 248 530 dolet
270 490 385 530 rebus
406 490 570 530 alicuius
589 489 782 539 advorsis,
817 489 917 528 idem
941 489 1103 529 alicuius
1126 490 1240 530 etiam
1263 490 1444 530 secundis
1466 490 1570 530 dolet
1585 493 1618 529 ¹.

579 127 587 134 ·
633 118 800 150 LIBER
825 119 882 149 Ill.
914 117 972 157 10,
998 116 1052 150 21.

1005 269 1094 311 Nos
1131 269 1411 310 consuetudine
1442 269 1621 324 prohibe-

294 423 363 456 21.
400 414 514 457 Cadit
534 417 650 471 igitur
671 417 707 456 in
728 416 891 456 eundem
917 423 954 456 et
976 417 1170 466 misereri,
1205 424 1243 457 et
1266 417 1456 457 invidere.

62 561 115 604 Ut
134 562 430 618 Theophrastus
450 563 649 603 interitum
672 562 877 617 deplorans
900 559 1203 612 Callisu1enis2‚
1237 563 1380 604 sodalis
1399 563 1474 615 sui,
1507 563 1622 603 rebus

62 636 279 677 Alexandri
307 636 504 691 prosperis
530 636 710 690 angitur3
743 635 873 688 itaque
898 634 1012 685 dicit,
1057 632 1336 675 Callisthenem
1371 637 1555 677 incidisse
1583 636 1621 676 in

62 709 254 749 hominem
281 723 428 750 summa
454 709 624 764 potentia
647 721 873 762 summaque
901 709 1077 758 fortuna,
1112 709 1178 748 sed
1205 708 1406 762 ignarum,
1441 710 1623 762 quemad-

61 783 214 823 modum
242 783 359 823 rebus
385 781 567 823 secundis
590 782 642 821 uti
668 782 913 822 conveniret.
976 781 1096 835 Atqui
1123 782 1447 835 quemadmodum
1472 781 1624 821 miseri-

61 855 193 896 cordia
218 856 419 909 aegritudo
444 863 504 895 est
530 868 580 895 ex
608 855 767 896 alterius
789 855 906 895 rebus
931 854 1132 906 adversis,
1178 854 1235 895 sic
1259 854 1474 895 invidentia
1499 854 1624 908 aegri-

63 929 152 969 tudo
178 936 311 969 estex
331 928 492 969 alterius
518 929 634 969 rebus
669 928 867 969 secundis.
931 926 974 968 ln
1011 942 1123 982 quem
1150 928 1267 982 igilur
1294 928 1396 968 cadit
1427 927 1622 978 misereri,

62 1003 99 1042 in
123 1003 286 1043 eundem
315 1003 429 1042 etiam
462 1002 653 1043 invidere.
713 1001 806 1042 'Non
831 1002 933 1042 cadit
955 1009 1083 1042 autem
1112 1002 1287 1042 invidere
1314 1001 1351 1041 in
1382 1001 1621 1055 sapieiiten13

62 1089 156 1129 crgo
180 1089 227 1116 ne
251 1076 425 1115 misereri
451 1076 620 1129 quidem.
684 1074 797 1128 Quod
821 1075 852 1115 si
874 1089 992 1128 aegre
1009 1077 1026 1101 ³
1055 1076 1157 1114 ferre
1179 1075 1335 1129 sapiens
1357 1075 1519 1125 soleret,
1555 1074 1623 1113 mi-

61 1148 184 1189 sereri
212 1149 326 1189 ctiam
353 1148 513 1188 soleret.
565 1148 692 1188 Abest
710 1162 803 1202 ergo
824 1162 845 1188 a
869 1148 1044 1203 sapiente
1067 1147 1285 1202 aegritudo.
1334 1154 1403 1188 22.
1434 1147 1544 1187 Haec
1569 1148 1624 1187 sic

64 1223 244 1262 dicuntur
264 1236 286 1262 a
309 1220 455 1262 Stoicis
476 1222 838 1275 concludunturque
861 1222 1092 1262 contortius.
1155 1220 1234 1262 Sed
1256 1221 1371 1262 latius
1392 1220 1623 1274 aliquanto⁴

155 1324 176 1355 5
201 1323 255 1355 Sic
275 1323 359 1354 Gud.
382 1321 410 1354 1.
436 1328 521 1365 sept.
547 1324 626 1354 Oxx.
654 1323 760 1354 Marb.
787 1325 866 1365 Aug.
891 1328 924 1354 et
945 1323 1094 1355 nonnull.
1115 1322 1189 1355 edd.
1214 1329 1316 1354 vete:
1342 1323 1379 1354 R.
1401 1323 1434 1355 P.
1456 1328 1489 1353 et
1513 1321 1627 1364 reliqui

62 1371 188 1408 Actius,·
213 1370 268 1400 Or.
296 1380 323 1399 c.
347 1368 385 1398 L.
410 1368 498 1398 Brut.
526 1367 617 1410 sylb.
642 1368 697 1399 W.
720 1370 839 1408 Altius,·
863 1380 893 1401 v.
916 1369 956 1401 V.
979 1369 1046 1399 Ser.
1068 1368 1110 1399 ad
1132 1370 1156 1399 Ι.
1179 1366 1242 1407 4-1»,
1272 1367 1344 1399 105.
1394 1368 1440 1398 X.
1492 1367 1506 1398 1
1537 1368 1575 1398 R.
1593 1368 1625 1398 Ι).

64 1412 150 1445 Gud.
176 1413 203 1444 1.
228 1419 260 1444 et
283 1412 377 1455 pauci
401 1411 455 1442 alii
487 1414 581 1444 solet:
616 1412 705 1455 quod
729 1413 770 1443 ab
793 1412 825 1444 h.
848 1413 868 1444 l.
889 1412 1031 1444 alienum
1052 1419 1102 1443 est
1126 1419 1158 1443 et
1188 1412 1258 1443 sine
1283 1412 1382 1443 dubio
1407 1419 1516 1443 ortum
1534 1423 1627 1442 suum

62 1457 161 1489 debet
180 1456 374 1499 glossatori,
401 1456 455 1500 qui
485 1457 516 1488 in
541 1457 686 1500 repetito
709 1459 789 1489 dolet
815 1457 966 1489 ostendit.
1014 1456 1036 1488 2
1061 1469 1091 1489 v.
1116 1457 1200 1488 Adn.
1246 1456 1268 1488 3
1293 1456 1347 1488 Sic
1370 1459 1424 1488 Or.
1449 1468 1476 1487 c.
1500 1456 1627 1487 duobus

62 1502 160 1545 regiis
181 1514 233 1545 ap.
247 1502 331 1534 Lall.
358 1509 401 1541 et,
432 1508 467 1533 ut
485 1501 572 1533 vdtr.
585 1527 592 1541 ‚
618 1502 744 1545 aliquot
758 1504 838 1534 Oxx.
859 1502 1004 1545 itemque
1026 1502 1137 1545 paucis
1158 1502 1233 1533 edd.
1256 1508 1337 1533 vett.
1361 1512 1422 1544 pro
1440 1501 1528 1543 vulg.
1547 1503 1629 1541 quod

62 1551 89 1580 si
110 1550 165 1580 hoc
185 1557 275 1588 aegre
297 1549 394 1588 ferre3
429 1558 525 1578 verae
554 1547 735 1591 scripturae
768 1547 908 1590 proximi
929 1554 1005 1579 sunt
1026 1548 1064 1579 R.
1087 1548 1121 1578 P.
1149 1546 1236 1578 Gud.
1263 1546 1292 1578 l.
1313 1546 1453 1589 aliique,
1489 1546 1542 1589 qui
1566 1546 1629 1577 ha·-

63 1593 162 1624 bent:
187 1594 269 1633 quod
285 1595 311 1624 si
332 1594 407 1624 haec
427 1594 549 1631 referre.
597 1594 728 1631 „Totus
751 1604 842 1624 error
863 1592 941 1624 inde
965 1599 1056 1624 ortus
1077 1598 1147 1629 cst,
1173 1592 1263 1635 quod
1284 1591 1474 1624 nesciebant
1492 1590 1629 1629 librarii,

63 1647 153 1679 ae9re
177 1640 255 1678 ferre
274 1637 362 1668 idem
388 1648 477 1677 esse,
503 1637 593 1680 qnod
614 1639 807 1678 aegritudine
829 1640 952 1679 affici.“
999 1640 1076 1670 Mos.
1122 1635 1143 1669 4
1168 1649 1197 1670 v.
1217 1636 1303 1669 Adn.

65 1715 169 1747 videri
199 1721 328 1754 censet,
366 1727 464 1758 quum
495 1715 592 1747 codd.
616 1727 746 1758 semper
770 1728 831 1747 va-

63 1760 150 1793 rient
183 1767 216 1792 et
242 1761 368 1792 Graeca
400 1761 532 1792 nomina
564 1761 699 1803 propria
732 1772 831 1803 saepe

63 1805 244 1848 depravata
276 1805 361 1844 sint,
397 1812 591 1848 comparato
617 1808 650 1838 C.
673 1808 773 1838 Keilio
796 1806 829 1837 in

64 1850 206 1893 Specim.
227 1850 461 1893 Onomatologi
486 1850 604 1882 Graeci
632 1862 663 1893 p.
685 1849 729 1883 36
746 1862 829 1893 sqq.‚

62 1895 97 1927 in
132 1895 244 1938 primis
279 1907 311 1938 p.
333 1893 371 1927 41
399 1907 447 1937 sq.
506 1897 638 1927 Orellius
673 1907 699 1926 c.
727 1895 758 1926 b.
796 1895 828 1926 in

63 1951 165 1982 marg.
185 1940 289 1972 edidit
307 1942 498 1980 Melanippa.
533 1941 573 1972 V.
594 1951 666 1971 eum
689 1940 721 1971 in
736 1942 829 1971 Ono—

63 1991 158 2017 mast.
182 1985 269 2017 Tull.
295 1997 326 2015 v.
353 1987 545 2024 Melanippa.

133 2032 285 2069 Quisnam
321 2031 449 2070 florem]
497 2030 547 2060 De
583 2029 829 2061 constructione

64 2074 157 2107 verbi
171 2075 331 2106 invidendi
343 2076 370 2105 D
381 2084 401 2105 a
412 2084 431 2105 v
442 2076 453 2105 i
463 2084 478 2106 s
488 2076 499 2106 i
510 2084 530 2105 u
541 2085 556 2107 s
572 2075 723 2106 conferre
740 2074 830 2105 iubet

65 2121 177 2152 Sanct.
190 2118 328 2151 Minerv.
347 2119 402 2156 111,
420 2118 450 2151 3.
474 2121 520 2161 (p.
533 2117 610 2152 485.
633 2119 684 2151 ed.
701 2119 828 2161 Baueri)

66 2164 214 2196 Gronov.
240 2163 283 2195 ad
306 2163 413 2196 Tacit.
436 2166 522 2195 Anu.
548 2165 580 2204 Ι,
605 2165 661 2197 22.
695 2171 729 2196 et
752 2166 830 2196 Intt.

65 2209 108 2241 ad
133 2208 288 2248 Quinctil.
313 2209 373 2239 IX.
397 2207 437 2247 3,
466 2209 493 2240 1.

131 2253 398 2299 discit'audacius]
434 2254 511 2285 Non
534 2253 688 2285 audacius
710 2254 830 2286 dixisse

65 2299 219 2338 Accium,
245 2298 305 2329 sed
326 2309 365 2329 ex
384 2309 476 2330 more
499 2299 599 2330 seculi
621 2299 690 2339 sui,
717 2306 830 2331 monet

68 2345 204 2384 Wolfius.

135 2388 212 2419 ΟΜ).
235 2388 282 2418 Χ.
316 2387 343 2429 §.
364 2387 418 2419 21.
468 2390 693 2428 Theophrastus
724 2391 831 2421 interi-

66 2436 131 2464 tum
154 2434 320 2472 deplorans
343 2433 551 2473 Callisthenis]
587 2435 621 2463 ln
645 2433 729 2465 libro
743 2459 750 2470 ,
775 2433 830 2476 qui

66 2476 243 2519 inscriptus
269 2482 318 2507 est
344 2476 579 2518 Καλλισὲένης
609 2473 634 2519 ἦ
657 2478 734 2518 περὶ
756 2477 830 2511 πέν-

67 2522 156 2560 Ξους.
208 2523 256 2552 De
278 2527 385 2552 morte
409 2520 617 2552 Callisthenis
643 2522 731 2553 varia
758 2529 832 2554 tra-

66 2566 150 2599 dunt
170 2566 361 2608 scriptores.
408 2568 557 2598 Davisius
585 2565 681 2597 affert
706 2567 832 2598 Arrian.

66 2611 193 2654 Exped.
216 2612 271 2649 IV,
297 2609 346 2644 14.
375 2611 470 2653 Diog.
487 2611 526 2642 L.
544 2611 584 2649 V,
600 2611 630 2643 5.
656 2617 689 2642 et
713 2613 832 2643 Freins-

67 2657 147 2688 hem.
167 2656 209 2687 ad
237 2656 327 2689 Curt.
350 2656 437 2688 VIII.
459 2658 492 2696 ὅ,
517 2656 571 2688 21.
608 2656 647 2687 V.
668 2657 833 2687 Davisium

67 2700 110 2732 ad
132 2700 166 2733 h.
188 2701 209 2732 l.

140 2745 348 2788 Callisthenis]
384 2747 517 2778 Orellius
542 2756 568 2777 c.
594 2746 632 2777 D,
660 2744 711 2776 ed.
733 2745 764 2776 2.
800 2750 834 2775 et

71 2787 157 2820 Gud.
169 2790 201 2821 2.
221 2801 283 2832 pro
304 2790 392 2833 vulg.
419 2792 613 2822 Callisthenis
633 2789 738 2821 edidit
761 2791 833 2820 Cal-

69 2834 199 2874 listheni,
222 2834 267 2866 uti
286 2835 386 2866 etiam
401 2837 585 2867 Goerenzius
605 2835 646 2866 ad
671 2833 771 2866 Acad.
790 2835 830 2865 ΙΙ.

71 2876 103 2915 6,
128 2876 179 2910 16.
202 2890 234 2920 p.
251 2879 305 2913 36.
327 2879 502 2922 legendum
524 2886 647 2911 censet.
683 2882 730 2910 Ac
750 2889 832 2921 pro-

74 2921 166 2953 fecto
196 2922 278 2955 haec
308 2924 471 2967 scriptura
497 2924 676 2956 admodum
705 2923 830 2967 proba-

73 2965 146 2998 bilis
171 2973 237 3006 θεῖς
267 2979 342 3001 nam
364 2979 379 3001 s
398 2969 507 3001 littera
530 2969 561 3000 in
583 2980 643 3001 scr.
671 2969 831 3001 Callisthe-

865 1719 913 1748 nis
945 1716 1042 1747 facile
1066 1727 1105 1747 ex
1128 1726 1142 1747 s
1165 1715 1376 1759 subsequenti
1402 1715 1543 1758 (sodalisl
1571 1726 1629 1746 ac-

867 1772 1013 1793 crescere
1034 1761 1155 1803 potuit.
1207 1761 1344 1792 Constat
1365 1766 1494 1797 autem,
1534 1759 1630 1791 Cice—

866 1817 980 1838 ronem
1007 1807 1134 1837 Graeca
1167 1805 1299 1836 nomina
1332 1805 1450 1836 tertiae
1481 1804 1631 1836 flexionis

865 1851 898 1882 in
927 1861 957 1884 es
990 1850 1142 1882 exeuntia
1176 1849 1207 1880 in
1240 1849 1387 1892 genitivo
1411 1849 1502 1880 finire
1526 1849 1631 1879 solere

864 1895 897 1927 in
930 1898 948 1926 i.
998 1896 1052 1927 Sic
1085 1907 1113 1927 c.
1146 1895 1278 1937 optimis
1310 1893 1407 1926 codd.
1434 1895 1458 1925 Ι.
1485 1892 1550 1932 41,
1574 1892 1629 1926 95.

864 1941 904 1971 V.
929 1939 988 1978 16,
1014 1938 1067 1972 46.
1096 1941 1180 1971 Ulixi
1203 1946 1236 1970 et
1258 1940 1311 1970 IV.
1332 1938 1396 1977 33,
1421 1938 1475 1972 71.
1525 1942 1631 1977 Gany—

863 1987 946 2016 medi
967 1984 1106 2026 legitur3
1133 1995 1233 2026 porro
1256 1984 1304 2015 sic
1325 1983 1412 2026 apud
1437 1983 1630 2015 Ciceronem

865 2030 1018 2071 leguntur
1049 2028 1186 2071 genitivi
1218 2028 1419 2071 optimorum
1449 2028 1545 2059 codd.
1570 2039 1631 2059 au-

866 2075 1021 2106 ctoritate
1066 2073 1202 2105 muniti:
1251 2076 1424 2113 Praxiteli,
1468 2075 1632 2108 Aristoteli,

866 2121 1048 2160 Agathocli,
1090 2121 1212 2158 Diocli,
1249 2120 1386 2158 Pericli,
1429 2119 1632 2156 Themistocli,

867 2166 1076 2204 Timarchidi,
1101 2165 1314 2203 Demostheni,
1336 2164 1468 2202 Lacydi,
1492 2164 1633 2199 Aristidi,

866 2211 1061 2249 Archimedi,
1088 2210 1282 2248 Thucydidi,
1311 2207 1365 2239 all.
1414 2206 1528 2239 Paucis
1553 2205 1632 2237 locis

864 2254 1002 2297 genitivi
1026 2255 1144 2286 horum
1169 2253 1337 2284 nominum
1362 2252 1395 2283 in
1420 2254 1447 2283 is
1474 2257 1631 2282 exeuntes

865 2300 897 2330 in
920 2299 1030 2331 bonae
1052 2306 1152 2330 notae
1175 2297 1273 2329 codd.
1298 2296 1435 2328 firmiter
1455 2301 1563 2332 stant,
1595 2301 1632 2325 ut

865 2345 964 2376 Tusc.
993 2345 1049 2375 111.
1069 2343 1132 2379 22,
1158 2340 1213 2374 5-1.
1247 2348 1280 2373 et
1312 2342 1351 2372 V.
1374 2340 1439 2381 31,
1464 2343 1519 2373 ὅὸ.
1555 2341 1631 2371 Car-

864 2391 994 2428 neadis,
1018 2388 1090 2419 Fin.
1116 2388 1139 2420 Ι.
1163 2387 1203 2425 2,
1226 2384 1256 2419 4.
1305 2386 1487 2425 Euripidis,
1521 2384 1564 2415 ib.
1590 2386 1631 2416 Il.

865 2432 928 2473 35,
959 2432 1029 2466 119.
1055 2433 1205 2464 Herculis.
1254 2431 1304 2461 Cf.
1330 2431 1468 2462 oisonem
1495 2428 1538 2460 ad
1561 2429 1631 2460 Fin.

867 2479 908 2509 11.
931 2476 993 2516 34,
1022 2476 1095 2508 116.
1133 2488 1165 2517 p.
1194 2475 1265 2508 1257.
1314 2476 1454 2515 Madviy.
1491 2473 1534 2506 ad
1562 2474 1630 2507 Fin.

869 2523 892 2559 1,
918 2523 950 2554 5.
976 2533 1008 2564 p.
1024 2521 1063 2553 31
1082 2531 1130 2562 sq.
1155 2521 1194 2551 V.
1218 2520 1248 2558 5,
1276 2519 1326 2552 12.
1350 2530 1383 2561 p.
1398 2519 1475 2552 632.
1507 2521 1631 2558 Zumpt.

867 2565 909 2597 ad
930 2567 1023 2598 Verr.
1051 2565 1104 2596 lV.
1129 2564 1161 2601 2,
1184 2561 1217 2596 4.
1242 2564 1318 2597 Vol.
1341 2565 1380 2596 ll.
1406 2575 1438 2606 p.
1455 2563 1532 2596 655.
1580 2566 1633 2595 El-

867 2612 961 2642 lendt.
997 2609 1038 2641 ad
1074 2609 1115 2640 de
1152 2611 1206 2640 Or.
1239 2610 1265 2642 J.
1300 2606 1363 2646 19,
1398 2610 1452 2641 ὃὸ.
1491 2607 1565 2639 Vol.
1590 2609 1630 2639 ll.

867 2666 900 2697 p.
925 2656 967 2686 55
993 2666 1042 2698 sq.
1103 2655 1136 2687 C.
1160 2656 1196 2686 L.
1221 2655 1398 2686 Schneider.
1433 2654 1472 2685 L.
1499 2654 1560 2685 Gr.
1591 2654 1630 2685 ll.

868 2711 900 2742 p.
922 2697 988 2776 {333
1003 2710 1075 2742 sqq.
1123 2700 1307 2731 Ramshorn.
1341 2701 1370 2743 §.
1394 2697 1449 2731 29.
1495 2700 1631 2730 Kahner.

869 2749 886 2789 ὲ
935 2798 1025 2829 aegre
1047 2788 1140 2832 ferre]
1167 2789 1241 2820 Hoc
1261 2788 1336 2820 loco
1355 2787 1443 2819 idem
1469 2792 1518 2817 est
1543 2785 1631 2828 quod

867 2835 1059 2875 aegritudine
1083 2835 1179 2874 affici.

933 2879 1028 2923 §.22
1060 2880 1345 2918 concludunturque
1366 2874 1545 2917 contortius]
1568 2875 1632 2905 Su—

867 2934 925 2966 pra
957 2922 1057 2955 etiam
1087 2925 1127 2955 11.
1155 2924 1217 2964 18,
1242 2921 1295 2955 42.
1332 2922 1374 2953 de
1402 2919 1541 2952 Stoicis:
1577 2918 1632 2961 qui

866 2971 1042 3001 contortulis
1063 2967 1257 3011 quibusdam
1281 2973 1315 2998 et
1338 2964 1469 2997 minutis
1494 2963 1633 2995 conclu—
