<?xml version="1.0" encoding="UTF-8"?>
<!DOCTYPE html PUBLIC "-//W3C//DTD XHTML 1.0 Transitional//EN"
    "http://www.w3.org/TR/xhtml1/DTD/xhtml1-transitional.dtd">
<html xmlns="http://www.w3.org/1999/xhtml" xml:lang="en" lang="en">
 <head>
  <title>
</title>
<meta http-equiv="Content-Type" content="text/html;charset=utf-8" />
  <meta name='ocr-system' content='tesseract 3.04.00' />
  <meta name='ocr-capabilities' content='ocr_page ocr_carea ocr_par ocr_line ocrx_word'/>
</head>
<body>
  <div class='ocr_page' id='page_1' title='image "./tusculanaedisput00ciceuoft_0410.png"; bbox 0 0 1863 3221; ppageno 0'>
   <div class='ocr_carea' id='block_1_1' title="bbox 203 71 1764 868">
    <p class='ocr_par' dir='ltr' id='par_1_1' title="bbox 204 71 1455 210">
     <span class='ocr_line' id='line_1_1' title="bbox 204 71 1240 118; baseline -0.002 -5"><span class='ocrx_word' id='word_1_1' title='bbox 204 71 287 114; x_wconf 79' lang='lat'><strong>362</strong></span> <span class='ocrx_word' id='word_1_2' title='bbox 748 78 797 110; x_wconf 75' lang='lat' dir='ltr'><strong>cl</strong></span> <span class='ocrx_word' id='word_1_3' title='bbox 815 77 911 109; x_wconf 78' lang='lat' dir='ltr'><strong>BER</strong></span> <span class='ocrx_word' id='word_1_4' title='bbox 936 78 991 110; x_wconf 73' lang='lat' dir='ltr'><strong>iv.</strong></span> <span class='ocrx_word' id='word_1_5' title='bbox 1015 77 1078 118; x_wconf 81' lang='lat'><strong>22,</strong></span> <span class='ocrx_word' id='word_1_6' title='bbox 1104 75 1160 110; x_wconf 81' lang='lat'><strong>49.</strong></span> <span class='ocrx_word' id='word_1_7' title='bbox 1185 79 1240 111; x_wconf 84' lang='lat'><strong>50.</strong></span> 
     </span>
     <span class='ocr_line' id='line_1_2' title="bbox 319 158 1455 210; baseline -0.004 -10"><span class='ocrx_word' id='word_1_8' title='bbox 319 163 392 200; x_wconf 73' lang='lat' dir='ltr'><strong>Odi</strong></span> <span class='ocrx_word' id='word_1_9' title='bbox 417 162 618 204; x_wconf 75' lang='lat' dir='ltr'><strong>hominem,</strong></span> <span class='ocrx_word' id='word_1_10' title='bbox 652 161 774 196; x_wconf 77' lang='lat' dir='ltr'><strong>iratus</strong></span> <span class='ocrx_word' id='word_1_11' title='bbox 794 170 923 207; x_wconf 80' lang='lat' dir='ltr'><strong>pugno</strong></span> <span class='ocrx_word' id='word_1_12' title='bbox 937 186 948 203; x_wconf 92' lang='lat'>‚</span> <span class='ocrx_word' id='word_1_13' title='bbox 982 170 1049 194; x_wconf 81' lang='lat' dir='ltr'><strong>nec</strong></span> <span class='ocrx_word' id='word_1_14' title='bbox 1080 158 1230 208; x_wconf 77' lang='lat' dir='ltr'><strong>longius</strong></span> <span class='ocrx_word' id='word_1_15' title='bbox 1260 161 1455 210; x_wconf 74' lang='lat' dir='ltr'><strong>quicquam</strong></span> 
     </span>
    </p>

    <p class='ocr_par' dir='ltr' id='par_1_2' title="bbox 317 231 1526 283">
     <span class='ocr_line' id='line_1_3' title="bbox 317 231 1526 283; baseline -0.002 -11"><span class='ocrx_word' id='word_1_16' title='bbox 317 235 456 279; x_wconf 71' lang='lat' dir='ltr'><strong>Nobis,</strong></span> <span class='ocrx_word' id='word_1_17' title='bbox 491 245 599 283; x_wconf 78' lang='lat' dir='ltr'><strong>quam</strong></span> <span class='ocrx_word' id='word_1_18' title='bbox 629 232 787 268; x_wconf 69' lang='lat' dir='ltr'><strong>deoetrae</strong></span> <span class='ocrx_word' id='word_1_19' title='bbox 812 231 983 280; x_wconf 75' lang='lat' dir='ltr'><em>gladium</em></span> <span class='ocrx_word' id='word_1_20' title='bbox 1013 232 1098 268; x_wconf 76' lang='lat' dir='ltr'><strong>dum</strong></span> <span class='ocrx_word' id='word_1_21' title='bbox 1129 233 1379 269; x_wconf 77' lang='lat' dir='ltr'><em>accommodet</em></span> <span class='ocrx_word' id='word_1_22' title='bbox 1404 234 1526 278; x_wconf 79' lang='lat' dir='ltr'><strong>alter,-</strong></span> 
     </span>
    </p>

    <p class='ocr_par' dir='ltr' id='par_1_3' title="bbox 321 304 1379 357">
     <span class='ocr_line' id='line_1_4' title="bbox 321 304 1379 357; baseline -0.003 -12"><span class='ocrx_word' id='word_1_23' title='bbox 321 309 442 357; x_wconf 68' lang='lat' dir='ltr'><strong>Usque</strong></span> <span class='ocrx_word' id='word_1_24' title='bbox 470 307 560 343; x_wconf 86' lang='lat' dir='ltr'><strong>adeo</strong></span> <span class='ocrx_word' id='word_1_25' title='bbox 589 305 713 342; x_wconf 69' lang='lat' dir='ltr'><strong>stadio</strong></span> <span class='ocrx_word' id='word_1_26' title='bbox 742 310 854 354; x_wconf 80' lang='lat' dir='ltr'><strong>atque</strong></span> <span class='ocrx_word' id='word_1_27' title='bbox 883 305 966 341; x_wconf 72' lang='lat' dir='ltr'><strong>odio</strong></span> <span class='ocrx_word' id='word_1_28' title='bbox 997 305 1101 341; x_wconf 71' lang='lat' dir='ltr'><strong>illius</strong></span> <span class='ocrx_word' id='word_1_29' title='bbox 1130 304 1278 354; x_wconf 78' lang='lat' dir='ltr'><strong>ecferor</strong></span> <span class='ocrx_word' id='word_1_30' title='bbox 1306 306 1379 342; x_wconf 79' lang='lat' dir='ltr'><strong>ira.</strong></span> 
     </span>
    </p>

    <p class='ocr_par' dir='ltr' id='par_1_4' title="bbox 203 375 1764 868">
     <span class='ocr_line' id='line_1_5' title="bbox 316 375 1762 429; baseline -0.003 -11"><span class='ocrx_word' id='word_1_31' title='bbox 316 375 458 418; x_wconf 85' lang='lat' dir='ltr'><strong>XXII.</strong></span> <span class='ocrx_word' id='word_1_32' title='bbox 523 381 592 416; x_wconf 80' lang='lat'><strong>49.</strong></span> <span class='ocrx_word' id='word_1_33' title='bbox 626 375 708 415; x_wconf 85' lang='lat' dir='ltr'><strong>At¹</strong></span> <span class='ocrx_word' id='word_1_34' title='bbox 735 375 820 415; x_wconf 88' lang='lat' dir='ltr'><strong>sine</strong></span> <span class='ocrx_word' id='word_1_35' title='bbox 842 375 912 415; x_wconf 88' lang='lat' dir='ltr'><strong>hac</strong></span> <span class='ocrx_word' id='word_1_36' title='bbox 935 375 1163 429; x_wconf 84' lang='lat' dir='ltr'><strong>gladiatoria</strong></span> <span class='ocrx_word' id='word_1_37' title='bbox 1182 375 1383 415; x_wconf 81' lang='lat' dir='ltr'>iracundia</span> <span class='ocrx_word' id='word_1_38' title='bbox 1402 376 1579 416; x_wconf 88' lang='lat' dir='ltr'><strong>videmus</strong></span> <span class='ocrx_word' id='word_1_39' title='bbox 1602 388 1762 429; x_wconf 84' lang='lat' dir='ltr'><strong>progre-</strong></span> 
     </span>
     <span class='ocr_line' id='line_1_6' title="bbox 205 448 1763 504; baseline -0.003 -13"><span class='ocrx_word' id='word_1_40' title='bbox 205 452 372 491; x_wconf 76' lang='lat' dir='ltr'><strong>dientem</strong></span> <span class='ocrx_word' id='word_1_41' title='bbox 396 450 492 504; x_wconf 86' lang='lat' dir='ltr'><strong>apud</strong></span> <span class='ocrx_word' id='word_1_42' title='bbox 516 448 727 489; x_wconf 79' lang='lat' dir='ltr'>Homerum</span> <span class='ocrx_word' id='word_1_43' title='bbox 747 448 909 488; x_wconf 86' lang='lat' dir='ltr'><strong>Aiacem</strong></span> <span class='ocrx_word' id='word_1_44' title='bbox 932 449 1050 488; x_wconf 86' lang='lat' dir='ltr'><strong>multa</strong></span> <span class='ocrx_word' id='word_1_45' title='bbox 1071 462 1157 488; x_wconf 90' lang='lat' dir='ltr'><strong>cum</strong></span> <span class='ocrx_word' id='word_1_46' title='bbox 1180 448 1373 488; x_wconf 75' lang='lat' dir='ltr'>hilaritate</span> <span class='ocrx_word' id='word_1_47' title='bbox 1388 480 1399 498; x_wconf 86' lang='lat'><strong>,</strong></span> <span class='ocrx_word' id='word_1_48' title='bbox 1434 463 1548 502; x_wconf 90' lang='lat' dir='ltr'><strong>quum</strong></span> <span class='ocrx_word' id='word_1_49' title='bbox 1568 449 1763 502; x_wconf 84' lang='lat' dir='ltr'><strong>depugna-</strong></span> 
     </span>
     <span class='ocr_line' id='line_1_7' title="bbox 206 519 1763 575; baseline -0.002 -12"><span class='ocrx_word' id='word_1_50' title='bbox 206 530 313 563; x_wconf 80' lang='lat' dir='ltr'><strong>turus</strong></span> <span class='ocrx_word' id='word_1_51' title='bbox 340 530 443 562; x_wconf 85' lang='lat' dir='ltr'><strong>esset</strong></span> <span class='ocrx_word' id='word_1_52' title='bbox 474 536 559 562; x_wconf 86' lang='lat' dir='ltr'><strong>cum</strong></span> <span class='ocrx_word' id='word_1_53' title='bbox 587 521 776 562; x_wconf 88' lang='lat' dir='ltr'><strong>Hectore.</strong></span> <span class='ocrx_word' id='word_1_54' title='bbox 841 519 987 572; x_wconf 88' lang='lat' dir='ltr'><strong>Cuius,</strong></span> <span class='ocrx_word' id='word_1_55' title='bbox 1024 528 1063 561; x_wconf 84' lang='lat' dir='ltr'><strong>ut</strong></span> <span class='ocrx_word' id='word_1_56' title='bbox 1085 535 1193 561; x_wconf 88' lang='lat' dir='ltr'><strong>arma</strong></span> <span class='ocrx_word' id='word_1_57' title='bbox 1214 522 1400 575; x_wconf 80' lang='lat' dir='ltr'><strong>sumpsit,</strong></span> <span class='ocrx_word' id='word_1_58' title='bbox 1434 521 1626 575; x_wconf 80' lang='lat' dir='ltr'>ingressio</span> <span class='ocrx_word' id='word_1_59' title='bbox 1653 520 1763 561; x_wconf 86' lang='lat' dir='ltr'><strong>laeti-</strong></span> 
     </span>
     <span class='ocr_line' id='line_1_8' title="bbox 206 594 1761 649; baseline -0.001 -15"><span class='ocrx_word' id='word_1_60' title='bbox 206 596 294 635; x_wconf 83' lang='lat' dir='ltr'><strong>tiam</strong></span> <span class='ocrx_word' id='word_1_61' title='bbox 322 595 449 635; x_wconf 85' lang='lat' dir='ltr'><strong>attulit</strong></span> <span class='ocrx_word' id='word_1_62' title='bbox 479 595 619 646; x_wconf 85' lang='lat' dir='ltr'><strong>sociis,</strong></span> <span class='ocrx_word' id='word_1_63' title='bbox 663 602 854 635; x_wconf 86' lang='lat' dir='ltr'><strong>terrorem</strong></span> <span class='ocrx_word' id='word_1_64' title='bbox 890 602 1018 635; x_wconf 83' lang='lat' dir='ltr'><strong>autem</strong></span> <span class='ocrx_word' id='word_1_65' title='bbox 1057 594 1257 645; x_wconf 85' lang='lat' dir='ltr'><strong>hostibus,</strong></span> <span class='ocrx_word' id='word_1_66' title='bbox 1304 601 1343 634; x_wconf 89' lang='lat' dir='ltr'><strong>ut</strong></span> <span class='ocrx_word' id='word_1_67' title='bbox 1376 595 1498 649; x_wconf 87' lang='lat' dir='ltr'><strong>ipsum</strong></span> <span class='ocrx_word' id='word_1_68' title='bbox 1532 594 1761 643; x_wconf 77' lang='lat' dir='ltr'><strong>Hectorem,</strong></span> 
     </span>
     <span class='ocr_line' id='line_1_9' title="bbox 204 667 1764 722; baseline -0.001 -15"><span class='ocrx_word' id='word_1_69' title='bbox 204 669 521 722; x_wconf 78' lang='lat' dir='ltr'><strong>quemadmodum</strong></span> <span class='ocrx_word' id='word_1_70' title='bbox 555 676 615 709; x_wconf 87' lang='lat' dir='ltr'><strong>est</strong></span> <span class='ocrx_word' id='word_1_71' title='bbox 646 669 744 722; x_wconf 83' lang='lat' dir='ltr'><strong>apud</strong></span> <span class='ocrx_word' id='word_1_72' title='bbox 774 667 1010 718; x_wconf 82' lang='lat' dir='ltr'><strong>Homerum,</strong></span> <span class='ocrx_word' id='word_1_73' title='bbox 1057 674 1138 707; x_wconf 86' lang='lat' dir='ltr'><strong>toto</strong></span> <span class='ocrx_word' id='word_1_74' title='bbox 1170 675 1327 721; x_wconf 87' lang='lat' dir='ltr'><strong>pectore</strong></span> <span class='ocrx_word' id='word_1_75' title='bbox 1361 674 1589 708; x_wconf 86' lang='lat' dir='ltr'><strong>trementem</strong></span> <span class='ocrx_word' id='word_1_76' title='bbox 1622 681 1764 721; x_wconf 85' lang='lat' dir='ltr'><strong>provo-</strong></span> 
     </span>
     <span class='ocr_line' id='line_1_10' title="bbox 203 740 1762 796; baseline -0.001 -15"><span class='ocrx_word' id='word_1_77' title='bbox 203 755 315 782; x_wconf 81' lang='lat' dir='ltr'><strong>casse</strong></span> <span class='ocrx_word' id='word_1_78' title='bbox 333 742 378 781; x_wconf 86' lang='lat' dir='ltr'><strong>ad</strong></span> <span class='ocrx_word' id='word_1_79' title='bbox 404 756 567 796; x_wconf 86' lang='lat' dir='ltr'><strong>pugnam</strong></span> <span class='ocrx_word' id='word_1_80' title='bbox 596 742 830 795; x_wconf 85' lang='lat' dir='ltr'><strong>poeniteret.</strong></span> <span class='ocrx_word' id='word_1_81' title='bbox 893 741 1024 794; x_wconf 80' lang='lat' dir='ltr'><strong>Atque</strong></span> <span class='ocrx_word' id='word_1_82' title='bbox 1047 741 1085 780; x_wconf 89' lang='lat' dir='ltr'><strong>hi</strong></span> <span class='ocrx_word' id='word_1_83' title='bbox 1113 741 1292 780; x_wconf 81' lang='lat' dir='ltr'><strong>collocuti</strong></span> <span class='ocrx_word' id='word_1_84' title='bbox 1314 741 1417 781; x_wconf 88' lang='lat' dir='ltr'><strong>inter</strong></span> <span class='ocrx_word' id='word_1_85' title='bbox 1441 754 1504 791; x_wconf 88' lang='lat' dir='ltr'><strong>se,</strong></span> <span class='ocrx_word' id='word_1_86' title='bbox 1539 740 1762 795; x_wconf 79' lang='lat' dir='ltr'><strong>priusquam</strong></span> 
     </span>
     <span class='ocr_line' id='line_1_11' title="bbox 716 813 1764 868; baseline -0.002 -14"><span class='ocrx_word' id='word_1_87' title='bbox 716 815 856 854; x_wconf 87' lang='lat' dir='ltr'><strong>leniter</strong></span> <span class='ocrx_word' id='word_1_88' title='bbox 883 821 921 853; x_wconf 86' lang='lat' dir='ltr'><strong>et</strong></span> <span class='ocrx_word' id='word_1_89' title='bbox 946 814 1075 867; x_wconf 89' lang='lat' dir='ltr'><strong>quiete</strong></span> <span class='ocrx_word' id='word_1_90' title='bbox 1104 813 1197 854; x_wconf 82' lang='lat' dir='ltr'><strong>nihil</strong></span> <span class='ocrx_word' id='word_1_91' title='bbox 1221 828 1268 854; x_wconf 90' lang='lat' dir='ltr'><strong>ne</strong></span> <span class='ocrx_word' id='word_1_92' title='bbox 1291 814 1330 853; x_wconf 93' lang='lat' dir='ltr'><strong>in</strong></span> <span class='ocrx_word' id='word_1_93' title='bbox 1353 814 1434 868; x_wconf 89' lang='lat' dir='ltr'><strong>ipsa</strong></span> <span class='ocrx_word' id='word_1_94' title='bbox 1462 814 1613 867; x_wconf 88' lang='lat' dir='ltr'><strong>quidem</strong></span> <span class='ocrx_word' id='word_1_95' title='bbox 1636 826 1764 867; x_wconf 86' lang='lat' dir='ltr'><strong>pugna</strong></span> 
     </span>
    </p>
   </div>
   <div class='ocr_carea' id='block_1_2' title="bbox 899 885 1761 940">
    <p class='ocr_par' dir='ltr' id='par_1_5' title="bbox 899 885 1761 940">
     <span class='ocr_line' id='line_1_12' title="bbox 899 885 1761 940; baseline 0 -15"><span class='ocrx_word' id='word_1_96' title='bbox 899 885 986 940; x_wconf 82' lang='lat' dir='ltr'><strong>Ego</strong></span> <span class='ocrx_word' id='word_1_97' title='bbox 1014 900 1061 926; x_wconf 87' lang='lat' dir='ltr'><strong>ne</strong></span> <span class='ocrx_word' id='word_1_98' title='bbox 1083 886 1327 940; x_wconf 74' lang='lat' dir='ltr'><strong>Torquatum</strong></span> <span class='ocrx_word' id='word_1_99' title='bbox 1351 887 1503 940; x_wconf 89' lang='lat' dir='ltr'><strong>quidem</strong></span> <span class='ocrx_word' id='word_1_100' title='bbox 1524 887 1652 936; x_wconf 84' lang='lat' dir='ltr'><strong>illum,</strong></span> <span class='ocrx_word' id='word_1_101' title='bbox 1697 886 1761 940; x_wconf 86' lang='lat' dir='ltr'><strong>qui</strong></span> 
     </span>
    </p>
   </div>
   <div class='ocr_carea' id='block_1_3' title="bbox 202 822 1759 1159">
    <p class='ocr_par' dir='ltr' id='par_1_6' title="bbox 202 822 1759 1159">
     <span class='ocr_line' id='line_1_13' title="bbox 204 822 671 864; baseline 0 -11"><span class='ocrx_word' id='word_1_102' title='bbox 204 829 355 854; x_wconf 87' lang='lat' dir='ltr'><strong>manum</strong></span> <span class='ocrx_word' id='word_1_103' title='bbox 395 822 671 864; x_wconf 75' lang='lat' dir='ltr'><strong>consererent,</strong></span> 
     </span>
     <span class='ocr_line' id='line_1_14' title="bbox 204 887 836 927; baseline 0 -1"><span class='ocrx_word' id='word_1_104' title='bbox 204 887 387 926; x_wconf 82' lang='lat' dir='ltr'><strong>iracunde</strong></span> <span class='ocrx_word' id='word_1_105' title='bbox 411 887 615 927; x_wconf 82' lang='lat' dir='ltr'><strong>rabioseve</strong></span> <span class='ocrx_word' id='word_1_106' title='bbox 645 888 836 927; x_wconf 81' lang='lat' dir='ltr'><strong>fecerunt.</strong></span> 
     </span>
     <span class='ocr_line' id='line_1_15' title="bbox 204 959 1759 1013; baseline 0 -15"><span class='ocrx_word' id='word_1_107' title='bbox 204 959 276 999; x_wconf 88' lang='lat' dir='ltr'><strong>hoc</strong></span> <span class='ocrx_word' id='word_1_108' title='bbox 302 973 519 1013; x_wconf 86' lang='lat' dir='ltr'><strong>cognomen</strong></span> <span class='ocrx_word' id='word_1_109' title='bbox 558 960 730 1009; x_wconf 85' lang='lat' dir='ltr'><strong>invenit,</strong></span> <span class='ocrx_word' id='word_1_110' title='bbox 775 959 916 999; x_wconf 88' lang='lat' dir='ltr'><strong>iratum</strong></span> <span class='ocrx_word' id='word_1_111' title='bbox 952 959 1135 999; x_wconf 84' lang='lat' dir='ltr'><strong>existimo</strong></span> <span class='ocrx_word' id='word_1_112' title='bbox 1169 959 1284 1000; x_wconf 84' lang='lat' dir='ltr'><strong>Gallo</strong></span> <span class='ocrx_word' id='word_1_113' title='bbox 1311 967 1486 1013; x_wconf 83' lang='lat' dir='ltr'><strong>torquem</strong></span> <span class='ocrx_word' id='word_1_114' title='bbox 1522 960 1759 1008; x_wconf 81' lang='lat' dir='ltr'><strong>detraxisse,</strong></span> 
     </span>
     <span class='ocr_line' id='line_1_16' title="bbox 203 1030 1757 1086; baseline 0 -15"><span class='ocrx_word' id='word_1_115' title='bbox 203 1045 273 1072; x_wconf 88' lang='lat' dir='ltr'><strong>nec</strong></span> <span class='ocrx_word' id='word_1_116' title='bbox 293 1030 522 1071; x_wconf 86' lang='lat' dir='ltr'><strong>Marcellum</strong></span> <span class='ocrx_word' id='word_1_117' title='bbox 541 1033 638 1086; x_wconf 78' lang='lat' dir='ltr'><strong>apud</strong></span> <span class='ocrx_word' id='word_1_118' title='bbox 667 1030 895 1072; x_wconf 80' lang='lat' dir='ltr'><strong>Clastidium</strong></span> <span class='ocrx_word' id='word_1_119' title='bbox 918 1032 1005 1071; x_wconf 86' lang='lat' dir='ltr'><strong>ideo</strong></span> <span class='ocrx_word' id='word_1_120' title='bbox 1028 1032 1166 1071; x_wconf 83' lang='lat' dir='ltr'><strong>fortem</strong></span> <span class='ocrx_word' id='word_1_121' title='bbox 1189 1032 1309 1072; x_wconf 87' lang='lat' dir='ltr'><strong>fuisse</strong></span> <span class='ocrx_word' id='word_1_122' title='bbox 1326 1063 1335 1081; x_wconf 94' lang='lat'><strong>,</strong></span> <span class='ocrx_word' id='word_1_123' title='bbox 1370 1033 1459 1086; x_wconf 85' lang='lat' dir='ltr'><strong>quia</strong></span> <span class='ocrx_word' id='word_1_124' title='bbox 1484 1032 1599 1072; x_wconf 86' lang='lat' dir='ltr'><strong>fuerit</strong></span> <span class='ocrx_word' id='word_1_125' title='bbox 1619 1032 1757 1072; x_wconf 87' lang='lat' dir='ltr'><strong>iratus.</strong></span> 
     </span>
     <span class='ocr_line' id='line_1_17' title="bbox 202 1103 1759 1159; baseline 0.001 -16"><span class='ocrx_word' id='word_1_126' title='bbox 202 1110 271 1144; x_wconf 78' lang='lat'><strong>50.</strong></span> <span class='ocrx_word' id='word_1_127' title='bbox 307 1103 366 1144; x_wconf 91' lang='lat' dir='ltr'><strong>De</strong></span> <span class='ocrx_word' id='word_1_128' title='bbox 389 1105 579 1144; x_wconf 83' lang='lat' dir='ltr'><strong>Africano</strong></span> <span class='ocrx_word' id='word_1_129' title='bbox 604 1105 774 1158; x_wconf 86' lang='lat' dir='ltr'><strong>quidem,</strong></span> <span class='ocrx_word' id='word_1_130' title='bbox 809 1104 898 1158; x_wconf 84' lang='lat' dir='ltr'><strong>quia</strong></span> <span class='ocrx_word' id='word_1_131' title='bbox 919 1105 1049 1144; x_wconf 85' lang='lat' dir='ltr'><strong>notior</strong></span> <span class='ocrx_word' id='word_1_132' title='bbox 1067 1111 1127 1145; x_wconf 90' lang='lat' dir='ltr'><strong>est</strong></span> <span class='ocrx_word' id='word_1_133' title='bbox 1148 1105 1260 1145; x_wconf 90' lang='lat' dir='ltr'><strong>nobis</strong></span> <span class='ocrx_word' id='word_1_134' title='bbox 1282 1112 1441 1159; x_wconf 89' lang='lat' dir='ltr'><strong>propter</strong></span> <span class='ocrx_word' id='word_1_135' title='bbox 1463 1112 1660 1145; x_wconf 88' lang='lat' dir='ltr'><strong>recentem</strong></span> <span class='ocrx_word' id='word_1_136' title='bbox 1684 1118 1759 1144; x_wconf 89' lang='lat' dir='ltr'><strong>me-</strong></span> 
     </span>
    </p>
   </div>
   <div class='ocr_carea' id='block_1_4' title="bbox 292 1198 1598 1243">
    <p class='ocr_par' dir='ltr' id='par_1_7' title="bbox 292 1198 1598 1243">
     <span class='ocr_line' id='line_1_18' title="bbox 292 1198 1598 1243; baseline 0.001 -13"><span class='ocrx_word' id='word_1_137' title='bbox 292 1200 409 1230; x_wconf 85' lang='lat' dir='ltr'><strong>XXll.</strong></span> <span class='ocrx_word' id='word_1_138' title='bbox 458 1198 473 1230; x_wconf 88' lang='lat' dir='ltr'><strong>l</strong></span> <span class='ocrx_word' id='word_1_139' title='bbox 501 1199 584 1238; x_wconf 85' lang='lat' dir='ltr'><strong>Alii,</strong></span> <span class='ocrx_word' id='word_1_140' title='bbox 610 1199 726 1240; x_wconf 84' lang='lat' dir='ltr'><strong>(etiam</strong></span> <span class='ocrx_word' id='word_1_141' title='bbox 750 1201 788 1231; x_wconf 86' lang='lat' dir='ltr'><strong>R.</strong></span> <span class='ocrx_word' id='word_1_142' title='bbox 813 1201 846 1232; x_wconf 89' lang='lat' dir='ltr'><strong>P.</strong></span> <span class='ocrx_word' id='word_1_143' title='bbox 876 1199 962 1231; x_wconf 84' lang='lat' dir='ltr'><strong>Gud.</strong></span> <span class='ocrx_word' id='word_1_144' title='bbox 981 1198 1010 1230; x_wconf 89' lang='lat' dir='ltr'><strong>l.</strong></span> <span class='ocrx_word' id='word_1_145' title='bbox 1033 1200 1086 1241; x_wconf 71' lang='lat'><strong>11.)</strong></span> <span class='ocrx_word' id='word_1_146' title='bbox 1112 1211 1172 1240; x_wconf 81' lang='lat' dir='ltr'><strong>ac,</strong></span> <span class='ocrx_word' id='word_1_147' title='bbox 1195 1207 1399 1243; x_wconf 81' lang='lat' dir='ltr'><strong>repugnante</strong></span> <span class='ocrx_word' id='word_1_148' title='bbox 1424 1200 1598 1232; x_wconf 82' lang='lat' dir='ltr'><strong>sententia.</strong></span> 
     </span>
    </p>
   </div>
   <div class='ocr_carea' id='block_1_5' title="bbox 206 1264 1758 1310">
    <p class='ocr_par' dir='ltr' id='par_1_8' title="bbox 206 1264 1758 1310">
     <span class='ocr_line' id='line_1_19' title="bbox 206 1264 1758 1310; baseline 0.001 -12"><span class='ocrx_word' id='word_1_149' title='bbox 206 1266 292 1299; x_wconf 85' lang='lat' dir='ltr'><strong>Gud.</strong></span> <span class='ocrx_word' id='word_1_150' title='bbox 318 1268 357 1297; x_wconf 86' lang='grc' dir='ltr'><strong>ΙΙ.</strong></span> <span class='ocrx_word' id='word_1_151' title='bbox 387 1277 466 1297; x_wconf 86' lang='lat' dir='ltr'><strong>unus</strong></span> <span class='ocrx_word' id='word_1_152' title='bbox 496 1268 552 1297; x_wconf 87' lang='lat' dir='ltr'><strong>Ox.</strong></span> <span class='ocrx_word' id='word_1_153' title='bbox 581 1266 694 1300; x_wconf 89' lang='lat' dir='ltr'><strong>Duisb.</strong></span> <span class='ocrx_word' id='word_1_154' title='bbox 719 1267 816 1298; x_wconf 86' lang='lat' dir='ltr'><strong>Fabr.</strong></span> <span class='ocrx_word' id='word_1_155' title='bbox 841 1267 909 1298; x_wconf 80' lang='lat' dir='ltr'><strong>Pal.</strong></span> <span class='ocrx_word' id='word_1_156' title='bbox 931 1264 963 1299; x_wconf 63' lang='lat'><strong>4.</strong></span> <span class='ocrx_word' id='word_1_157' title='bbox 1002 1278 1076 1299; x_wconf 85' lang='lat' dir='ltr'><strong>cero</strong></span> <span class='ocrx_word' id='word_1_158' title='bbox 1109 1274 1219 1299; x_wconf 86' lang='lat' dir='ltr'><strong>tamen</strong></span> <span class='ocrx_word' id='word_1_159' title='bbox 1253 1267 1300 1299; x_wconf 86' lang='lat' dir='ltr'><strong>sic</strong></span> <span class='ocrx_word' id='word_1_160' title='bbox 1328 1267 1493 1310; x_wconf 86' lang='lat' dir='ltr'><strong>accepisse</strong></span> <span class='ocrx_word' id='word_1_161' title='bbox 1518 1267 1659 1300; x_wconf 88' lang='lat' dir='ltr'><strong>videtur.</strong></span> <span class='ocrx_word' id='word_1_162' title='bbox 1706 1270 1758 1300; x_wconf 81' lang='lat' dir='ltr'><strong>Er-</strong></span> 
     </span>
    </p>
   </div>
   <div class='ocr_carea' id='block_1_6' title="bbox 192 1311 966 2834">
    <p class='ocr_par' dir='ltr' id='par_1_9' title="bbox 196 1311 966 2199">
     <span class='ocr_line' id='line_1_20' title="bbox 203 1311 966 1352; baseline 0 -10"><span class='ocrx_word' id='word_1_163' title='bbox 203 1311 355 1342; x_wconf 83' lang='lat' dir='ltr'><strong>Cantabr.</strong></span> <span class='ocrx_word' id='word_1_164' title='bbox 378 1311 502 1342; x_wconf 81' lang='lat' dir='ltr'><strong>liabent</strong></span> <span class='ocrx_word' id='word_1_165' title='bbox 523 1313 630 1352; x_wconf 78' lang='lat' dir='ltr'><strong>furia,·</strong></span> <span class='ocrx_word' id='word_1_166' title='bbox 655 1311 803 1343; x_wconf 82' lang='lat' dir='ltr'><strong>nonnulli</strong></span> <span class='ocrx_word' id='word_1_167' title='bbox 821 1311 966 1343; x_wconf 83' lang='lat' dir='ltr'><strong>deterio-</strong></span> 
     </span>
     <span class='ocr_line' id='line_1_21' title="bbox 203 1355 965 1398; baseline 0.001 -11"><span class='ocrx_word' id='word_1_168' title='bbox 203 1367 250 1387; x_wconf 85' lang='lat' dir='ltr'><strong>res</strong></span> <span class='ocrx_word' id='word_1_169' title='bbox 276 1355 370 1387; x_wconf 90' lang='lat' dir='ltr'><strong>codd.</strong></span> <span class='ocrx_word' id='word_1_170' title='bbox 393 1356 507 1398; x_wconf 82' lang='lat' dir='ltr'><strong>legunt</strong></span> <span class='ocrx_word' id='word_1_171' title='bbox 530 1367 616 1396; x_wconf 73' lang='lat' dir='ltr'><strong>u71a5</strong></span> <span class='ocrx_word' id='word_1_172' title='bbox 641 1359 695 1388; x_wconf 90' lang='lat' dir='ltr'><strong>Or.</strong></span> <span class='ocrx_word' id='word_1_173' title='bbox 721 1369 747 1387; x_wconf 88' lang='lat' dir='ltr'><strong>c.</strong></span> <span class='ocrx_word' id='word_1_174' title='bbox 770 1357 856 1398; x_wconf 69' lang='lat' dir='ltr'><strong>vulg.</strong></span> <span class='ocrx_word' id='word_1_175' title='bbox 880 1367 965 1388; x_wconf 80' lang='lat' dir='ltr'><strong>sura.</strong></span> 
     </span>
     <span class='ocr_line' id='line_1_22' title="bbox 204 1400 965 1442; baseline 0.001 -11"><span class='ocrx_word' id='word_1_176' title='bbox 204 1400 367 1431; x_wconf 86' lang='lat' dir='ltr'><strong>Bentleius</strong></span> <span class='ocrx_word' id='word_1_177' title='bbox 379 1400 553 1442; x_wconf 75' lang='lat' dir='ltr'><strong>legendum</strong></span> <span class='ocrx_word' id='word_1_178' title='bbox 569 1400 752 1442; x_wconf 85' lang='lat' dir='ltr'><strong>suspicatur</strong></span> <span class='ocrx_word' id='word_1_179' title='bbox 766 1403 879 1441; x_wconf 81' lang='lat' dir='ltr'><strong>furiae,</strong></span> <span class='ocrx_word' id='word_1_180' title='bbox 901 1401 965 1432; x_wconf 89' lang='lat' dir='ltr'><strong>hoc</strong></span> 
     </span>
     <span class='ocr_line' id='line_1_23' title="bbox 200 1444 965 1488; baseline 0.003 -13"><span class='ocrx_word' id='word_1_181' title='bbox 200 1444 326 1476; x_wconf 85' lang='lat' dir='ltr'><strong>scilicet</strong></span> <span class='ocrx_word' id='word_1_182' title='bbox 351 1445 484 1475; x_wconf 88' lang='lat' dir='ltr'><strong>nomine</strong></span> <span class='ocrx_word' id='word_1_183' title='bbox 516 1445 691 1486; x_wconf 81' lang='lat' dir='ltr'><strong>significari</strong></span> <span class='ocrx_word' id='word_1_184' title='bbox 724 1453 843 1488; x_wconf 80' lang='lat' dir='ltr'><strong>putans</strong></span> <span class='ocrx_word' id='word_1_185' title='bbox 875 1456 965 1485; x_wconf 81' lang='lat' dir='ltr'><strong>spur-</strong></span> 
     </span>
     <span class='ocr_line' id='line_1_24' title="bbox 200 1490 965 1527; baseline 0 -6"><span class='ocrx_word' id='word_1_186' title='bbox 200 1499 269 1521; x_wconf 80' lang='lat' dir='ltr'><strong>cum</strong></span> <span class='ocrx_word' id='word_1_187' title='bbox 292 1492 381 1520; x_wconf 78' lang='lat' dir='ltr'><strong>illum</strong></span> <span class='ocrx_word' id='word_1_188' title='bbox 403 1491 556 1521; x_wconf 77' lang='lat' dir='ltr'><strong>hominem</strong></span> <span class='ocrx_word' id='word_1_189' title='bbox 591 1496 623 1520; x_wconf 88' lang='lat' dir='ltr'><strong>et</strong></span> <span class='ocrx_word' id='word_1_190' title='bbox 646 1490 873 1527; x_wconf 84' lang='lat' dir='ltr'><strong>inhonestum,</strong></span> <span class='ocrx_word' id='word_1_191' title='bbox 909 1493 965 1521; x_wconf 89' lang='lat' dir='ltr'><strong>Ae-</strong></span> 
     </span>
     <span class='ocr_line' id='line_1_25' title="bbox 199 1535 966 1577; baseline 0 -12"><span class='ocrx_word' id='word_1_192' title='bbox 199 1536 356 1566; x_wconf 80' lang='lat' dir='ltr'><strong>serninum</strong></span> <span class='ocrx_word' id='word_1_193' title='bbox 383 1536 565 1573; x_wconf 75' lang='lat' dir='ltr'><strong>Samnitem,</strong></span> <span class='ocrx_word' id='word_1_194' title='bbox 591 1546 664 1566; x_wconf 90' lang='lat' dir='ltr'><strong>cum</strong></span> <span class='ocrx_word' id='word_1_195' title='bbox 687 1547 751 1577; x_wconf 92' lang='lat' dir='ltr'><strong>quo</strong></span> <span class='ocrx_word' id='word_1_196' title='bbox 776 1535 966 1566; x_wconf 85' lang='lat' dir='ltr'><strong>commissus</strong></span> 
     </span>
     <span class='ocr_line' id='line_1_26' title="bbox 201 1578 964 1611; baseline 0.001 -2"><span class='ocrx_word' id='word_1_197' title='bbox 201 1585 271 1609; x_wconf 82' lang='lat' dir='ltr'><strong>erat</strong></span> <span class='ocrx_word' id='word_1_198' title='bbox 284 1578 485 1610; x_wconf 76' lang='lat' dir='ltr'><strong>pacidianus.</strong></span> <span class='ocrx_word' id='word_1_199' title='bbox 524 1581 565 1610; x_wconf 80' lang='lat' dir='ltr'><strong>Et</strong></span> <span class='ocrx_word' id='word_1_200' title='bbox 583 1591 661 1610; x_wconf 87' lang='lat' dir='ltr'><strong>sane</strong></span> <span class='ocrx_word' id='word_1_201' title='bbox 675 1580 757 1611; x_wconf 77' lang='lat' dir='ltr'><strong>haec</strong></span> <span class='ocrx_word' id='word_1_202' title='bbox 777 1580 964 1611; x_wconf 88' lang='lat' dir='ltr'><strong>coniectura</strong></span> 
     </span>
     <span class='ocr_line' id='line_1_27' title="bbox 201 1623 964 1667; baseline 0.001 -13"><span class='ocrx_word' id='word_1_203' title='bbox 201 1623 287 1654; x_wconf 76' lang='lat' dir='ltr'><strong>haud</strong></span> <span class='ocrx_word' id='word_1_204' title='bbox 302 1623 451 1664; x_wconf 84' lang='lat' dir='ltr'><strong>exiguam</strong></span> <span class='ocrx_word' id='word_1_205' title='bbox 471 1624 713 1665; x_wconf 79' lang='lat' dir='ltr'><strong>probabilitatis</strong></span> <span class='ocrx_word' id='word_1_206' title='bbox 726 1624 868 1667; x_wconf 87' lang='lat' dir='ltr'><strong>speciem</strong></span> <span class='ocrx_word' id='word_1_207' title='bbox 887 1636 964 1667; x_wconf 81' lang='lat' dir='ltr'><strong>prae</strong></span> 
     </span>
     <span class='ocr_line' id='line_1_28' title="bbox 199 1668 962 1711; baseline 0.003 -13"><span class='ocrx_word' id='word_1_208' title='bbox 199 1680 233 1698; x_wconf 86' lang='lat' dir='ltr'><strong>se</strong></span> <span class='ocrx_word' id='word_1_209' title='bbox 259 1668 324 1699; x_wconf 85' lang='lat' dir='ltr'><strong>fert</strong></span> <span class='ocrx_word' id='word_1_210' title='bbox 348 1675 380 1699; x_wconf 88' lang='lat' dir='ltr'><strong>et</strong></span> <span class='ocrx_word' id='word_1_211' title='bbox 406 1668 615 1699; x_wconf 77' lang='lat' dir='ltr'><strong>confirmatur</strong></span> <span class='ocrx_word' id='word_1_212' title='bbox 650 1669 894 1711; x_wconf 72' lang='lat' dir='ltr'><strong>quodammodo</strong></span> <span class='ocrx_word' id='word_1_213' title='bbox 922 1669 962 1700; x_wconf 78' lang='lat' dir='ltr'><strong>ab</strong></span> 
     </span>
     <span class='ocr_line' id='line_1_29' title="bbox 199 1712 960 1754; baseline 0.004 -12"><span class='ocrx_word' id='word_1_214' title='bbox 199 1712 236 1742; x_wconf 88' lang='lat' dir='ltr'><strong>iis</strong></span> <span class='ocrx_word' id='word_1_215' title='bbox 261 1712 377 1750; x_wconf 67' lang='lat' dir='ltr'><strong>codd,</strong></span> <span class='ocrx_word' id='word_1_216' title='bbox 411 1713 442 1743; x_wconf 89' lang='lat' dir='ltr'><strong>in</strong></span> <span class='ocrx_word' id='word_1_217' title='bbox 466 1713 581 1754; x_wconf 86' lang='lat' dir='ltr'><strong>quibus</strong></span> <span class='ocrx_word' id='word_1_218' title='bbox 605 1720 655 1743; x_wconf 77' lang='lat' dir='ltr'><strong>est</strong></span> <span class='ocrx_word' id='word_1_219' title='bbox 675 1715 761 1753; x_wconf 81' lang='lat' dir='ltr'><strong>furia</strong></span> <span class='ocrx_word' id='word_1_220' title='bbox 787 1721 841 1744; x_wconf 87' lang='lat' dir='ltr'><strong>aut</strong></span> <span class='ocrx_word' id='word_1_221' title='bbox 862 1717 960 1745; x_wconf 77' lang='lat' dir='ltr'><strong>suria.</strong></span> 
     </span>
     <span class='ocr_line' id='line_1_30' title="bbox 202 1757 959 1800; baseline 0.003 -13"><span class='ocrx_word' id='word_1_222' title='bbox 202 1757 340 1798; x_wconf 82' lang='lat' dir='ltr'><strong>Vulgata</strong></span> <span class='ocrx_word' id='word_1_223' title='bbox 370 1767 446 1789; x_wconf 80' lang='lat' dir='ltr'><strong>sura</strong></span> <span class='ocrx_word' id='word_1_224' title='bbox 476 1769 494 1788; x_wconf 88' lang='lat' dir='ltr'><strong>a</strong></span> <span class='ocrx_word' id='word_1_225' title='bbox 516 1759 586 1789; x_wconf 91' lang='lat' dir='ltr'><strong>VV.</strong></span> <span class='ocrx_word' id='word_1_226' title='bbox 611 1759 679 1789; x_wconf 88' lang='lat' dir='ltr'><strong>DD.</strong></span> <span class='ocrx_word' id='word_1_227' title='bbox 704 1758 877 1800; x_wconf 86' lang='lat' dir='ltr'><strong>repudiata</strong></span> <span class='ocrx_word' id='word_1_228' title='bbox 900 1765 959 1797; x_wconf 86' lang='lat' dir='ltr'><strong>est,</strong></span> 
     </span>
     <span class='ocr_line' id='line_1_31' title="bbox 200 1801 961 1842; baseline 0.004 -11"><span class='ocrx_word' id='word_1_229' title='bbox 200 1801 287 1842; x_wconf 80' lang='lat' dir='ltr'><strong>quod</strong></span> <span class='ocrx_word' id='word_1_230' title='bbox 314 1801 429 1832; x_wconf 79' lang='lat' dir='ltr'><strong>vulnus</strong></span> <span class='ocrx_word' id='word_1_231' title='bbox 452 1801 484 1832; x_wconf 86' lang='lat' dir='ltr'><strong>in</strong></span> <span class='ocrx_word' id='word_1_232' title='bbox 509 1812 585 1833; x_wconf 80' lang='lat' dir='ltr'><strong>sura</strong></span> <span class='ocrx_word' id='word_1_233' title='bbox 615 1802 748 1833; x_wconf 89' lang='lat' dir='ltr'><strong>minime</strong></span> <span class='ocrx_word' id='word_1_234' title='bbox 782 1803 882 1834; x_wconf 58' lang='lat' dir='ltr'><strong>letale</strong></span> <span class='ocrx_word' id='word_1_235' title='bbox 907 1815 961 1834; x_wconf 82' lang='lat' dir='ltr'><strong>es—</strong></span> 
     </span>
     <span class='ocr_line' id='line_1_32' title="bbox 199 1847 959 1888; baseline 0.005 -13.005"><span class='ocrx_word' id='word_1_236' title='bbox 199 1848 499 1888; x_wconf 78' lang='lat' dir='ltr'><strong>set.lnte1pletes</strong></span> <span class='ocrx_word' id='word_1_237' title='bbox 522 1847 610 1878; x_wconf 70' lang='lat' dir='ltr'><strong>milis</strong></span> <span class='ocrx_word' id='word_1_238' title='bbox 635 1848 829 1879; x_wconf 76' lang='lat' dir='ltr'><strong>commentis</strong></span> <span class='ocrx_word' id='word_1_239' title='bbox 850 1860 959 1880; x_wconf 81' lang='lat' dir='ltr'><strong>veram</strong></span> 
     </span>
     <span class='ocr_line' id='line_1_33' title="bbox 197 1891 960 1933; baseline 0.007 -14"><span class='ocrx_word' id='word_1_240' title='bbox 197 1891 390 1933; x_wconf 80' lang='lat' dir='ltr'><strong>se1ipturam</strong></span> <span class='ocrx_word' id='word_1_241' title='bbox 422 1891 602 1923; x_wconf 70' lang='lat' dir='ltr'><strong>extundme</strong></span> <span class='ocrx_word' id='word_1_242' title='bbox 626 1893 735 1923; x_wconf 81' lang='lat' dir='ltr'><strong>conati</strong></span> <span class='ocrx_word' id='word_1_243' title='bbox 755 1899 841 1924; x_wconf 84' lang='lat' dir='ltr'><strong>sunt.</strong></span> <span class='ocrx_word' id='word_1_244' title='bbox 891 1895 960 1924; x_wconf 78' lang='lat' dir='ltr'><strong>Da—</strong></span> 
     </span>
     <span class='ocr_line' id='line_1_34' title="bbox 199 1935 960 1978; baseline 0.005 -13"><span class='ocrx_word' id='word_1_245' title='bbox 199 1935 295 1966; x_wconf 79' lang='lat' dir='ltr'><strong>visius</strong></span> <span class='ocrx_word' id='word_1_246' title='bbox 320 1935 487 1978; x_wconf 71' lang='lat' dir='ltr'><strong>resenipsit</strong></span> <span class='ocrx_word' id='word_1_247' title='bbox 514 1939 604 1976; x_wconf 64' lang='lat' dir='ltr'><strong>Fun,</strong></span> <span class='ocrx_word' id='word_1_248' title='bbox 640 1944 674 1967; x_wconf 74' lang='lat' dir='ltr'><strong>ut.</strong></span> <span class='ocrx_word' id='word_1_249' title='bbox 699 1938 814 1968; x_wconf 78' lang='lat' dir='ltr'><strong>Fuiius</strong></span> <span class='ocrx_word' id='word_1_250' title='bbox 840 1941 960 1969; x_wconf 84' lang='lat' dir='ltr'><strong>Aeser—</strong></span> 
     </span>
     <span class='ocr_line' id='line_1_35' title="bbox 196 1979 961 2023; baseline 0.007 -14"><span class='ocrx_word' id='word_1_251' title='bbox 196 1979 290 2010; x_wconf 86' lang='lat' dir='ltr'><strong>ninus</strong></span> <span class='ocrx_word' id='word_1_252' title='bbox 323 1980 488 2021; x_wconf 73' lang='lat' dir='ltr'><strong>gladiatm</strong></span> <span class='ocrx_word' id='word_1_253' title='bbox 521 1980 777 2023; x_wconf 58' lang='lat' dir='ltr'><strong>intelligeretnm</strong></span> <span class='ocrx_word' id='word_1_254' title='bbox 823 1983 961 2014; x_wconf 74' lang='lat' dir='ltr'><strong>Tischet</strong></span> 
     </span>
     <span class='ocr_line' id='line_1_36' title="bbox 196 2006 960 2068; baseline 0.005 -14"><span class='ocrx_word' id='word_1_255' title='bbox 196 2025 258 2062; x_wconf 75' lang='lat' dir='ltr'><strong>furi</strong></span> <span class='ocrx_word' id='word_1_256' title='bbox 281 2024 371 2066; x_wconf 68' lang='lat' dir='ltr'><strong>(dem</strong></span> <span class='ocrx_word' id='word_1_257' title='bbox 395 2006 647 2066; x_wconf 69' lang='lat' dir='ltr'><strong>Spitzbul)cn):D</strong></span> <span class='ocrx_word' id='word_1_258' title='bbox 661 2027 749 2068; x_wconf 87' lang='lat' dir='ltr'><strong>quod</strong></span> <span class='ocrx_word' id='word_1_259' title='bbox 776 2027 960 2059; x_wconf 87' lang='lat' dir='ltr'><strong>convicium</strong></span> 
     </span>
     <span class='ocr_line' id='line_1_37' title="bbox 196 2068 960 2111; baseline 0.007 -14"><span class='ocrx_word' id='word_1_260' title='bbox 196 2068 282 2108; x_wconf 80' lang='lat' dir='ltr'><strong>apud</strong></span> <span class='ocrx_word' id='word_1_261' title='bbox 312 2069 453 2099; x_wconf 80' lang='lat' dir='ltr'><strong>comicos</strong></span> <span class='ocrx_word' id='word_1_262' title='bbox 478 2069 631 2111; x_wconf 73' lang='lat' dir='ltr'><strong>Frequens</strong></span> <span class='ocrx_word' id='word_1_263' title='bbox 655 2078 721 2107; x_wconf 66' lang='grc' dir='ltr'><strong>θεῖ,</strong></span> <span class='ocrx_word' id='word_1_264' title='bbox 760 2071 814 2101; x_wconf 87' lang='lat' dir='ltr'><strong>alii</strong></span> <span class='ocrx_word' id='word_1_265' title='bbox 847 2078 960 2103; x_wconf 82' lang='lat' dir='ltr'><strong>tenta—</strong></span> 
     </span>
     <span class='ocr_line' id='line_1_38' title="bbox 197 2112 961 2153; baseline 0.008 -11"><span class='ocrx_word' id='word_1_266' title='bbox 197 2112 295 2142; x_wconf 85' lang='lat' dir='ltr'><strong>bant:</strong></span> <span class='ocrx_word' id='word_1_267' title='bbox 321 2115 412 2152; x_wconf 80' lang='lat' dir='ltr'><strong>fibra,</strong></span> <span class='ocrx_word' id='word_1_268' title='bbox 437 2116 519 2152; x_wconf 79' lang='lat' dir='ltr'><strong>lura,</strong></span> <span class='ocrx_word' id='word_1_269' title='bbox 543 2116 623 2153; x_wconf 76' lang='lat' dir='ltr'><strong>hira,</strong></span> <span class='ocrx_word' id='word_1_270' title='bbox 648 2117 755 2146; x_wconf 78' lang='lat' dir='ltr'><strong>sicam.</strong></span> <span class='ocrx_word' id='word_1_271' title='bbox 794 2117 832 2147; x_wconf 88' lang='lat' dir='ltr'><strong>V.</strong></span> <span class='ocrx_word' id='word_1_272' title='bbox 850 2118 961 2148; x_wconf 83' lang='lat' dir='ltr'><strong>Moseri</strong></span> 
     </span>
     <span class='ocr_line' id='line_1_39' title="bbox 197 2157 786 2199; baseline 0.002 -12"><span class='ocrx_word' id='word_1_273' title='bbox 197 2168 264 2187; x_wconf 85' lang='lat' dir='ltr'><strong>exc.</strong></span> <span class='ocrx_word' id='word_1_274' title='bbox 289 2157 367 2189; x_wconf 89' lang='grc' dir='ltr'>ΧΙΙ.</span> <span class='ocrx_word' id='word_1_275' title='bbox 393 2159 432 2189; x_wconf 88' lang='grc' dir='ltr'><strong>Τ.</strong></span> <span class='ocrx_word' id='word_1_276' title='bbox 452 2158 505 2188; x_wconf 91' lang='grc' dir='ltr'>ΙΙΙ.</span> <span class='ocrx_word' id='word_1_277' title='bbox 533 2170 563 2199; x_wconf 85' lang='lat' dir='ltr'><strong>p.</strong></span> <span class='ocrx_word' id='word_1_278' title='bbox 579 2159 786 2191; x_wconf 57' lang='lat' dir='ltr'><strong>&amp;Uo-392.</strong></span> 
     </span>
    </p>

    <p class='ocr_par' dir='ltr' id='par_1_10' title="bbox 195 2202 959 2334">
     <span class='ocr_line' id='line_1_40' title="bbox 262 2202 959 2246; baseline 0.006 -14"><span class='ocrx_word' id='word_1_279' title='bbox 262 2211 317 2233; x_wconf 80' lang='lat' dir='ltr'><strong>nec</strong></span> <span class='ocrx_word' id='word_1_280' title='bbox 335 2202 468 2243; x_wconf 65' lang='grc' dir='ltr'>[θηρία-ς]</span> <span class='ocrx_word' id='word_1_281' title='bbox 492 2203 532 2232; x_wconf 89' lang='lat' dir='ltr'><strong>H.</strong></span> <span class='ocrx_word' id='word_1_282' title='bbox 548 2214 574 2233; x_wconf 75' lang='lat' dir='ltr'><strong>e</strong></span> <span class='ocrx_word' id='word_1_283' title='bbox 597 2214 657 2234; x_wconf 86' lang='lat' dir='ltr'><strong>nec</strong></span> <span class='ocrx_word' id='word_1_284' title='bbox 676 2203 796 2235; x_wconf 88' lang='lat' dir='ltr'><strong>diutius</strong></span> <span class='ocrx_word' id='word_1_285' title='bbox 816 2202 915 2246; x_wconf 73' lang='lat' dir='ltr'><strong>pugn</strong></span> <span class='ocrx_word' id='word_1_286' title='bbox 907 2217 959 2236; x_wconf 84' lang='lat' dir='ltr'><strong>nn</strong></span> 
     </span>
     <span class='ocr_line' id='line_1_41' title="bbox 196 2246 957 2298; baseline 0.008 -23"><span class='ocrx_word' id='word_1_287' title='bbox 196 2246 404 2284; x_wconf 80' lang='lat' dir='ltr'><strong>morabimm,</strong></span> <span class='ocrx_word' id='word_1_288' title='bbox 430 2258 525 2288; x_wconf 84' lang='lat' dir='ltr'><strong>quam</strong></span> <span class='ocrx_word' id='word_1_289' title='bbox 550 2255 687 2298; x_wconf 78' lang='lat' dir='ltr'><strong>uterque</strong></span> <span class='ocrx_word' id='word_1_290' title='bbox 711 2255 860 2280; x_wconf 84' lang='lat' dir='ltr'><strong>nostrum</strong></span> <span class='ocrx_word' id='word_1_291' title='bbox 884 2250 957 2291; x_wconf 70' lang='lat' dir='ltr'><strong>gh-</strong></span> 
     </span>
     <span class='ocr_line' id='line_1_42' title="bbox 195 2290 684 2334; baseline 0.008 -15"><span class='ocrx_word' id='word_1_292' title='bbox 195 2290 283 2321; x_wconf 87' lang='lat' dir='ltr'><strong>‹lium</strong></span> <span class='ocrx_word' id='word_1_293' title='bbox 307 2291 442 2321; x_wconf 78' lang='lat' dir='ltr'><strong>dextrae</strong></span> <span class='ocrx_word' id='word_1_294' title='bbox 467 2291 605 2334; x_wconf 75' lang='lat' dir='ltr'><strong>adapta</strong></span> <span class='ocrx_word' id='word_1_295' title='bbox 603 2293 684 2323; x_wconf 75' lang='lat' dir='ltr'><strong>elit.</strong></span> 
     </span>
    </p>

    <p class='ocr_par' dir='ltr' id='par_1_11' title="bbox 198 2336 954 2421">
     <span class='ocr_line' id='line_1_43' title="bbox 265 2336 954 2381; baseline 0.006 -15"><span class='ocrx_word' id='word_1_296' title='bbox 265 2336 343 2366; x_wconf 74' lang='lat' dir='ltr'><strong>CAP.</strong></span> <span class='ocrx_word' id='word_1_297' title='bbox 366 2337 481 2367; x_wconf 75' lang='lat' dir='ltr'><strong>XXII.</strong></span> <span class='ocrx_word' id='word_1_298' title='bbox 511 2339 537 2379; x_wconf 60' lang='grc' dir='ltr'><strong>ς’.</strong></span> <span class='ocrx_word' id='word_1_299' title='bbox 562 2336 614 2369; x_wconf 72' lang='lat'><strong>49.</strong></span> <span class='ocrx_word' id='word_1_300' title='bbox 661 2340 748 2377; x_wconf 83' lang='lat' dir='ltr'><strong>apud</strong></span> <span class='ocrx_word' id='word_1_301' title='bbox 772 2340 954 2381; x_wconf 78' lang='lat' dir='ltr'><strong>Homerum]</strong></span> 
     </span>
     <span class='ocr_line' id='line_1_44' title="bbox 198 2379 453 2421; baseline 0.013 -12"><span class='ocrx_word' id='word_1_302' title='bbox 198 2379 288 2411; x_wconf 89' lang='lat' dir='ltr'><strong>lliad.</strong></span> <span class='ocrx_word' id='word_1_303' title='bbox 313 2392 354 2421; x_wconf 77' lang='grc' dir='ltr'><strong>η,</strong></span> <span class='ocrx_word' id='word_1_304' title='bbox 379 2380 453 2412; x_wconf 59' lang='grc' dir='ltr'>ΖΙΙ</span> 
     </span>
    </p>

    <p class='ocr_par' dir='ltr' id='par_1_12' title="bbox 194 2426 954 2553">
     <span class='ocr_line' id='line_1_45' title="bbox 264 2426 954 2467; baseline 0.007 -13"><span class='ocrx_word' id='word_1_305' title='bbox 264 2426 371 2467; x_wconf 80' lang='lat' dir='ltr'><strong>Cuius]</strong></span> <span class='ocrx_word' id='word_1_306' title='bbox 393 2426 613 2457; x_wconf 76' lang='lat' dir='ltr'><strong>Retexendum</strong></span> <span class='ocrx_word' id='word_1_307' title='bbox 626 2427 668 2457; x_wconf 87' lang='lat' dir='ltr'><strong>ad</strong></span> <span class='ocrx_word' id='word_1_308' title='bbox 682 2427 838 2459; x_wconf 86' lang='lat' dir='ltr'><strong>remotius</strong></span> <span class='ocrx_word' id='word_1_309' title='bbox 852 2428 954 2459; x_wconf 88' lang='lat' dir='ltr'><strong>subst.</strong></span> 
     </span>
     <span class='ocr_line' id='line_1_46' title="bbox 194 2469 339 2509; baseline 0.008 -11"><span class='ocrx_word' id='word_1_310' title='bbox 194 2469 339 2509; x_wconf 65' lang='lat' dir='ltr'><strong>Aiacem,</strong></span> 
     </span>
     <span class='ocr_line' id='line_1_47' title="bbox 193 2518 317 2553; baseline 0.009 -12.019"><span class='ocrx_word' id='word_1_311' title='bbox 193 2518 317 2553; x_wconf 64' lang='lat' dir='ltr'><strong>agatur.</strong></span> 
     </span>
    </p>

    <p class='ocr_par' dir='ltr' id='par_1_13' title="bbox 192 2560 957 2817">
     <span class='ocr_line' id='line_1_48' title="bbox 260 2560 957 2602; baseline 0.011 -16"><span class='ocrx_word' id='word_1_312' title='bbox 260 2560 320 2587; x_wconf 72' lang='lat' dir='ltr'><strong>toto</strong></span> <span class='ocrx_word' id='word_1_313' title='bbox 349 2563 467 2595; x_wconf 71' lang='lat' dir='ltr'><strong>pectore</strong></span> <span class='ocrx_word' id='word_1_314' title='bbox 490 2563 677 2602; x_wconf 77' lang='lat' dir='ltr'><strong>trementem]</strong></span> <span class='ocrx_word' id='word_1_315' title='bbox 718 2563 792 2593; x_wconf 88' lang='lat' dir='ltr'><strong>Hoc</strong></span> <span class='ocrx_word' id='word_1_316' title='bbox 815 2574 882 2593; x_wconf 84' lang='lat' dir='ltr'><strong>uon</strong></span> <span class='ocrx_word' id='word_1_317' title='bbox 908 2569 957 2594; x_wconf 79' lang='lat' dir='ltr'><strong>est</strong></span> 
     </span>
     <span class='ocr_line' id='line_1_49' title="bbox 193 2600 956 2648; baseline 0.012 -18.012"><span class='ocrx_word' id='word_1_318' title='bbox 193 2600 280 2643; x_wconf 85' lang='lat' dir='ltr'><strong>apud</strong></span> <span class='ocrx_word' id='word_1_319' title='bbox 303 2601 500 2639; x_wconf 78' lang='lat' dir='ltr'><strong>Homerum</strong></span> <span class='ocrx_word' id='word_1_320' title='bbox 532 2616 592 2636; x_wconf 89' lang='lat' dir='ltr'><strong>nec</strong></span> <span class='ocrx_word' id='word_1_321' title='bbox 612 2605 658 2636; x_wconf 88' lang='lat' dir='ltr'><strong>ibi</strong></span> <span class='ocrx_word' id='word_1_322' title='bbox 680 2613 873 2648; x_wconf 88' lang='lat' dir='ltr'><strong>repererunt</strong></span> <span class='ocrx_word' id='word_1_323' title='bbox 896 2620 956 2639; x_wconf 89' lang='lat' dir='ltr'><strong>ve-</strong></span> 
     </span>
     <span class='ocr_line' id='line_1_50' title="bbox 195 2628 955 2690; baseline 0.012 -15"><span class='ocrx_word' id='word_1_324' title='bbox 195 2652 299 2683; x_wconf 87' lang='lat' dir='ltr'><strong>teres,</strong></span> <span class='ocrx_word' id='word_1_325' title='bbox 336 2628 527 2678; x_wconf 73' lang='lat' dir='ltr'><strong>Pluta1chils</strong></span> <span class='ocrx_word' id='word_1_326' title='bbox 564 2649 619 2690; x_wconf 76' lang='lat' dir='ltr'><strong>(de</strong></span> <span class='ocrx_word' id='word_1_327' title='bbox 644 2650 718 2681; x_wconf 82' lang='lat' dir='ltr'><strong>aud.</strong></span> <span class='ocrx_word' id='word_1_328' title='bbox 742 2653 833 2682; x_wconf 74' lang='lat' dir='ltr'><strong>Poe&#39;t.</strong></span> <span class='ocrx_word' id='word_1_329' title='bbox 858 2664 884 2683; x_wconf 90' lang='lat' dir='ltr'><strong>c.</strong></span> <span class='ocrx_word' id='word_1_330' title='bbox 905 2653 955 2684; x_wconf 84' lang='lat'><strong>10.</strong></span> 
     </span>
     <span class='ocr_line' id='line_1_51' title="bbox 195 2687 957 2739; baseline 0.015 -20"><span class='ocrx_word' id='word_1_331' title='bbox 195 2702 224 2731; x_wconf 72' lang='lat' dir='ltr'><strong>p.</strong></span> <span class='ocrx_word' id='word_1_332' title='bbox 243 2687 297 2722; x_wconf 72' lang='lat'><strong>64.</strong></span> <span class='ocrx_word' id='word_1_333' title='bbox 323 2689 374 2721; x_wconf 89' lang='lat' dir='ltr'><strong>ed.</strong></span> <span class='ocrx_word' id='word_1_334' title='bbox 400 2691 568 2731; x_wconf 66' lang='grc' dir='ltr'><strong>Κῑεὺείἱ),</strong></span> <span class='ocrx_word' id='word_1_335' title='bbox 606 2694 741 2737; x_wconf 89' lang='lat' dir='ltr'><strong>Dionys.</strong></span> <span class='ocrx_word' id='word_1_336' title='bbox 766 2696 839 2728; x_wconf 69' lang='lat' dir='ltr'><strong>Hal.</strong></span> <span class='ocrx_word' id='word_1_337' title='bbox 867 2697 957 2739; x_wconf 71' lang='grc' dir='ltr'>(περὶ</span> 
     </span>
     <span class='ocr_line' id='line_1_52' title="bbox 192 2732 956 2780; baseline 0.01 -15"><span class='ocrx_word' id='word_1_338' title='bbox 192 2735 256 2776; x_wconf 71' lang='grc' dir='ltr'><strong>τῆς</strong></span> <span class='ocrx_word' id='word_1_339' title='bbox 276 2732 428 2776; x_wconf 66' lang='grc' dir='ltr'>Ομηῡου</span> <span class='ocrx_word' id='word_1_340' title='bbox 451 2747 572 2778; x_wconf 72' lang='grc' dir='ltr'>ποιησε</span> <span class='ocrx_word' id='word_1_341' title='bbox 576 2749 621 2774; x_wconf 77' lang='grc' dir='ltr'><strong>ως</strong></span> <span class='ocrx_word' id='word_1_342' title='bbox 646 2739 672 2780; x_wconf 80' lang='lat'>§</span> <span class='ocrx_word' id='word_1_343' title='bbox 697 2740 773 2779; x_wconf 59' lang='lat'><strong>16),</strong></span> <span class='ocrx_word' id='word_1_344' title='bbox 799 2747 833 2771; x_wconf 67' lang='lat' dir='ltr'><strong>ut</strong></span> <span class='ocrx_word' id='word_1_345' title='bbox 857 2741 956 2773; x_wconf 83' lang='lat' dir='ltr'><strong>docet</strong></span> 
     </span>
     <span class='ocr_line' id='line_1_53' title="bbox 195 2779 955 2834; baseline 0.011 -25"><span class='ocrx_word' id='word_1_346' title='bbox 195 2779 300 2810; x_wconf 82' lang='lat' dir='ltr'><strong>Clark.</strong></span> <span class='ocrx_word' id='word_1_347' title='bbox 324 2779 365 2810; x_wconf 87' lang='lat' dir='ltr'><strong>ad</strong></span> <span class='ocrx_word' id='word_1_348' title='bbox 379 2780 513 2811; x_wconf 83' lang='lat' dir='ltr'><strong>Homer.</strong></span> <span class='ocrx_word' id='word_1_349' title='bbox 537 2781 557 2811; x_wconf 93' lang='lat' dir='ltr'><strong>l.</strong></span> <span class='ocrx_word' id='word_1_350' title='bbox 574 2793 599 2812; x_wconf 93' lang='lat' dir='ltr'><strong>c.</strong></span> <span class='ocrx_word' id='word_1_351' title='bbox 614 2782 687 2834; x_wconf 48' lang='lat'><strong>2³16.</strong></span> <span class='ocrx_word' id='word_1_352' title='bbox 724 2784 861 2816; x_wconf 85' lang='lat' dir='ltr'><strong>Troiani</strong></span> <span class='ocrx_word' id='word_1_353' title='bbox 884 2793 955 2817; x_wconf 85' lang='lat' dir='ltr'><strong>tre-</strong></span> 
     </span>
    </p>
   </div>
   <div class='ocr_carea' id='block_1_7' title="bbox 387 2470 956 2514">
    <p class='ocr_par' dir='ltr' id='par_1_14' title="bbox 387 2470 956 2514">
     <span class='ocr_line' id='line_1_54' title="bbox 387 2470 956 2514; baseline 0.009 -15"><span class='ocrx_word' id='word_1_354' title='bbox 387 2470 507 2512; x_wconf 88' lang='lat' dir='ltr'><strong>quippe</strong></span> <span class='ocrx_word' id='word_1_355' title='bbox 551 2471 592 2502; x_wconf 92' lang='lat' dir='ltr'><strong>de</strong></span> <span class='ocrx_word' id='word_1_356' title='bbox 635 2483 700 2514; x_wconf 89' lang='lat' dir='ltr'><strong>quo</strong></span> <span class='ocrx_word' id='word_1_357' title='bbox 742 2473 956 2504; x_wconf 86' lang='lat' dir='ltr'><strong>cummaxime</strong></span> 
     </span>
    </p>
   </div>
   <div class='ocr_carea' id='block_1_8' title="bbox 193 2822 956 2957">
    <p class='ocr_par' dir='ltr' id='par_1_15' title="bbox 193 2822 956 2957">
     <span class='ocr_line' id='line_1_55' title="bbox 194 2822 956 2871; baseline 0.014 -18"><span class='ocrx_word' id='word_1_358' title='bbox 194 2824 336 2858; x_wconf 80' lang='lat' dir='ltr'><strong>mebant</strong></span> <span class='ocrx_word' id='word_1_359' title='bbox 364 2835 429 2855; x_wconf 89' lang='lat' dir='ltr'><strong>non</strong></span> <span class='ocrx_word' id='word_1_360' title='bbox 452 2826 578 2856; x_wconf 85' lang='lat' dir='ltr'><strong>Hector</strong></span> <span class='ocrx_word' id='word_1_361' title='bbox 603 2822 710 2868; x_wconf 66' lang='grc' dir='ltr'>(αυτῷ</span> <span class='ocrx_word' id='word_1_362' title='bbox 737 2828 821 2858; x_wconf 75' lang='lat' dir='ltr'><strong>enim</strong></span> <span class='ocrx_word' id='word_1_363' title='bbox 847 2829 956 2871; x_wconf 50' lang='lat' dir='ltr'><strong>&amp;mog</strong></span> 
     </span>
     <span class='ocr_line' id='line_1_56' title="bbox 193 2867 955 2915; baseline 0.011 -15"><span class='ocrx_word' id='word_1_364' title='bbox 193 2867 240 2900; x_wconf 63' lang='lat'><strong>52³1.</strong></span> <span class='ocrx_word' id='word_1_365' title='bbox 267 2867 373 2910; x_wconf 68' lang='grc' dir='ltr'>στήζῑε</span> <span class='ocrx_word' id='word_1_366' title='bbox 359 2880 432 2901; x_wconf 77' lang='grc' dir='ltr'><strong>σσι</strong></span> <span class='ocrx_word' id='word_1_367' title='bbox 455 2868 521 2903; x_wconf 66' lang='lat' dir='ltr'><strong>neit</strong></span> <span class='ocrx_word' id='word_1_368' title='bbox 525 2881 647 2910; x_wconf 67' lang='grc' dir='ltr'>ασσε),</span> <span class='ocrx_word' id='word_1_369' title='bbox 674 2871 796 2912; x_wconf 73' lang='grc' dir='ltr'><em>Γρῶ];</em></span> <span class='ocrx_word' id='word_1_370' title='bbox 821 2871 857 2906; x_wconf 72' lang='grc' dir='ltr'><strong>δὲ</strong></span> <span class='ocrx_word' id='word_1_371' title='bbox 880 2873 955 2915; x_wconf 76' lang='grc' dir='ltr'>τρό-</span> 
     </span>
     <span class='ocr_line' id='line_1_57' title="bbox 193 2906 953 2957; baseline 0.007 -13.046"><span class='ocrx_word' id='word_1_372' title='bbox 193 2924 252 2953; x_wconf 82' lang='grc' dir='ltr'><strong>μος</strong></span> <span class='ocrx_word' id='word_1_373' title='bbox 279 2925 311 2946; x_wconf 65' lang='grc' dir='ltr'><strong>μ.</strong></span> <span class='ocrx_word' id='word_1_374' title='bbox 314 2926 346 2947; x_wconf 68' lang='lat' dir='ltr'><strong>ac</strong></span> <span class='ocrx_word' id='word_1_375' title='bbox 353 2926 368 2952; x_wconf 81' lang='grc' dir='ltr'><strong><em>ς</em></strong></span> <span class='ocrx_word' id='word_1_376' title='bbox 394 2911 546 2957; x_wconf 67' lang='grc' dir='ltr'>υπήλυὶτε</span> <span class='ocrx_word' id='word_1_377' title='bbox 580 2927 657 2957; x_wconf 70' lang='lat' dir='ltr'><strong>(uto.</strong></span> <span class='ocrx_word' id='word_1_378' title='bbox 685 2915 859 2957; x_wconf 59' lang='grc' dir='ltr'><strong>ἕκαστοῆ,</strong></span> <span class='ocrx_word' id='word_1_379' title='bbox 899 2906 953 2949; x_wconf 67' lang='grc' dir='ltr'><strong>Ιί-</strong></span> 
     </span>
    </p>
   </div>
   <div class='ocr_carea' id='block_1_9' title="bbox 1000 1315 1534 1401">
    <p class='ocr_par' dir='ltr' id='par_1_16' title="bbox 1000 1315 1534 1401">
     <span class='ocr_line' id='line_1_58' title="bbox 1000 1315 1125 1344; baseline 0 0"><span class='ocrx_word' id='word_1_380' title='bbox 1000 1315 1125 1344; x_wconf 76' lang='lat' dir='ltr'><strong>nestius.</strong></span> 
     </span>
     <span class='ocr_line' id='line_1_59' title="bbox 1066 1358 1534 1401; baseline 0.004 -13"><span class='ocrx_word' id='word_1_381' title='bbox 1066 1358 1264 1401; x_wconf 77' lang='lat' dir='ltr'><strong>provocasse]</strong></span> <span class='ocrx_word' id='word_1_382' title='bbox 1292 1358 1367 1390; x_wconf 81' lang='lat' dir='ltr'><strong>Scit.</strong></span> <span class='ocrx_word' id='word_1_383' title='bbox 1392 1358 1534 1390; x_wconf 80' lang='lat' dir='ltr'><strong>Aiacem.</strong></span> 
     </span>
    </p>
   </div>
   <div class='ocr_carea' id='block_1_10' title="bbox 996 1415 1759 1904">
    <p class='ocr_par' dir='ltr' id='par_1_17' title="bbox 996 1415 1759 1904">
     <span class='ocr_line' id='line_1_60' title="bbox 1068 1415 1757 1457; baseline 0.001 -12"><span class='ocrx_word' id='word_1_384' title='bbox 1068 1416 1253 1453; x_wconf 70' lang='lat' dir='ltr'><strong>Torquatum</strong></span> <span class='ocrx_word' id='word_1_385' title='bbox 1263 1433 1306 1438; x_wconf 81' lang='lat'><strong>—-</strong></span> <span class='ocrx_word' id='word_1_386' title='bbox 1317 1416 1497 1446; x_wconf 78' lang='lat' dir='ltr'><strong>Marcellum</strong></span> <span class='ocrx_word' id='word_1_387' title='bbox 1512 1433 1547 1438; x_wconf 82' lang='lat'>-</span> <span class='ocrx_word' id='word_1_388' title='bbox 1562 1415 1757 1457; x_wconf 81' lang='lat' dir='ltr'><strong>Clastidium]</strong></span> 
     </span>
     <span class='ocr_line' id='line_1_61' title="bbox 1001 1458 1759 1501; baseline 0.001 -12"><span class='ocrx_word' id='word_1_389' title='bbox 1001 1458 1040 1490; x_wconf 89' lang='lat' dir='ltr'><strong>V.</strong></span> <span class='ocrx_word' id='word_1_390' title='bbox 1062 1458 1164 1489; x_wconf 76' lang='lat' dir='ltr'><strong>ludio.</strong></span> <span class='ocrx_word' id='word_1_391' title='bbox 1188 1458 1264 1490; x_wconf 88' lang='lat' dir='ltr'><strong>hist.</strong></span> <span class='ocrx_word' id='word_1_392' title='bbox 1314 1460 1362 1490; x_wconf 91' lang='lat' dir='ltr'><strong>De</strong></span> <span class='ocrx_word' id='word_1_393' title='bbox 1384 1470 1535 1501; x_wconf 76' lang='lat' dir='ltr'><strong>praepos,</strong></span> <span class='ocrx_word' id='word_1_394' title='bbox 1555 1462 1642 1499; x_wconf 84' lang='lat' dir='ltr'><strong>apud</strong></span> <span class='ocrx_word' id='word_1_395' title='bbox 1665 1459 1759 1491; x_wconf 70' lang='lat' dir='ltr'><strong>affert</strong></span> 
     </span>
     <span class='ocr_line' id='line_1_62' title="bbox 1001 1502 1756 1536; baseline 0 -1"><span class='ocrx_word' id='word_1_396' title='bbox 1001 1505 1101 1535; x_wconf 81' lang='lat' dir='ltr'><strong>Moser</strong></span> <span class='ocrx_word' id='word_1_397' title='bbox 1125 1503 1302 1534; x_wconf 87' lang='lat' dir='ltr'><strong>Gablerum</strong></span> <span class='ocrx_word' id='word_1_398' title='bbox 1334 1503 1367 1534; x_wconf 89' lang='lat' dir='ltr'><strong>in</strong></span> <span class='ocrx_word' id='word_1_399' title='bbox 1392 1503 1486 1534; x_wconf 86' lang='lat' dir='ltr'><strong>Jahn.</strong></span> <span class='ocrx_word' id='word_1_400' title='bbox 1510 1504 1638 1536; x_wconf 85' lang='lat' dir='ltr'><strong>Annall.</strong></span> <span class='ocrx_word' id='word_1_401' title='bbox 1666 1502 1756 1536; x_wconf 58' lang='lat'><strong>1829.</strong></span> 
     </span>
     <span class='ocr_line' id='line_1_63' title="bbox 1002 1548 1756 1590; baseline 0.003 -13"><span class='ocrx_word' id='word_1_402' title='bbox 1002 1559 1034 1589; x_wconf 90' lang='lat' dir='ltr'><strong>p.</strong></span> <span class='ocrx_word' id='word_1_403' title='bbox 1047 1548 1136 1583; x_wconf 66' lang='lat'><strong>592..</strong></span> <span class='ocrx_word' id='word_1_404' title='bbox 1165 1548 1219 1590; x_wconf 89' lang='lat' dir='ltr'><strong>qui</strong></span> <span class='ocrx_word' id='word_1_405' title='bbox 1235 1560 1341 1590; x_wconf 88' lang='lat' dir='ltr'><strong>comp.</strong></span> <span class='ocrx_word' id='word_1_406' title='bbox 1362 1560 1423 1590; x_wconf 84' lang='lat' dir='ltr'><strong>pro</strong></span> <span class='ocrx_word' id='word_1_407' title='bbox 1440 1548 1568 1580; x_wconf 85' lang='lat' dir='ltr'><strong>Cluent.</strong></span> <span class='ocrx_word' id='word_1_408' title='bbox 1582 1549 1612 1582; x_wconf 77' lang='lat'><strong>7.</strong></span> <span class='ocrx_word' id='word_1_409' title='bbox 1637 1548 1756 1581; x_wconf 79' lang='lat' dir='ltr'><strong>c.Rull.</strong></span> 
     </span>
     <span class='ocr_line' id='line_1_64' title="bbox 1003 1591 1757 1633; baseline 0.003 -11"><span class='ocrx_word' id='word_1_410' title='bbox 1003 1593 1024 1628; x_wconf 89' lang='lat' dir='ltr'><strong>l,</strong></span> <span class='ocrx_word' id='word_1_411' title='bbox 1041 1595 1070 1623; x_wconf 59' lang='grc' dir='ltr'><strong>’Δ</strong></span> <span class='ocrx_word' id='word_1_412' title='bbox 1102 1592 1207 1625; x_wconf 85' lang='lat' dir='ltr'><strong>Divin.</strong></span> <span class='ocrx_word' id='word_1_413' title='bbox 1225 1594 1247 1631; x_wconf 85' lang='grc' dir='ltr'>Ι,</span> <span class='ocrx_word' id='word_1_414' title='bbox 1266 1591 1319 1624; x_wconf 70' lang='grc'>5-1».</span> <span class='ocrx_word' id='word_1_415' title='bbox 1346 1594 1386 1624; x_wconf 92' lang='lat' dir='ltr'><strong>N.</strong></span> <span class='ocrx_word' id='word_1_416' title='bbox 1403 1594 1440 1624; x_wconf 90' lang='lat' dir='ltr'><strong>D.</strong></span> <span class='ocrx_word' id='word_1_417' title='bbox 1458 1594 1513 1633; x_wconf 84' lang='grc' dir='ltr'>ΙΙΙ,</span> <span class='ocrx_word' id='word_1_418' title='bbox 1529 1594 1559 1625; x_wconf 77' lang='lat'><strong>5.</strong></span> <span class='ocrx_word' id='word_1_419' title='bbox 1585 1594 1627 1625; x_wconf 87' lang='lat' dir='ltr'><strong>ad</strong></span> <span class='ocrx_word' id='word_1_420' title='bbox 1640 1595 1757 1625; x_wconf 87' lang='lat' dir='ltr'><strong>Famm.</strong></span> 
     </span>
     <span class='ocr_line' id='line_1_65' title="bbox 1000 1637 1757 1678; baseline 0.003 -11"><span class='ocrx_word' id='word_1_421' title='bbox 1000 1638 1040 1674; x_wconf 89' lang='grc' dir='ltr'><strong>ΙΙ,</strong></span> <span class='ocrx_word' id='word_1_422' title='bbox 1066 1637 1114 1668; x_wconf 78' lang='grc'><strong>10.</strong></span> <span class='ocrx_word' id='word_1_423' title='bbox 1142 1637 1235 1668; x_wconf 87' lang='lat' dir='ltr'><strong>Finn.</strong></span> <span class='ocrx_word' id='word_1_424' title='bbox 1258 1638 1300 1667; x_wconf 86' lang='grc' dir='ltr'><strong>ΙΙ.</strong></span> <span class='ocrx_word' id='word_1_425' title='bbox 1322 1638 1374 1675; x_wconf 63' lang='grc'><strong>22,</strong></span> <span class='ocrx_word' id='word_1_426' title='bbox 1397 1638 1450 1670; x_wconf 74' lang='grc'><strong>30.</strong></span> <span class='ocrx_word' id='word_1_427' title='bbox 1475 1638 1539 1669; x_wconf 83' lang='lat' dir='ltr'><strong>Ols.</strong></span> <span class='ocrx_word' id='word_1_428' title='bbox 1567 1640 1623 1678; x_wconf 89' lang='grc' dir='ltr'>ΙΙΙ,</span> <span class='ocrx_word' id='word_1_429' title='bbox 1641 1639 1690 1670; x_wconf 73' lang='lat'><strong>50.</strong></span> <span class='ocrx_word' id='word_1_430' title='bbox 1715 1638 1757 1669; x_wconf 85' lang='lat' dir='ltr'><strong>de</strong></span> 
     </span>
     <span class='ocr_line' id='line_1_66' title="bbox 1000 1680 1756 1726; baseline 0.004 -15"><span class='ocrx_word' id='word_1_431' title='bbox 1000 1683 1076 1712; x_wconf 87' lang='lat' dir='ltr'><strong>Sen.</strong></span> <span class='ocrx_word' id='word_1_432' title='bbox 1104 1681 1153 1713; x_wconf 79' lang='lat'><strong>10.</strong></span> <span class='ocrx_word' id='word_1_433' title='bbox 1177 1683 1274 1714; x_wconf 88' lang='lat' dir='ltr'><strong>Tusc.</strong></span> <span class='ocrx_word' id='word_1_434' title='bbox 1299 1683 1323 1713; x_wconf 94' lang='lat' dir='ltr'><strong>I.</strong></span> <span class='ocrx_word' id='word_1_435' title='bbox 1348 1682 1402 1720; x_wconf 77' lang='lat'><strong>39,</strong></span> <span class='ocrx_word' id='word_1_436' title='bbox 1423 1680 1477 1714; x_wconf 63' lang='lat'><strong>94.</strong></span> <span class='ocrx_word' id='word_1_437' title='bbox 1497 1682 1657 1726; x_wconf 86' lang='lat' dir='ltr'><strong>docetque</strong></span> <span class='ocrx_word' id='word_1_438' title='bbox 1671 1683 1756 1714; x_wconf 81' lang='lat' dir='ltr'><strong>Cor-</strong></span> 
     </span>
     <span class='ocr_line' id='line_1_67' title="bbox 998 1726 1752 1769; baseline 0.005 -13"><span class='ocrx_word' id='word_1_439' title='bbox 998 1726 1115 1757; x_wconf 88' lang='lat' dir='ltr'><strong>nelium</strong></span> <span class='ocrx_word' id='word_1_440' title='bbox 1135 1727 1300 1769; x_wconf 83' lang='lat' dir='ltr'><strong>Nepotem</strong></span> <span class='ocrx_word' id='word_1_441' title='bbox 1322 1727 1407 1758; x_wconf 87' lang='lat' dir='ltr'><strong>hanc</strong></span> <span class='ocrx_word' id='word_1_442' title='bbox 1428 1733 1625 1760; x_wconf 84' lang='lat' dir='ltr'><strong>structuram</strong></span> <span class='ocrx_word' id='word_1_443' title='bbox 1644 1729 1752 1760; x_wconf 90' lang='lat' dir='ltr'><strong>nomi-</strong></span> 
     </span>
     <span class='ocr_line' id='line_1_68' title="bbox 997 1771 1755 1814; baseline 0.005 -13"><span class='ocrx_word' id='word_1_444' title='bbox 997 1782 1094 1808; x_wconf 87' lang='lat' dir='ltr'><strong>num,</strong></span> <span class='ocrx_word' id='word_1_445' title='bbox 1119 1783 1201 1814; x_wconf 87' lang='lat' dir='ltr'><strong>quac</strong></span> <span class='ocrx_word' id='word_1_446' title='bbox 1226 1771 1321 1803; x_wconf 86' lang='lat' dir='ltr'><strong>urbes</strong></span> <span class='ocrx_word' id='word_1_447' title='bbox 1346 1771 1541 1814; x_wconf 81' lang='lat' dir='ltr'><strong>significant,</strong></span> <span class='ocrx_word' id='word_1_448' title='bbox 1569 1779 1755 1805; x_wconf 89' lang='lat' dir='ltr'><strong>constanter</strong></span> 
     </span>
     <span class='ocr_line' id='line_1_69' title="bbox 996 1816 1753 1861; baseline 0.005 -15"><span class='ocrx_word' id='word_1_449' title='bbox 996 1822 1128 1854; x_wconf 86' lang='lat' dir='ltr'><strong>tenere,</strong></span> <span class='ocrx_word' id='word_1_450' title='bbox 1166 1816 1295 1848; x_wconf 83' lang='lat' dir='ltr'><strong>Livium</strong></span> <span class='ocrx_word' id='word_1_451' title='bbox 1329 1816 1522 1861; x_wconf 85' lang='lat' dir='ltr'><strong>plerumque</strong></span> <span class='ocrx_word' id='word_1_452' title='bbox 1554 1829 1674 1861; x_wconf 81' lang='lat' dir='ltr'><strong>ponere</strong></span> <span class='ocrx_word' id='word_1_453' title='bbox 1699 1821 1753 1859; x_wconf 83' lang='lat' dir='ltr'><strong>ad,</strong></span> 
     </span>
     <span class='ocr_line' id='line_1_70' title="bbox 998 1861 1395 1904; baseline 0 -12"><span class='ocrx_word' id='word_1_454' title='bbox 998 1861 1189 1892; x_wconf 63' lang='lat' dir='ltr'><strong>Ciceronem</strong></span> <span class='ocrx_word' id='word_1_455' title='bbox 1213 1868 1395 1904; x_wconf 85' lang='lat' dir='ltr'><strong>utrumque.</strong></span> 
     </span>
    </p>
   </div>
   <div class='ocr_carea' id='block_1_11' title="bbox 992 1918 1754 2407">
    <p class='ocr_par' dir='ltr' id='par_1_18' title="bbox 993 1918 1754 2407">
     <span class='ocr_line' id='line_1_71' title="bbox 1062 1918 1754 1961; baseline 0.007 -14"><span class='ocrx_word' id='word_1_456' title='bbox 1062 1927 1227 1957; x_wconf 70' lang='lat' dir='ltr'><strong>coynomen</strong></span> <span class='ocrx_word' id='word_1_457' title='bbox 1248 1918 1376 1961; x_wconf 75' lang='lat' dir='ltr'><strong>invenit]</strong></span> <span class='ocrx_word' id='word_1_458' title='bbox 1400 1920 1441 1950; x_wconf 89' lang='lat' dir='ltr'><strong>H.</strong></span> <span class='ocrx_word' id='word_1_459' title='bbox 1458 1931 1484 1953; x_wconf 90' lang='lat' dir='ltr'><strong>e.</strong></span> <span class='ocrx_word' id='word_1_460' title='bbox 1508 1931 1581 1952; x_wconf 87' lang='lat' dir='ltr'><strong>non.</strong></span> <span class='ocrx_word' id='word_1_461' title='bbox 1607 1918 1653 1950; x_wconf 88' lang='lat' dir='ltr'><strong>uti</strong></span> <span class='ocrx_word' id='word_1_462' title='bbox 1674 1922 1754 1952; x_wconf 91' lang='lat' dir='ltr'><strong>Wol-</strong></span> 
     </span>
     <span class='ocr_line' id='line_1_72' title="bbox 995 1962 1754 2004; baseline 0.005 -12"><span class='ocrx_word' id='word_1_463' title='bbox 995 1964 1054 2002; x_wconf 68' lang='grc' dir='ltr'><strong>βας</strong></span> <span class='ocrx_word' id='word_1_464' title='bbox 1073 1962 1318 2004; x_wconf 80' lang='lat' dir='ltr'><strong>interpretatur,</strong></span> <span class='ocrx_word' id='word_1_465' title='bbox 1345 1967 1507 2004; x_wconf 74' lang='lat' dir='ltr'><strong>acquisivit</strong></span> <span class='ocrx_word' id='word_1_466' title='bbox 1527 1966 1592 2004; x_wconf 73' lang='lat' dir='ltr'><strong>sibi,</strong></span> <span class='ocrx_word' id='word_1_467' title='bbox 1615 1965 1673 1996; x_wconf 85' lang='lat' dir='ltr'><strong>sed</strong></span> <span class='ocrx_word' id='word_1_468' title='bbox 1696 1975 1754 1996; x_wconf 79' lang='lat' dir='ltr'><strong>na-</strong></span> 
     </span>
     <span class='ocr_line' id='line_1_73' title="bbox 994 2007 1754 2051; baseline 0.004 -14"><span class='ocrx_word' id='word_1_469' title='bbox 994 2011 1059 2038; x_wconf 74' lang='lat' dir='ltr'><strong>ctus</strong></span> <span class='ocrx_word' id='word_1_470' title='bbox 1083 2010 1145 2046; x_wconf 55' lang='grc' dir='ltr'><strong>θεῖ,-</strong></span> <span class='ocrx_word' id='word_1_471' title='bbox 1179 2007 1212 2038; x_wconf 87' lang='lat' dir='ltr'><strong>in</strong></span> <span class='ocrx_word' id='word_1_472' title='bbox 1237 2008 1337 2039; x_wconf 84' lang='lat' dir='ltr'><strong>verbo</strong></span> <span class='ocrx_word' id='word_1_473' title='bbox 1358 2011 1533 2041; x_wconf 80' lang='lat' dir='ltr'><strong>inveniendi</strong></span> <span class='ocrx_word' id='word_1_474' title='bbox 1553 2020 1615 2040; x_wconf 82' lang='lat' dir='ltr'><strong>non</strong></span> <span class='ocrx_word' id='word_1_475' title='bbox 1640 2009 1754 2051; x_wconf 81' lang='lat' dir='ltr'><strong>studii⁷</strong></span> 
     </span>
     <span class='ocr_line' id='line_1_74' title="bbox 995 2051 1752 2097; baseline 0.007 -16"><span class='ocrx_word' id='word_1_476' title='bbox 995 2051 1052 2081; x_wconf 88' lang='lat' dir='ltr'><strong>sed</strong></span> <span class='ocrx_word' id='word_1_477' title='bbox 1075 2063 1165 2082; x_wconf 80' lang='lat' dir='ltr'><strong>casus</strong></span> <span class='ocrx_word' id='word_1_478' title='bbox 1186 2052 1279 2084; x_wconf 89' lang='lat' dir='ltr'><strong>notio</strong></span> <span class='ocrx_word' id='word_1_479' title='bbox 1300 2053 1392 2085; x_wconf 81' lang='lat' dir='ltr'><strong>latet.</strong></span> <span class='ocrx_word' id='word_1_480' title='bbox 1426 2057 1562 2086; x_wconf 74' lang='lat' dir='ltr'><strong>Klotzics</strong></span> <span class='ocrx_word' id='word_1_481' title='bbox 1583 2061 1752 2097; x_wconf 85' lang='lat' dir='ltr'><strong>comparat</strong></span> 
     </span>
     <span class='ocr_line' id='line_1_75' title="bbox 995 2097 1753 2130; baseline 0.007 -5"><span class='ocrx_word' id='word_1_482' title='bbox 995 2097 1074 2126; x_wconf 84' lang='lat' dir='ltr'><strong>Tac.</strong></span> <span class='ocrx_word' id='word_1_483' title='bbox 1099 2097 1208 2127; x_wconf 79' lang='lat' dir='ltr'><strong>Germ.</strong></span> <span class='ocrx_word' id='word_1_484' title='bbox 1232 2099 1270 2128; x_wconf 70' lang='lat'><strong>2:</strong></span> <span class='ocrx_word' id='word_1_485' title='bbox 1306 2100 1427 2130; x_wconf 74' lang='lat' dir='ltr'><strong>invento</strong></span> <span class='ocrx_word' id='word_1_486' title='bbox 1448 2100 1577 2130; x_wconf 81' lang='lat' dir='ltr'><strong>nomine</strong></span> <span class='ocrx_word' id='word_1_487' title='bbox 1600 2099 1753 2130; x_wconf 86' lang='lat' dir='ltr'><strong>Germani</strong></span> 
     </span>
     <span class='ocr_line' id='line_1_76' title="bbox 996 2142 1752 2175; baseline 0.008 -6"><span class='ocrx_word' id='word_1_488' title='bbox 996 2147 1201 2171; x_wconf 75' lang='lat' dir='ltr'><strong>vocarentur.</strong></span> <span class='ocrx_word' id='word_1_489' title='bbox 1252 2143 1285 2172; x_wconf 84' lang='lat' dir='ltr'><strong>ln</strong></span> <span class='ocrx_word' id='word_1_490' title='bbox 1313 2142 1425 2173; x_wconf 87' lang='lat' dir='ltr'><strong>eadem</strong></span> <span class='ocrx_word' id='word_1_491' title='bbox 1452 2155 1486 2174; x_wconf 84' lang='lat' dir='ltr'><strong>re</strong></span> <span class='ocrx_word' id='word_1_492' title='bbox 1512 2143 1625 2174; x_wconf 70' lang='lat' dir='ltr'><strong>rodem</strong></span> <span class='ocrx_word' id='word_1_493' title='bbox 1651 2144 1752 2175; x_wconf 90' lang='lat' dir='ltr'><strong>verbo</strong></span> 
     </span>
     <span class='ocr_line' id='line_1_77' title="bbox 994 2185 1753 2229; baseline 0.009 -16"><span class='ocrx_word' id='word_1_494' title='bbox 994 2195 1067 2215; x_wconf 84' lang='lat' dir='ltr'><strong>usus</strong></span> <span class='ocrx_word' id='word_1_495' title='bbox 1094 2191 1143 2215; x_wconf 86' lang='lat' dir='ltr'><strong>est</strong></span> <span class='ocrx_word' id='word_1_496' title='bbox 1170 2185 1202 2215; x_wconf 86' lang='lat' dir='ltr'><strong>C.</strong></span> <span class='ocrx_word' id='word_1_497' title='bbox 1229 2186 1292 2216; x_wconf 82' lang='lat' dir='ltr'><strong>Off.</strong></span> <span class='ocrx_word' id='word_1_498' title='bbox 1318 2187 1372 2217; x_wconf 87' lang='grc' dir='ltr'>ΙΙΙ.</span> <span class='ocrx_word' id='word_1_499' title='bbox 1397 2188 1449 2223; x_wconf 74' lang='lat'><strong>51,</strong></span> <span class='ocrx_word' id='word_1_500' title='bbox 1475 2188 1546 2219; x_wconf 65' lang='lat'><strong>112.</strong></span> <span class='ocrx_word' id='word_1_501' title='bbox 1573 2188 1640 2229; x_wconf 78' lang='lat' dir='ltr'><strong>(ubi</strong></span> <span class='ocrx_word' id='word_1_502' title='bbox 1665 2190 1753 2220; x_wconf 85' lang='lat' dir='ltr'><strong>Beier</strong></span> 
     </span>
     <span class='ocr_line' id='line_1_78' title="bbox 996 2228 1750 2271; baseline 0.008 -13"><span class='ocrx_word' id='word_1_503' title='bbox 996 2240 1014 2270; x_wconf 85' lang='lat'><strong>1¹</strong></span> <span class='ocrx_word' id='word_1_504' title='bbox 1020 2252 1026 2258; x_wconf 96' lang='lat'><strong>.</strong></span> <span class='ocrx_word' id='word_1_505' title='bbox 1043 2228 1117 2261; x_wconf 67' lang='lat'><strong>599.</strong></span> <span class='ocrx_word' id='word_1_506' title='bbox 1140 2229 1223 2260; x_wconf 76' lang='lat' dir='ltr'><strong>bene</strong></span> <span class='ocrx_word' id='word_1_507' title='bbox 1247 2230 1406 2271; x_wconf 82' lang='lat' dir='ltr'><strong>explicat:</strong></span> <span class='ocrx_word' id='word_1_508' title='bbox 1433 2234 1506 2263; x_wconf 70' lang='lat' dir='ltr'><strong>dala</strong></span> <span class='ocrx_word' id='word_1_509' title='bbox 1520 2233 1578 2263; x_wconf 80' lang='lat' dir='ltr'><strong>hac</strong></span> <span class='ocrx_word' id='word_1_510' title='bbox 1593 2235 1750 2264; x_wconf 79' lang='lat' dir='ltr'><strong>occasione</strong></span> 
     </span>
     <span class='ocr_line' id='line_1_79' title="bbox 995 2276 1748 2315; baseline 0.007 -11"><span class='ocrx_word' id='word_1_511' title='bbox 995 2276 1166 2313; x_wconf 78' lang='lat' dir='ltr'><strong>Torquatus</strong></span> <span class='ocrx_word' id='word_1_512' title='bbox 1186 2277 1361 2313; x_wconf 74' lang='lat' dir='ltr'><strong>appellatus</strong></span> <span class='ocrx_word' id='word_1_513' title='bbox 1384 2276 1457 2315; x_wconf 48' lang='grc' dir='ltr'><strong>θείς)</strong></span> <span class='ocrx_word' id='word_1_514' title='bbox 1493 2283 1526 2306; x_wconf 87' lang='lat' dir='ltr'><strong>ct</strong></span> <span class='ocrx_word' id='word_1_515' title='bbox 1549 2276 1643 2307; x_wconf 84' lang='lat' dir='ltr'><strong>Finn.</strong></span> <span class='ocrx_word' id='word_1_516' title='bbox 1670 2278 1692 2308; x_wconf 95' lang='grc' dir='ltr'>Ι.</span> <span class='ocrx_word' id='word_1_517' title='bbox 1717 2277 1748 2314; x_wconf 85' lang='lat'><strong>7,</strong></span> 
     </span>
     <span class='ocr_line' id='line_1_80' title="bbox 992 2318 1751 2352; baseline 0.007 -5.08"><span class='ocrx_word' id='word_1_518' title='bbox 992 2318 1046 2349; x_wconf 74' lang='grc' dir='ltr'><strong>“”ὀ.</strong></span> <span class='ocrx_word' id='word_1_519' title='bbox 1098 2319 1144 2349; x_wconf 87' lang='lat' dir='ltr'><strong>De</strong></span> <span class='ocrx_word' id='word_1_520' title='bbox 1168 2318 1347 2350; x_wconf 82' lang='lat' dir='ltr'><strong>indicativo</strong></span> <span class='ocrx_word' id='word_1_521' title='bbox 1371 2323 1484 2352; x_wconf 72' lang='lat' dir='ltr'><strong>invenit</strong></span> <span class='ocrx_word' id='word_1_522' title='bbox 1507 2327 1599 2352; x_wconf 77' lang='lat' dir='ltr'><strong>extra</strong></span> <span class='ocrx_word' id='word_1_523' title='bbox 1624 2321 1751 2352; x_wconf 85' lang='lat' dir='ltr'><strong>oratio-</strong></span> 
     </span>
     <span class='ocr_line' id='line_1_81' title="bbox 993 2362 1748 2407; baseline 0.007 -15"><span class='ocrx_word' id='word_1_524' title='bbox 993 2362 1040 2393; x_wconf 86' lang='lat' dir='ltr'><strong>nis</strong></span> <span class='ocrx_word' id='word_1_525' title='bbox 1076 2362 1228 2405; x_wconf 86' lang='lat' dir='ltr'><strong>obliquae</strong></span> <span class='ocrx_word' id='word_1_526' title='bbox 1262 2375 1380 2395; x_wconf 82' lang='lat' dir='ltr'><strong>nexum</strong></span> <span class='ocrx_word' id='word_1_527' title='bbox 1415 2365 1520 2407; x_wconf 82' lang='lat' dir='ltr'><strong>posito</strong></span> <span class='ocrx_word' id='word_1_528' title='bbox 1556 2377 1586 2396; x_wconf 86' lang='grc' dir='ltr'><strong>ν.</strong></span> <span class='ocrx_word' id='word_1_529' title='bbox 1622 2377 1681 2397; x_wconf 90' lang='lat' dir='ltr'><strong>nos</strong></span> <span class='ocrx_word' id='word_1_530' title='bbox 1716 2366 1748 2397; x_wconf 88' lang='lat' dir='ltr'><strong>in</strong></span> 
     </span>
    </p>
   </div>
   <div class='ocr_carea' id='block_1_12' title="bbox 990 2407 1749 2597">
    <p class='ocr_par' dir='ltr' id='par_1_19' title="bbox 992 2407 1749 2484">
     <span class='ocr_line' id='line_1_82' title="bbox 994 2407 1749 2451; baseline 0.007 -15"><span class='ocrx_word' id='word_1_531' title='bbox 994 2407 1050 2437; x_wconf 90' lang='lat' dir='ltr'><strong>Gr.</strong></span> <span class='ocrx_word' id='word_1_532' title='bbox 1077 2408 1114 2440; x_wconf 94' lang='lat' dir='ltr'><strong>L.</strong></span> <span class='ocrx_word' id='word_1_533' title='bbox 1148 2411 1175 2450; x_wconf 51' lang='grc' dir='ltr'><strong>ᾧ.</strong></span> <span class='ocrx_word' id='word_1_534' title='bbox 1202 2408 1275 2441; x_wconf 83' lang='grc'><strong>160.</strong></span> <span class='ocrx_word' id='word_1_535' title='bbox 1304 2410 1384 2444; x_wconf 84' lang='lat' dir='ltr'><strong>Not.</strong></span> <span class='ocrx_word' id='word_1_536' title='bbox 1403 2410 1433 2443; x_wconf 83' lang='lat'><strong>7.</strong></span> <span class='ocrx_word' id='word_1_537' title='bbox 1468 2416 1500 2440; x_wconf 86' lang='lat' dir='ltr'><strong>et</strong></span> <span class='ocrx_word' id='word_1_538' title='bbox 1535 2412 1674 2451; x_wconf 72' lang='lat' dir='ltr'><strong>Madviy.</strong></span> <span class='ocrx_word' id='word_1_539' title='bbox 1707 2410 1749 2442; x_wconf 85' lang='lat' dir='ltr'><strong>ad</strong></span> 
     </span>
     <span class='ocr_line' id='line_1_83' title="bbox 992 2451 1168 2484; baseline 0.017 -3"><span class='ocrx_word' id='word_1_540' title='bbox 992 2451 1063 2483; x_wconf 90' lang='lat' dir='ltr'><strong>Fin.</strong></span> <span class='ocrx_word' id='word_1_541' title='bbox 1088 2452 1108 2483; x_wconf 88' lang='lat' dir='ltr'><strong>l.</strong></span> <span class='ocrx_word' id='word_1_542' title='bbox 1136 2453 1168 2484; x_wconf 93' lang='lat' dir='ltr'><strong>d.</strong></span> 
     </span>
    </p>

    <p class='ocr_par' dir='ltr' id='par_1_20' title="bbox 990 2509 1749 2597">
     <span class='ocr_line' id='line_1_84' title="bbox 1060 2509 1748 2551; baseline 0.007 -13"><span class='ocrx_word' id='word_1_543' title='bbox 1060 2509 1088 2550; x_wconf 52' lang='grc' dir='ltr'><strong>ᾗ.</strong></span> <span class='ocrx_word' id='word_1_544' title='bbox 1108 2509 1162 2539; x_wconf 80' lang='grc'><strong>50.</strong></span> <span class='ocrx_word' id='word_1_545' title='bbox 1196 2511 1240 2540; x_wconf 88' lang='lat' dir='ltr'><strong>De</strong></span> <span class='ocrx_word' id='word_1_546' title='bbox 1261 2511 1407 2549; x_wconf 75' lang='lat' dir='ltr'><strong>Africano</strong></span> <span class='ocrx_word' id='word_1_547' title='bbox 1428 2528 1468 2533; x_wconf 90' lang='lat'><em>-</em></span> <span class='ocrx_word' id='word_1_548' title='bbox 1490 2513 1593 2542; x_wconf 74' lang='lat' dir='ltr'><strong>iurare</strong></span> <span class='ocrx_word' id='word_1_549' title='bbox 1612 2521 1748 2551; x_wconf 79' lang='lat' dir='ltr'><strong>possum,</strong></span> 
     </span>
     <span class='ocr_line' id='line_1_85' title="bbox 990 2554 1749 2597; baseline 0.005 -14"><span class='ocrx_word' id='word_1_550' title='bbox 990 2563 1050 2584; x_wconf 76' lang='lat' dir='ltr'><strong>non</strong></span> <span class='ocrx_word' id='word_1_551' title='bbox 1072 2555 1160 2584; x_wconf 78' lang='lat' dir='ltr'><strong>illum</strong></span> <span class='ocrx_word' id='word_1_552' title='bbox 1182 2572 1223 2578; x_wconf 84' lang='lat'><strong>—-</strong></span> <span class='ocrx_word' id='word_1_553' title='bbox 1244 2555 1351 2597; x_wconf 82' lang='lat' dir='ltr'><strong>fuisse]</strong></span> <span class='ocrx_word' id='word_1_554' title='bbox 1381 2555 1426 2585; x_wconf 81' lang='lat' dir='ltr'><strong>De</strong></span> <span class='ocrx_word' id='word_1_555' title='bbox 1451 2554 1511 2586; x_wconf 90' lang='lat' dir='ltr'><strong>hac</strong></span> <span class='ocrx_word' id='word_1_556' title='bbox 1532 2562 1694 2586; x_wconf 81' lang='lat' dir='ltr'><strong>structura</strong></span> <span class='ocrx_word' id='word_1_557' title='bbox 1719 2568 1749 2588; x_wconf 87' lang='lat' dir='ltr'><strong>v.</strong></span> 
     </span>
    </p>
   </div>
   <div class='ocr_carea' id='block_1_13' title="bbox 990 2597 1748 2920">
    <p class='ocr_par' dir='ltr' id='par_1_21' title="bbox 993 2597 1444 2635">
     <span class='ocr_line' id='line_1_86' title="bbox 993 2597 1444 2635; baseline 0.009 -8"><span class='ocrx_word' id='word_1_558' title='bbox 993 2597 1159 2628; x_wconf 67' lang='lat' dir='ltr'><strong>Adnotatu</strong></span> <span class='ocrx_word' id='word_1_559' title='bbox 1184 2598 1215 2629; x_wconf 86' lang='lat' dir='ltr'><strong>in</strong></span> <span class='ocrx_word' id='word_1_560' title='bbox 1241 2599 1280 2630; x_wconf 82' lang='lat' dir='ltr'><strong>V.</strong></span> <span class='ocrx_word' id='word_1_561' title='bbox 1306 2599 1366 2635; x_wconf 71' lang='lat'><strong>20,</strong></span> <span class='ocrx_word' id='word_1_562' title='bbox 1392 2599 1444 2632; x_wconf 70' lang='grc'><strong>57.</strong></span> 
     </span>
    </p>

    <p class='ocr_par' dir='ltr' id='par_1_22' title="bbox 990 2655 1748 2920">
     <span class='ocr_line' id='line_1_87' title="bbox 1056 2655 1746 2697; baseline 0.003 -13"><span class='ocrx_word' id='word_1_563' title='bbox 1056 2655 1247 2693; x_wconf 79' lang='lat' dir='ltr'><strong>dubitarim,</strong></span> <span class='ocrx_word' id='word_1_564' title='bbox 1289 2664 1331 2685; x_wconf 85' lang='lat' dir='ltr'><strong>an</strong></span> <span class='ocrx_word' id='word_1_565' title='bbox 1365 2656 1543 2694; x_wconf 78' lang='lat' dir='ltr'><strong>effrenatius</strong></span> <span class='ocrx_word' id='word_1_566' title='bbox 1578 2658 1746 2697; x_wconf 76' lang='lat' dir='ltr'><strong>invaserit]</strong></span> 
     </span>
     <span class='ocr_line' id='line_1_88' title="bbox 991 2698 1748 2730; baseline 0.003 -2"><span class='ocrx_word' id='word_1_567' title='bbox 991 2698 1032 2729; x_wconf 92' lang='lat' dir='ltr'><strong>H.</strong></span> <span class='ocrx_word' id='word_1_568' title='bbox 1045 2709 1074 2729; x_wconf 89' lang='lat' dir='ltr'><strong>e.</strong></span> <span class='ocrx_word' id='word_1_569' title='bbox 1099 2699 1240 2730; x_wconf 82' lang='lat' dir='ltr'><strong>fortasse</strong></span> <span class='ocrx_word' id='word_1_570' title='bbox 1263 2698 1451 2729; x_wconf 84' lang='lat' dir='ltr'><strong>effrenatius</strong></span> <span class='ocrx_word' id='word_1_571' title='bbox 1472 2698 1503 2728; x_wconf 88' lang='lat' dir='ltr'><strong>in</strong></span> <span class='ocrx_word' id='word_1_572' title='bbox 1521 2702 1675 2730; x_wconf 82' lang='lat' dir='ltr'><strong>Aruntem</strong></span> <span class='ocrx_word' id='word_1_573' title='bbox 1694 2700 1748 2730; x_wconf 89' lang='lat' dir='ltr'><strong>in—</strong></span> 
     </span>
     <span class='ocr_line' id='line_1_89' title="bbox 990 2742 1747 2785; baseline 0.003 -12"><span class='ocrx_word' id='word_1_574' title='bbox 990 2742 1084 2774; x_wconf 82' lang='lat' dir='ltr'><strong>vasit.</strong></span> <span class='ocrx_word' id='word_1_575' title='bbox 1123 2743 1317 2774; x_wconf 73' lang='lat' dir='ltr'><strong>particulam</strong></span> <span class='ocrx_word' id='word_1_576' title='bbox 1339 2753 1381 2774; x_wconf 87' lang='grc' dir='ltr'><strong>αη</strong></span> <span class='ocrx_word' id='word_1_577' title='bbox 1405 2754 1533 2785; x_wconf 88' lang='lat' dir='ltr'><strong>semper</strong></span> <span class='ocrx_word' id='word_1_578' title='bbox 1553 2743 1585 2774; x_wconf 88' lang='lat' dir='ltr'><strong>in</strong></span> <span class='ocrx_word' id='word_1_579' title='bbox 1606 2743 1747 2775; x_wconf 82' lang='lat' dir='ltr'><strong>bimem-</strong></span> 
     </span>
     <span class='ocr_line' id='line_1_90' title="bbox 990 2787 1745 2830; baseline 0.004 -13"><span class='ocrx_word' id='word_1_580' title='bbox 990 2787 1040 2818; x_wconf 87' lang='lat' dir='ltr'><strong>bri</strong></span> <span class='ocrx_word' id='word_1_581' title='bbox 1061 2793 1189 2818; x_wconf 85' lang='lat' dir='ltr'><strong>tantum</strong></span> <span class='ocrx_word' id='word_1_582' title='bbox 1208 2787 1475 2829; x_wconf 78' lang='lat' dir='ltr'><strong>interrogatione.</strong></span> <span class='ocrx_word' id='word_1_583' title='bbox 1502 2794 1534 2818; x_wconf 87' lang='lat' dir='ltr'><strong>et</strong></span> <span class='ocrx_word' id='word_1_584' title='bbox 1559 2788 1690 2830; x_wconf 89' lang='lat' dir='ltr'><strong>quidem</strong></span> <span class='ocrx_word' id='word_1_585' title='bbox 1713 2789 1745 2820; x_wconf 87' lang='lat' dir='ltr'><strong>in</strong></span> 
     </span>
     <span class='ocr_line' id='line_1_91' title="bbox 990 2832 1747 2876; baseline 0.003 -14"><span class='ocrx_word' id='word_1_586' title='bbox 990 2832 1092 2863; x_wconf 82' lang='lat' dir='ltr'><strong>altera</strong></span> <span class='ocrx_word' id='word_1_587' title='bbox 1117 2832 1184 2863; x_wconf 88' lang='lat' dir='ltr'><strong>eius</strong></span> <span class='ocrx_word' id='word_1_588' title='bbox 1208 2839 1321 2874; x_wconf 86' lang='lat' dir='ltr'><strong>parte,</strong></span> <span class='ocrx_word' id='word_1_589' title='bbox 1353 2832 1458 2863; x_wconf 87' lang='lat' dir='ltr'><strong>locum</strong></span> <span class='ocrx_word' id='word_1_590' title='bbox 1484 2832 1623 2871; x_wconf 75' lang='lat' dir='ltr'><strong>habere,</strong></span> <span class='ocrx_word' id='word_1_591' title='bbox 1648 2845 1747 2876; x_wconf 85' lang='lat' dir='ltr'><strong>saepe</strong></span> 
     </span>
     <span class='ocr_line' id='line_1_92' title="bbox 991 2876 1746 2920; baseline 0.003 -14.024"><span class='ocrx_word' id='word_1_592' title='bbox 991 2882 1098 2907; x_wconf 79' lang='lat' dir='ltr'><strong>autem</strong></span> <span class='ocrx_word' id='word_1_593' title='bbox 1123 2877 1209 2919; x_wconf 83' lang='lat' dir='ltr'><strong>prius</strong></span> <span class='ocrx_word' id='word_1_594' title='bbox 1231 2876 1408 2908; x_wconf 84' lang='lat' dir='ltr'><strong>membrum</strong></span> <span class='ocrx_word' id='word_1_595' title='bbox 1435 2877 1563 2915; x_wconf 84' lang='lat' dir='ltr'><strong>omitti,</strong></span> <span class='ocrx_word' id='word_1_596' title='bbox 1587 2890 1684 2920; x_wconf 82' lang='lat' dir='ltr'><strong>snpra</strong></span> <span class='ocrx_word' id='word_1_597' title='bbox 1705 2877 1746 2910; x_wconf 85' lang='lat' dir='ltr'><strong>ad</strong></span> 
     </span>
    </p>
   </div>
   <div class='ocr_carea' id='block_1_14' title="bbox 992 2921 1747 2958">
    <p class='ocr_par' dir='ltr' id='par_1_23' title="bbox 992 2921 1747 2958">
     <span class='ocr_line' id='line_1_93' title="bbox 992 2921 1747 2958; baseline 0.007 -8"><span class='ocrx_word' id='word_1_598' title='bbox 992 2922 1046 2952; x_wconf 89' lang='grc' dir='ltr'>ΙΙΙ.</span> <span class='ocrx_word' id='word_1_599' title='bbox 1076 2922 1109 2958; x_wconf 80' lang='lat' dir='ltr'><strong>l,</strong></span> <span class='ocrx_word' id='word_1_600' title='bbox 1138 2922 1162 2953; x_wconf 91' lang='grc'><strong>1.</strong></span> <span class='ocrx_word' id='word_1_601' title='bbox 1188 2921 1335 2953; x_wconf 69' lang='lat' dir='ltr'><strong>vidimus.</strong></span> <span class='ocrx_word' id='word_1_602' title='bbox 1387 2921 1474 2952; x_wconf 53' lang='lat' dir='ltr'><strong>Idem</strong></span> <span class='ocrx_word' id='word_1_603' title='bbox 1498 2922 1583 2953; x_wconf 70' lang='lat' dir='ltr'><strong>valet</strong></span> <span class='ocrx_word' id='word_1_604' title='bbox 1608 2923 1648 2954; x_wconf 83' lang='lat' dir='ltr'><strong>de</strong></span> <span class='ocrx_word' id='word_1_605' title='bbox 1674 2923 1747 2955; x_wconf 77' lang='lat' dir='ltr'><strong>sor-</strong></span> 
     </span>
    </p>
   </div>
  </div>
 </body>
</html>
