1863 3221
260 117 285 157 ‘2
873 119 1216 152 pnoiisscomem.

262 221 368 245 scere
399 210 599 256 coeperat,
641 203 984 249 Romanorumque
1010 201 1127 238 animi
1159 200 1207 237 ad
1239 201 1281 237 id
1305 202 1478 240 studium
1510 205 1819 253 persequendum

260 276 351 312 satis
369 272 514 310 exculti
535 270 795 314 videbantur,
827 268 1013 317 antiquus
1031 281 1163 305 rerum
1189 268 1435 318 publicarum
1455 277 1580 307 status
1603 272 1821 321 populique

259 342 455 389 ingenium
486 343 767 376 commutatum
798 335 912 386 plane
942 342 1028 372 erat
1057 342 1175 384 atque
1207 349 1454 374 conversum.

372 407 556 444 Omnium
588 406 667 442 sere
699 403 1000 453 disciplinarum
1034 403 1261 452 philosophi
1285 416 1305 439 e
1329 404 1490 447 Graecia
1516 407 1675 442 Rotnani
1711 419 1819 442 com-

258 476 529 525 migraverunt
560 473 695 520 ibique
728 484 876 507 summa
905 470 1260 507 illustrissimorum
1285 471 1464 508 virorum
1488 474 1734 522 perfruentes
1754 473 1818 509 di-

259 543 406 591 gnitate
425 541 467 577 in
490 553 626 576 eorum
653 538 833 575 domibus
854 537 979 574 sedem
1003 551 1110 574 suam
1133 537 1319 574 fixerunt.
1378 537 1482 576 Inter
1501 552 1562 576 eas
1580 539 1820 590 disciplinas,

258 622 356 658 quae
378 607 661 646 studiosissime
685 605 917 643 colebantur
940 619 959 641 a
990 605 1188 652 Romanis,
1220 605 1320 642 duae
1343 605 1587 655 potissimum
1611 608 1819 644 nominan-

258 677 329 713 dae
353 682 466 722 sunt,
507 687 606 724 quae
635 673 750 723 plane
779 671 1003 709 contrariae
1032 679 1167 719 erant,
1205 673 1374 710 Stoicam
1401 673 1490 710 dico
1516 680 1552 710 et
1579 673 1821 723 Epicuream.

257 743 408 781 Etenim
430 742 489 779 uti
510 743 776 778 Romanorum
797 739 996 789 ingenium
1018 739 1057 775 in
1074 739 1157 776 vita
1177 747 1247 776 aut
1267 741 1315 777 ad
1339 741 1517 777 tetricam
1541 740 1736 790 quandam
1757 754 1820 778 se-

257 811 483 855 veritatem,
516 814 582 844 aut
603 807 651 843 ad
672 806 830 843 effusam
851 806 1053 843 luxuriam
1075 805 1309 855 inclinabat5
1340 808 1394 844 ita
1415 808 1455 844 in
1477 807 1730 858 philosophia
1752 815 1821 846 aut

257 878 412 915 Stoicae
435 875 591 912 scholae
620 875 867 924 asperitatem
899 880 968 910 aut
992 874 1206 924 Epicureae
1231 874 1435 911 mollitiam
1461 874 1723 925 amplexatum
1749 883 1820 912 est.

256 945 386 982 Stoica
408 943 635 993 disciplina,
667 955 798 979 omnes
819 949 1000 979 externas
1020 955 1081 979 res
1103 941 1296 993 negligens
1313 948 1429 992 atque
1448 948 1654 992 spernens,
1684 942 1822 992 splen-

257 1013 353 1050 dore
375 1025 420 1049 ac
443 1010 725 1060 magnificentia
747 1015 1048 1059 praeceptorum
1069 1015 1230 1056 ornata,
1263 1010 1487 1046 excelsioris
1509 1010 1654 1059 ingenii
1677 1011 1819 1056 Roma-

258 1094 346 1126 nos,
379 1079 447 1128 qui
469 1078 675 1127 pristinam
696 1077 800 1113 illam
819 1090 970 1113 inormn
990 1076 1237 1113 severitatem
1251 1107 1260 1123 ,
1291 1077 1521 1126 gravitatem
1541 1083 1658 1125 atque
1675 1076 1819 1126 ingenii

257 1146 507 1183 altitudinem
529 1145 698 1181 retinere
724 1150 761 1179 et
777 1156 857 1179 reni
878 1143 1073 1192 publicani
1096 1144 1294 1192 praeclare
1316 1142 1557 1192 honesteque
1576 1155 1709 1192 gerere
1732 1149 1820 1179 stu-

257 1214 421 1260 debant,
461 1211 626 1248 mirifice
658 1210 847 1260 capiebat.
916 1210 1106 1260 Epic-urea
1139 1210 1411 1260 philosophia,
1453 1223 1553 1259 quae
1585 1216 1624 1247 et
1658 1209 1819 1258 cognitu
1862 1238 1863 1244 ,

259 1282 350 1318 satis
375 1279 499 1317 facilis
524 1285 627 1325 erat,
658 1284 695 1314 et
716 1277 870 1314 blandis
891 1277 1105 1327 voluptatis
1127 1276 1319 1314 illecebris
1342 1278 1552 1325 invitabat,
1584 1277 1636 1314 eis
1660 1277 1823 1313 maxime

259 1355 369 1399 grata
392 1354 497 1394 erat,
537 1346 626 1396 qui,
667 1359 686 1381 a
711 1358 752 1381 re
778 1344 940 1394 publica
965 1344 1123 1391 remoti,
1156 1344 1272 1394 inagis
1291 1344 1365 1380 sibi
1392 1344 1581 1381 vivebant
1608 1350 1646 1380 et
1670 1357 1818 1393 corpo-

259 1417 314 1453 ris
347 1415 407 1452 vel
435 1414 551 1451 animi
592 1412 865 1463 voluptatibus
886 1411 986 1458 srui,
1029 1424 1144 1461 quani
1174 1413 1296 1449 vitani
1329 1411 1566 1461 negotiosam
1601 1410 1817 1460 transigere

260 1484 464 1521 malebant.

451 1587 505 1632 ΙΙ.
569 1591 637 1631 De
673 1590 884 1631 Cicerone
914 1591 1084 1644 eiusque
1112 1591 1315 1630 universa
1345 1589 1630 1643 philosophia.

373 1685 448 1722 Etsi
479 1684 589 1721 multi
625 1691 709 1720 tuin
730 1683 894 1721 Romani
917 1681 1194 1733 philosophiae
1227 1695 1387 1733 operam
1420 1682 1640 1729 navabant,
1679 1687 1820 1727 tamen,

260 1767 381 1802 quum
413 1767 455 1789 ea
486 1753 602 1789 ferme
639 1765 660 1788 a
690 1752 849 1788 Graecis
880 1751 986 1787 tradi
1012 1750 1248 1799 Graecisque
1279 1750 1421 1786 litteris
1447 1750 1640 1786 contineri
1664 1749 1818 1794 soleret,

261 1827 298 1857 et
314 1833 513 1870 perpauca
536 1825 690 1855 tantum
708 1831 857 1868 perque
880 1817 1011 1866 exigui
1035 1817 1150 1867 pretii
1171 1822 1419 1853 monumenta
1443 1816 1576 1853 Latina
1601 1816 1733 1853 relicta
1754 1829 1816 1853 es-

260 1894 366 1935 sent,
392 1887 479 1924 fieri
507 1900 586 1923 non
611 1886 763 1935 potuit,
795 1884 926 1921 utilia
952 1885 1049 1920 laete
1071 1883 1333 1920 effloresceret
1359 1898 1403 1920 ac
1422 1897 1559 1933 inagna
1581 1884 1820 1920 incrementa
1856 1877 1858 1879 ’

260 1961 429 2006 caperet.
488 1954 617 2003 ltaque
643 1953 791 1999 Cicero,
822 1951 1005 2001 flagranti
1026 1951 1179 2001 patriae
1201 1964 1334 1988 amore
1360 1951 1549 2000 agitatus,
1583 1951 1664 1996 uti,
1697 1963 1817 1999 quum

258 2023 300 2059 in
323 2021 492 2071 gerenda
514 2034 556 2057 re
578 2020 739 2069 publica
758 2020 1011 2064 versabatur,
1043 2032 1194 2055 omnem
1213 2019 1254 2055 in
1277 2031 1319 2054 ea
1339 2031 1519 2068 operam,
1551 2030 1680 2054 omnes
1702 2029 1816 2054 curas

259 2088 594 2139 cogitationesque
615 2093 802 2136 posuerat
825 2085 1050 2134 civiumque
1071 2085 1234 2122 salutem
1253 2092 1371 2134 atque
1396 2085 1704 2122 incolumitatem
1726 2097 1813 2120 mo-

258 2157 318 2194 dis
341 2156 522 2192 omnibus
546 2167 687 2204 augere
712 2160 750 2190 et
770 2166 1004 2203 promovere
1029 2152 1250 2198 studuerat,
1282 2152 1348 2199 ita,
1374 2152 1414 2188 in
1438 2152 1549 2188 senili
1570 2159 1696 2189 aetate
1715 2165 1814 2188 con-

257 2224 440 2270 stitutus,
482 2235 624 2271 quum,
664 2222 836 2258 Romana
876 2234 919 2258 re
951 2220 1107 2270 publica
1140 2233 1273 2256 eversa
1298 2226 1416 2268 atque
1438 2219 1621 2255 libertate
1642 2218 1814 2255 Caesaris
1858 2203 1861 2216 ⁸

257 2290 461 2328 dominatu
487 2300 696 2339 oppressa,
736 2287 1058 2324 administrandis
1083 2287 1255 2324 civitatis
1288 2287 1519 2324 muneribus
1550 2286 1702 2324 civibus
1733 2285 1814 2322 suis
1853 2276 1854 2284 ἵ

254 2357 441 2408 prodesse
461 2370 541 2393 non
562 2362 712 2406 posset,
743 2368 792 2391 ne
814 2355 914 2402 otio,
947 2368 1027 2403 quo
1048 2355 1294 2401 abundabat,
1326 2355 1548 2404 langueret,
1587 2352 1811 2389 universam
1857 2384 1859 2397 2

252 2424 546 2474 philosophiam
568 2436 587 2460 e
601 2422 764 2460 Graecia
781 2422 1004 2459 traductam
1022 2421 1248 2458 Latinarum
1269 2421 1490 2458 litterarum
1510 2421 1596 2457 luce
1613 2420 1814 2457 illustrare

252 2491 323 2528 sibi
350 2491 579 2541 proposuit,
611 2491 741 2540 magni
769 2490 995 2526 existimans
1015 2489 1200 2526 interesse
1231 2489 1280 2525 ad
1309 2489 1423 2526 decus
1449 2495 1486 2525 et
1506 2489 1554 2525 ad
1576 2487 1731 2524 laudem
1752 2487 1812 2523 ci-
1855 2495 1857 2525 ¹,

254 2558 407 2605 vitatis,
437 2571 498 2594 res
524 2564 599 2593 tam
620 2571 758 2607 graves
775 2564 932 2607 tamque
956 2556 1176 2607 praeclaras
1199 2557 1346 2594 Latinis
1371 2556 1485 2593 etiam
1509 2555 1651 2592 litteris
1677 2553 1811 2592 conti-
1852 2571 1853 2574 ¹

252 2626 335 2662 neri
366 2632 404 2662 et
434 2625 536 2662 hanc
565 2625 756 2673 reliquam
787 2625 952 2675 gloriam
985 2624 1172 2661 Graeciae
1212 2624 1325 2673 eripi.

363 2692 763 2741 Quanquani'sullius
786 2692 937 2728 nullum
962 2693 1041 2728 fere
1065 2691 1339 2742 philosophiae
1366 2690 1505 2736 locum,
1538 2690 1604 2739 qui
1632 2703 1711 2726 nou
1732 2689 1807 2725 La-
1853 2693 1855 2723 Ξ

248 2759 342 2797 tinis
370 2760 509 2796 litteris
541 2759 763 2795 illustratus
786 2764 958 2808 pateret,
996 2759 1179 2808 reliquit3
1219 2765 1343 2796 tamen
1370 2771 1446 2793 non
1477 2757 1689 2806 perfectam
1711 2755 1808 2791 artis

246 2826 440 2876 quandam
473 2826 722 2875 disciplinam
754 2825 944 2864 condidit.
1006 2824 1137 2876 Neque
1168 2826 1207 2863 id
1242 2825 1282 2861 in
1313 2824 1607 2861 conscribendis
1641 2823 1720 2859 suis
1759 2822 1808 2858 de
1846 2873 1847 2876 ¹

248 2893 497 2945 philosophia
524 2894 634 2930 libris
659 2899 815 2930 secutus
849 2898 905 2928 est
932 2894 1157 2941 consilium,
1196 2892 1261 2929 sed
1290 2891 1598 2942 praeclarissima
1628 2902 1805 2939 quaeque

245 2967 282 2998 et
303 2962 352 2998 ad
375 2974 501 2999 mores
524 2960 831 2998 conformandos
851 2960 1049 3009 vitamque
1071 2960 1207 2997 melius
1238 2958 1520 2997 instituendam
1550 2956 1805 2995 saluberrima
1845 2962 1852 2973 ’
