1863 3221
255 105 283 147 8
858 108 1202 141 PRoLEGOMENA.

254 207 337 231 mos
370 187 665 243 ἆριστοτὲλειος;
701 190 743 227 in
773 203 852 239 quo
883 202 1012 226 sermo
1039 189 1095 226 ita
1127 189 1352 238 inducitur,
1388 196 1434 228 ut
1461 203 1576 242 penes
1603 202 1727 227 unum
1755 190 1806 228 sit

254 261 517 312 principatus.
573 259 830 306 Posteaquam
855 263 1126 308 argumentum
1147 257 1363 307 quoddam,
1392 258 1440 295 de
1463 271 1542 308 quo
1567 257 1807 308 disputetur,

256 327 508 378 propositum
539 331 614 373 est,
654 330 847 375 perpetua
881 324 1060 361 oratione
1082 319 1214 376 (λόγῳ)
1243 324 1485 375 explicatur,
1525 324 1668 362 additis
1693 324 1807 362 simul

257 394 400 432 caussis
424 399 540 443 atque
563 391 821 443 argumentis,
852 405 923 428 cur
943 392 997 429 ita
1025 392 1167 429 sentiat
1187 392 1240 440 is,
1273 391 1340 441 qui
1365 392 1559 443 disputat,
1598 399 1680 429 tum
1707 391 1808 429 alter

254 460 439 511 procedit
468 466 505 497 et
536 466 676 496 contra
707 459 814 496 illius
844 459 1052 496 sententias
1082 465 1275 510 perpetua
1307 460 1486 496 oratione
1516 460 1713 510 disputat,
1747 459 1809 496 uti

254 527 295 564 in
324 526 583 573 Academicis,
623 526 664 563 in
689 526 799 564 libris
822 526 868 563 de
894 527 1043 564 Natura
1070 527 1257 574 Deorum,
1298 526 1344 563 de
1369 527 1637 575 Divinatione,
1669 527 1715 564 de
1738 526 1808 563 Fi-

253 594 384 631 nibus.
442 594 487 630 In
518 594 748 631 Tusculanis
774 600 902 630 autem
929 593 1076 644 partim
1103 594 1340 630 Socraticam
1371 601 1510 631 contra
1537 594 1697 631 alterius
1718 593 1809 644 opi-

252 659 410 698 nionem
434 661 649 698 disserendi
679 661 1002 698 consuetudinem
1022 660 1082 713 ⁹),
1115 675 1212 711 quae
1240 661 1438 698 subtiliter
1468 660 1740 711 interrogandi
1776 666 1813 696 et

252 728 519 778 respondendi
553 728 743 765 rationem
776 729 828 764 ita
856 735 987 765 secuta
1019 735 1091 776 est,
1133 735 1178 765 ut
1200 730 1316 766 rebus
1347 729 1509 779 singulis
1540 728 1736 764 insisteret
1762 734 1811 775 et,

255 794 350 844 quid
388 795 552 845 quisque
586 795 840 842 concederet,
880 796 974 844 quid
999 796 1206 843 abnueret,
1248 796 1463 846 intelligere
1494 795 1671 832 studeret
1702 802 1739 832 et
1763 807 1811 831 ex

254 861 373 899 rebus
401 862 592 898 concessis
627 862 880 899 concluderet
912 869 1028 912 atque
1056 863 1109 899 ita
1140 863 1188 899 ad
1218 863 1365 899 exitum
1395 863 1642 913 perveniret,
1680 868 1812 898 tenere

254 927 432 977 studuit3
471 936 724 979 posteaquam
753 936 880 966 autem
909 930 974 966 illa
1000 930 1275 981 interrogandi
1301 936 1338 966 et
1367 929 1634 980 respondendi
1658 929 1812 965 ratione

256 993 561 1045 disputationem
585 998 635 1033 ad
661 1004 811 1033 certum
843 997 1036 1046 quendam
1069 998 1216 1034 exitum
1248 998 1434 1044 deduxit,
1474 997 1549 1034 hoc
1582 996 1739 1033 conciso
1775 1000 1814 1031 et

257 1061 369 1099 brevi
392 1062 607 1100 disserendi
633 1077 772 1113 genere
798 1064 956 1112 relicto7
987 1064 1137 1113 reliqua
1159 1071 1351 1114 perpetua
1379 1064 1557 1101 oratione
1578 1062 1772 1114 exposuit.

399 1170 516 1211 VIII.
583 1172 647 1212 De
675 1175 844 1226 pretio,
876 1173 989 1227 qzcod
1018 1174 1286 1214 stainemlmn
1317 1178 1378 1214 est
1413 1172 1678 1214 Tusculanis.

368 1262 610 1300 Tusculanae
638 1265 927 1314 Disputationes
956 1265 1181 1302 referendae
1202 1272 1314 1312 sunt,
1353 1271 1397 1301 ut
1422 1278 1541 1314 supra
1566 1264 1814 1300 demonstra-

258 1327 407 1377 vimus,
446 1331 494 1367 ad
526 1344 589 1368 eos
621 1331 764 1380 libros,
805 1332 871 1382 qui
893 1333 1142 1383 populariter
1170 1332 1309 1382 magiS,
1351 1345 1466 1381 quam
1490 1331 1675 1368 subtilius
1699 1330 1815 1367 lima-

259 1394 416 1445 tiusque
436 1398 650 1449 perscripti
672 1406 777 1436 sunt.
837 1400 920 1436 Alia
941 1406 998 1437 est
1016 1400 1115 1437 enim
1137 1400 1220 1447 illa,
1250 1412 1371 1448 quum
1393 1398 1535 1435 veritas
1553 1398 1637 1447 ipsa
1655 1397 1817 1433 limatur

259 1461 302 1498 in
342 1463 633 1513 disputatione,
679 1466 899 1516 subtilitas,
936 1467 1030 1514 alia,
1069 1480 1189 1516 quum
1226 1466 1276 1503 ad
1316 1465 1541 1515 opinionem
1576 1477 1817 1501 communem

260 1530 384 1566 omnis
413 1533 730 1570 accommodatur
754 1534 884 1570 oratio
904 1533 952 1585 ¹).
1012 1535 1082 1570 Sed
1109 1533 1462 1584 praestantissimae
1488 1538 1604 1581 atque
1634 1531 1814 1568 excelsis—

258 1595 375 1634 simae
396 1598 435 1635 in
462 1599 515 1636 eis
540 1613 743 1651 expressae
766 1608 859 1638 sunt
878 1602 1093 1638 sententiae
1112 1607 1149 1637 et
1168 1607 1393 1651 praecepta:
1425 1613 1523 1649 quae
1546 1612 1665 1648 quum
1685 1611 1815 1635 omnes

257 1662 444 1714 homines,
475 1673 558 1703 tum
579 1668 742 1705 maxime
761 1669 963 1706 erectioris
982 1669 1128 1705 indolis
1151 1669 1410 1705 adolescentes
1431 1674 1468 1703 et
1487 1665 1702 1715 magnificis
1724 1678 1815 1702 sen-

257 1730 364 1768 sibus
393 1733 585 1782 imbuere,
625 1742 662 1771 et
683 1736 801 1772 animi
823 1736 1006 1773 firmitate
1032 1749 1191 1786 augere,
1233 1742 1270 1771 et
1293 1735 1340 1771 ad
1363 1733 1672 1784 praeclarissima
1694 1745 1815 1781 quae—

260 1810 336 1846 que
364 1799 511 1850 erigere
536 1802 691 1838 debent.
753 1803 883 1848 Quum
914 1804 974 1840 vel
1003 1803 1084 1852 ipsa
1114 1803 1256 1839 horum
1287 1802 1480 1838 librorum
1506 1806 1732 1850 argumenta
1759 1800 1815 1836 ita

259 1873 483 1915 comparata
508 1868 605 1916 sint,
644 1876 690 1905 ut
709 1870 790 1906 sine
816 1870 908 1906 ullis
929 1869 1119 1906 orationis
1147 1869 1384 1905 ornamentis
1407 1875 1444 1905 et
1465 1867 1658 1904 illecebris
1686 1880 1813 1917 expo—

258 1931 333 1968 sita
367 1941 508 1983 sponte
535 1937 685 1973 animos
712 1937 922 1974 advertant
949 1937 997 1973 ad
1032 1950 1070 1973 se
1093 1937 1348 1986 rapiantque,
1388 1942 1470 1972 tum
1498 1949 1540 1971 eo
1567 1934 1723 1971 dicendi
1746 1946 1814 1983 ge·-

259 2012 352 2036 nere
383 2002 591 2051 explanata
623 2011 661 2041 et
692 2004 890 2040 illustrata
922 2010 1034 2051 sunt,
1074 2010 1137 2052 ut,
1178 2017 1257 2053 quo
1293 2004 1419 2040 minus
1456 2002 1552 2039 illud
1584 2002 1633 2038 ad
1663 2014 1816 2038 severas

258 2067 449 2104 orationis
482 2069 580 2119 leges
613 2077 793 2106 exactum
817 2077 856 2106 et
887 2071 1114 2120 castigatum
1145 2071 1215 2117 sit,
1253 2070 1329 2107 hoc
1355 2070 1540 2107 libentius
1572 2069 1613 2105 in
1643 2081 1687 2104 eo
1716 2081 1815 2104 con-

258 2133 444 2181 quiescas.
505 2137 585 2173 Etsi
617 2137 751 2187 negari
785 2152 862 2174 non
894 2144 1045 2187 potest,
1083 2137 1155 2174 hos
1183 2137 1305 2173 libros
1335 2137 1467 2173 multis
1496 2136 1591 2172 locis
1623 2135 1813 2171 festinan-

257 2199 337 2237 tius
356 2200 396 2253 2)
423 2209 460 2239 et
486 2204 740 2255 negligentius
772 2211 809 2241 et
833 2205 957 2241 multo
992 2205 1140 2252 minus,
1183 2218 1297 2254 quani
1326 2204 1401 2240 alia
1426 2203 1595 2239 eiusdem
1617 2201 1737 2238 Tullii
1768 2201 1815 2238 de

256 2266 511 2319 philosophia
534 2272 700 2321 scripta,
734 2272 907 2309 elimatos
935 2287 980 2309 ac
1006 2273 1226 2323 perpolitus
1245 2283 1343 2319 esse,
1382 2271 1580 2319 multaque
1607 2270 1647 2306 in
1677 2269 1729 2305 eis
1749 2269 1812 2305 in·-

257 2347 357 2383 esse,
397 2336 438 2373 in
463 2338 604 2387 quibus
636 2339 866 2389 philosophi
888 2340 1086 2376 subtilitas
1114 2346 1150 2376 et
1177 2338 1376 2388 diligentia
1402 2337 1665 2384 desideretur,
1704 2342 1811 2372 tanta

256 2408 384 2440 tamen
406 2411 443 2441 et
470 2405 750 2442 sententiarum
774 2406 973 2454 ubertate,
1003 2405 1198 2456 gravitate
1217 2419 1260 2441 ac
1280 2405 1527 2452 salubritate,
1559 2410 1596 2440 et
1620 2402 1811 2440 orationis

254 2469 461 2518 facilitate,
492 2472 756 2521 iucunditate,
796 2479 1004 2510 venustate
1026 2486 1105 2510 sese
1141 2473 1436 2519 commendant,
1478 2478 1520 2508 ut
1551 2477 1587 2507 et
1613 2470 1654 2507 in
1678 2469 1810 2506 utilis-—

256 2535 362 2573 simis
389 2544 425 2573 et
447 2539 485 2574 in
513 2540 749 2576 suavissimis
774 2539 1001 2591 philosophi
1028 2540 1155 2578 nostri
1179 2540 1336 2591 scriptis
1363 2540 1448 2576 iure
1471 2537 1618 2574 censeri
1651 2541 1809 2585 queant.

255 2601 383 2652 Atque
406 2605 466 2641 uti
498 2605 538 2641 in
566 2606 765 2644 Ciceronis
792 2608 1041 2645 orationibus
1072 2607 1360 2657 rhetoricisque
1382 2604 1493 2642 libris
1515 2616 1705 2641 summum
1727 2604 1812 2638 Ro-

254 2670 358 2706 mani
381 2672 569 2710 sermonis
591 2673 837 2723 splendorem
861 2682 897 2711 et
916 2676 1170 2723 maiestatem,
1200 2685 1461 2722 summamque
1489 2685 1533 2708 ac
1559 2671 1628 2708 vix
1650 2671 1812 2707 imitan—

256 2736 342 2773 dam
366 2745 488 2775 artem
509 2739 768 2787 admiramur,
800 2741 853 2776 ita
876 2741 948 2778 hae
967 2743 1013 2779 de
1035 2741 1289 2793 philosophia
1310 2740 1596 2790 disputationes
1617 2737 1811 2788 egregium

344 2823 378 2867 9)
407 2825 458 2858 Cf.
481 2827 612 2858 Tuscul.
642 2825 712 2867 1.8‚
739 2824 781 2858 16
801 2838 849 2869 sq.
897 2826 927 2868 1)
952 2828 1066 2860 Cicero
1083 2829 1124 2860 de
1139 2828 1234 2860 Offic.
1257 2825 1362 2859 11.10.
1386 2825 1441 2865 35,
1468 2826 1521 2858 ubi
1547 2827 1685 2858 v.Beier.
1711 2822 1810 2866 p.(59.

255 2868 289 2908 2)
314 2872 349 2902 F·
373 2873 409 2903 A·
437 2872 562 2910 Wolfius
592 2871 626 2904 iu
648 2872 756 2903 Prassf·
783 2871 861 2903 edit·
896 2883 972 2902 suae
1001 2885 1031 2914 p.
1056 2875 1110 2906 IV.
1135 2872 1335 2906 Tusculanas
1359 2871 1450 2903 unius
1480 2871 1532 2903 vel
1555 2870 1694 2902 duorum
1719 2878 1811 2899 men-

252 2913 334 2945 sium
359 2915 461 2946 setum
492 2913 560 2945 esse
586 2922 691 2958 putat.
741 2919 847 2958 Atque
867 2927 905 2946 ex
931 2916 993 2948 hac
1016 2917 1084 2959 ipsa
1112 2917 1326 2949 festinatione
1352 2916 1475 2948 sactum
1511 2921 1580 2955 est,
1618 2920 1653 2944 ut
1679 2912 1713 2944 hi
1736 2911 1810 2944 libri

251 2959 366 2990 referti
389 2959 454 2991 sint
478 2956 713 2998 α’νακολούξτοις
736 2961 910 2992 verborum
932 2962 1230 2994 consecutionibus.
