1832 3137
616 97 761 131 INDEX
783 97 1058 132 HlsTomcus.

109 187 180 208 mus
203 185 324 208 nomeu
347 175 583 219 philosophiae
615 182 649 209 et
675 176 827 220 philoso-

106 221 164 264 phi
184 220 326 254 induxit.
362 221 390 259 l,
414 221 468 254 20.
489 222 543 255 38.
563 220 620 254 39.
641 219 697 255 49.
714 221 769 255 62.
793 222 825 261 3,

107 264 163 300 36.
195 263 227 303 4,
252 265 284 298 2.
305 265 339 299 3.
365 266 415 298 10.
439 264 493 298 44.
517 267 570 299 55.
605 267 638 304 5,
663 269 695 299 ὅ.
718 265 749 299 9.
775 267 825 299 10.

106 309 162 344 30.
185 309 240 344 66.
290 310 340 342 Cf.
363 310 406 342 de
437 321 476 342 eo
511 313 550 342 H.
575 313 680 343 Riller.
703 311 822 344 Gesch.

108 354 141 386 d.
167 355 437 398 Pythagoreisch.
462 355 543 387 Phil.
567 355 800 390 Hamb.18·26.

70 402 279 441 Ρῃὶὲιαρονεί,
312 400 519 455 Pythagorae
543 401 705 443 discipuli.
751 401 825 432 No-

108 451 179 476 tum
203 451 254 476 est
277 455 389 476 eorum
425 441 528 484 αὗτός
554 445 628 488 ἔφα.
678 446 824 478 Societas

110 501 224 522 eorum
254 489 288 521 in
313 491 433 533 Magna
459 491 617 529 Graecia,
654 503 672 523 a
699 490 825 534 Pytha-

108 546 189 578 gora
213 534 367 573 condita,
392 547 475 578 quac
498 547 626 568 morum
653 546 825 578 rerumque

109 579 312 623 publicarum
346 581 610 613 emendationem
641 580 823 625 spectabat,

111 636 172 668 per
193 624 239 658 30
262 632 390 657 tantum
410 637 516 658 annos
537 626 659 658 floruit.
707 627 744 665 1,
768 625 823 659 3&-

111 669 168 703 39.
214 668 369 713 4,2.3.
415 671 634 711 ὁ,63.113.

425 751 463 781 R.

64 805 214 845 Reyulus.
261 806 301 836 V.
327 807 448 837 Atilius.

64 850 345 889 Rhadamanthus,
382 848 469 881 Iovis
502 860 542 880 ex
566 850 714 901 Europa
730 849 826 891 filius,

112 893 217 926 frater
243 873 384 933 Minois,
411 905 467 926 rex
492 895 634 938 Lyciae,
661 894 725 939 qui,
752 894 826 938 quia

111 950 225 971 severe
249 946 320 971 erat
342 938 500 971 iustitiam
534 947 725 979 exsecutus,
761 940 824 971 fin-

111 983 200 1026 gitur
223 996 241 1015 a
265 984 373 1026 poetis
407 984 495 1027 apud
518 984 676 1016 inferos'
667 997 700 1016 m
725 985 826 1016 vitam

111 1035 318 1060 mortuorum
341 1029 516 1071 inquirere.
567 1031 604 1070 l,
637 1030 688 1062 10.
712 1029 765 1063 98.

67 1075 250 1115 mucymus,
285 1085 302 1105 e
326 1074 474 1117 Rhegio,
510 1074 590 1106 urbe
623 1074 656 1106 in
682 1081 826 1106 extrema

111 1119 224 1151 ltaliae
246 1126 340 1162 parte
363 1119 444 1157 sita,
470 1119 636 1152 oriundus.
683 1118 724 1159 4,
749 1119 804 1153 71.

68 1165 213 1197 Romani.
246 1164 287 1202 4,
311 1164 344 1197 3.
368 1163 398 1197 4.
423 1166 454 1197 5.

66 1210 222 1250 Rupilius.
270 1212 306 1242 P.
332 1211 476 1250 Rupilius
498 1211 625 1251 Lupus,
650 1209 762 1241 consul
788 1212 826 1242 A.

112 1255 153 1286 V.
177 1254 211 1286 C.
233 1252 310 1287 621.
337 1255 424 1296 (133.
439 1267 466 1288 3,
483 1255 587 1296 Chr.).
630 1255 749 1287 Plinius
772 1255 827 1298 (H.

112 1300 156 1331 N.
181 1299 213 1332 7.
235 1298 305 1336 36.)
332 1299 445 1331 eadem
469 1300 576 1332 refert
599 1299 640 1331 de
665 1311 715 1338 eo,
745 1311 828 1343 quae

114 1343 242 1376 Cicero.
289 1344 325 1375 P.
352 1344 521 1388 Rupilius,
551 1344 677 1388 inquit,
710 1345 827 1377 morbo

112 1389 177 1421 levi
200 1388 376 1431 impeditus
401 1390 551 1422 nuntiata
576 1389 687 1421 fratris
718 1389 828 1431 (Lucii

111 1433 255 1476 Rupilii,
288 1434 452 1476 praetoris
477 1434 553 1468 607.
579 1436 620 1467 U.
645 1446 672 1467 c.
699 1434 771 1467 147.
798 1445 827 1466 a.

113 1478 203 1520 Chr.)
229 1478 359 1521 repulsa
389 1478 422 1510 in
457 1479 643 1512 consulatus
666 1479 828 1522 petitione

111 1523 201 1556 illico
231 1523 418 1566 exspiravit.
458 1523 498 1563 4,
525 1523 588 1556 40:
616 1524 669 1556 ubi
694 1537 724 1558 v,
748 1525 826 1556 Var.

111 1571 182 1600 Ser.
231 1568 283 1599 Cf.
309 1570 383 1600 Ern.
410 1569 479 1601 [nd.
503 1569 578 1601 hist.
603 1581 634 1600 v.
659 1571 804 1602 Rutilius.

430 1648 464 1679 S.

71 1706 225 1743 Salamis,
248 1702 354 1734 insula
374 1714 480 1746 prope
503 1702 645 1735 Atticam
667 1702 749 1742 sita,
776 1702 831 1734 ubi

113 1748 354 1782 Themistocles
376 1747 673 1791 splendidissimam
693 1748 735 1779 de
749 1749 831 1779 Per-

113 1793 156 1825 sis
177 1792 358 1836 reportavit
376 1793 547 1825 victoriam
575 1792 663 1836 (4230.
678 1805 706 1825 a.
724 1793 826 1835 Chr.).

115 1841 131 1872 1
145 1863 154 1877 ,
182 1840 256 1872 110.

71 1886 208 1917 Samnis.
243 1885 406 1915 Samnites
431 1890 524 1915 erant
546 1895 625 1927 gens
646 1883 758 1915 ltaliae
776 1883 829 1914 in-

116 1928 257 1960 ferioris.
306 1930 353 1959 Ex
384 1940 421 1960 ea
455 1935 554 1971 gente
585 1928 677 1960 multi
710 1929 832 1971 funge-

115 1973 477 2016 banturygladiatorum
510 1985 643 2005 munere
667 1973 708 2005 ad
735 1973 832 2005 oble-

117 2018 254 2051 ctandos
279 2018 432 2050 convivas
454 2019 485 2050 in
511 2030 622 2051 coena.
661 2018 711 2050 Cf.
735 2019 770 2050 C.
789 2018 832 2050 de

117 2066 172 2096 Or.
195 2065 250 2096 111.
273 2062 338 2102 23,
363 2063 417 2097 66.
459 2063 531 2095 Liv.
554 2064 595 2103 9,
618 2061 671 2096 40.
711 2065 830 2096 Horat.

116 2108 232 2186 Ep.42,
254 2108 286 2140 2.
311 2108 365 2142 93.
404 2109 439 2140 C.
464 2108 505 2140 de
519 2110 572 2142 Or.
589 2109 621 2142 3.
647 2109 701 2147 23,
721 2108 832 2142 86.—

72 2200 330 2239 sardanapalus,
353 2210 410 2230 rex
425 2199 575 2242 Assyriae
593 2199 635 2231 ob
658 2198 832 2231 mollitiem

117 2250 216 2287 atque
240 2243 409 2276 libidinem
433 2244 576 2276 infamis.
623 2244 662 2281 5,
692 2244 764 2277 101.

72 2292 260 2329 Saturnius,
285 2288 367 2320 filius
392 2289 533 2321 Saturni.
579 2289 619 2327 2,
645 2289 699 2322 23.

74 2336 190 2374 Scipio.
236 2334 268 2374 a)
296 2335 352 2366 Cn.
375 2340 409 2365 et
432 2336 468 2366 P.
487 2336 665 2373 Scipiones,
700 2333 831 2372 fratres,

119 2378 219 2409 duces
231 2379 454 2410 Romanorum
472 2378 549 2409 belli
565 2378 675 2410 Punici
696 2378 831 2409 secundi

118 2422 214 2455 initio
235 2423 267 2454 in
290 2423 466 2466 Hispania,
493 2430 665 2465 postquam
690 2423 831 2454 Hanno-

118 2479 194 2500 nem
209 2475 242 2499 et
253 2468 489 2500 Hasdrubalem
503 2467 545 2499 ad
563 2468 689 2499 lberum
710 2480 738 2499 a.
751 2467 828 2501 216.

118 2524 147 2546 a.
171 2513 246 2545 Chr.
270 2520 303 2545 et
334 2513 376 2545 ad
408 2513 552 2544 Illiberin
577 2524 605 2543 a.
631 2513 705 2544 215.
732 2512 831 2543 fude—

116 2565 206 2596 runt,
230 2570 258 2589 a.
274 2559 349 2590 212.
386 2557 698 2600 Carthaginiensium
715 2557 829 2589 fraude

117 2603 307 2645 interempti
330 2609 416 2634 sunt.
466 2605 500 2640 l,
527 2604 580 2635 09.
610 2603 679 2634 110.
705 2621 749 2627 --
795 2603 828 2643 b)

117 2650 157 2680 P.
171 2650 329 2681 Cornelius
349 2650 454 2687 Scipio
466 2650 631 2688 Africanus
653 2649 766 2687 Maior,
790 2647 831 2678 fi-

118 2692 180 2725 lius
206 2694 239 2725 Ρ.
265 2693 426 2736 Scipionis
449 2693 535 2731 eius,
574 2692 627 2734 qui
652 2691 752 2723 modo
776 2691 828 2723 di-

121 2743 192 2769 ctus
216 2745 287 2780 est,
321 2738 371 2769 vir
400 2749 542 2769 summus
572 2737 603 2768 in
636 2748 672 2768 re
701 2737 830 2779 publica

120 2789 269 2824 tempore
289 2783 368 2815 belli
392 2782 502 2814 Punici
524 2781 670 2819 secundi,
699 2793 729 2813 a.
753 2781 830 2814 206.

121 2838 152 2858 a.
179 2827 254 2859 Chr.
286 2828 418 2866 consul,
455 2826 672 2859 Hannibalem
702 2826 744 2858 ad
765 2828 831 2858 Za-

121 2883 207 2904 mam
228 2872 304 2906 201.
323 2885 352 2905 a.
368 2873 443 2905 Chr.
459 2872 554 2904 fudit.
590 2873 615 2907 1,
633 2872 703 2903 110.
728 2872 758 2909 5,
778 2871 830 2904 49.

121 2936 166 2941 —
191 2917 220 2960 c)
245 2919 282 2949 P.
298 2919 455 2950 Cornelius
474 2920 579 2957 Scipio
591 2917 757 2956 Africanus
773 2918 832 2948 Μί-

122 2972 198 3002 nor,
233 2961 315 2994 filius
336 2963 427 2995 Lucii
449 2962 576 2994 Aemilii
599 2961 719 2998 Paulli,
755 2960 832 2992 hinc

1531 89 1615 134 495

906 179 1097 209 Aemilianus
1126 175 1252 215 dictus,
1286 176 1465 220 adoptatus
1495 189 1514 210 a
1546 179 1616 212 silio

907 221 1069 265 Scipionis
1090 221 1234 253 Africani
1256 221 1401 254 Maioris.
1446 223 1486 254 V.
1510 223 1552 255 de
1575 236 1615 256 eo

908 266 974 298 Cic.
996 267 1038 298 de
1058 268 1188 298 Senect.
1208 266 1262 300 35.
1286 285 1329 292 -
1365 267 1481 300 Cicero
1503 268 1567 300 Off.
1591 270 1616 307 Ι,

905 310 958 343 32.
972 311 1062 350 dicit,
1079 311 1265 354 eloquentia
1286 323 1358 343 eum
1380 312 1458 344 belli
1479 312 1617 355 gloriam

905 356 1095 388 cumulasse.
1143 357 1270 388 Evertit
1293 357 1523 400 Carthaginem
1541 357 1616 391 146.

904 411 933 431 a.
959 400 1033 432 Chr.
1067 407 1101 432 et
1131 401 1342 433 Numantiam
1378 401 1450 435 143.
1474 415 1503 434 a.
1528 403 1616 443 Chr„

905 445 990 476 unde
1015 446 1233 478 Numantinus
1265 458 1394 490 quoque
1425 447 1531 479 dictus
1556 454 1616 480 est.

905 490 954 520 De
976 490 1042 522 eius
1064 491 1214 523 doctrina
1236 498 1269 523 et
1297 492 1414 523 studiis
1434 492 1618 525 liberalium

904 534 1020 566 artium
1043 548 1072 568 v.
1099 536 1271 569 Vell.1’at.
1296 538 1330 575 I,
1360 537 1409 569 13.
1435 557 1479 562 -
1518 540 1557 577 1,
1581 539 1614 571 5.

903 580 957 611 81.
981 580 1012 618 2,
1032 580 1086 613 6¹).
1111 578 1142 618 4,
1163 581 1194 612 5.
1209 582 1263 613 50.
1281 600 1320 606 —
1347 581 1380 623 d)
1407 584 1444 614 P.
1462 585 1620 615 Cornelius

905 605 1012 664 Scipio
1032 627 1146 657 Nasica
1171 625 1354 666 Corculum,
1378 626 1459 659 filius
1482 628 1620 670 Optimi,

905 669 981 701 591.
1005 670 1045 700 U.
1064 681 1092 701 c.
1118 668 1205 711 (163.
1227 682 1256 702 a.
1273 671 1361 711 Chr.)
1385 678 1418 703 et
1439 673 1513 705 593.
1535 684 1619 704 con—

904 712 974 750 sul,
1009 712 1086 746 594.
1112 725 1240 746 censor.
1285 715 1375 747 ldem
1408 722 1521 748 orator
1555 717 1620 749 fuit

907 764 940 790 et
962 757 1039 790 iuris
1063 758 1166 790 civilis
1188 759 1322 801 peritus.
1357 761 1372 792 1
1387 785 1396 798 ,
1426 762 1483 793 18:
1511 762 1564 793 ubi
1587 774 1621 794 v.

905 802 990 835 Adn.
1016 823 1059 828 ——
1097 803 1127 843 e)
1153 805 1188 836 P.
1212 806 1370 836 Cornelius
1397 807 1502 845 Scipio
1527 808 1622 838 Sera-

905 851 968 889 pio,
993 848 1076 880 filius
1098 849 1259 887 Nasicae,
1285 850 1438 892 pontifex
1463 851 1621 883 maximus

904 893 980 926 Tib.
1005 894 1190 925 Gracchum
1213 894 1382 926 interfecit
1406 894 1494 937 (6'1.
1522 897 1563 928 U.
1591 908 1621 928 c.

908 938 982 971 133.
998 950 1026 970 3.
1043 939 1145 980 Chr..)
1182 940 1222 972 V.
1243 939 1328 971 Plut.
1348 940 1405 973 vit.
1422 940 1562 972 Gracch.
1577 960 1622 966 -

905 981 944 1021 4,
969 984 1023 1016 51.

861 1030 996 1069 Scythes.
1033 1029 1073 1066 5
1098 1027 1152 1061 90.

861 1076 990 1106 Semele.
1041 1073 1173 1111 Cadmi,
1199 1074 1388 1106 Thebarum
1411 1074 1517 1118 regis,
1541 1075 1620 1116 filia,

907 1130 946 1151 ex
980 1129 1042 1161 qua
1075 1119 1224 1162 Iuppiter
1246 1119 1409 1151 Bacchum
1433 1121 1620 1163 progenuit.

862 1210 1048 1248 Sempronia
1071 1211 1130 1240 lex.
1168 1208 1209 1248 3,
1233 1206 1287 1242 48.
1336 1209 1412 1242 Vid.
1441 1212 1475 1242 C.
1497 1212 1619 1252 Sempr.

908 1255 1075 1285 Gracchus.

862 1300 1072 1338 Sempronius.
1120 1300 1150 1340 a)
1176 1301 1218 1331 M.
1233 1301 1433 1339 Sempronius
1449 1302 1624 1333 Tuditanus

908 1355 982 1375 cum
1008 1343 1145 1376 Claudio
1173 1344 1320 1375 Centone
1345 1345 1458 1377 consul
1490 1357 1519 1377 a.
1544 1345 1622 1379 513.

908 1389 950 1419 U.
965 1399 991 1419 c.
1019 1386 1108 1430 (241.
1131 1400 1160 1421 a.
1185 1389 1288 1427 Chr.).
1328 1390 1354 1427 1,
1377 1389 1408 1422 3.
1433 1407 1475 1414 -—·
1509 1390 1543 1431 b)
1570 1392 1622 1422 Ti-

907 1435 1007 1464 berius
1028 1434 1229 1472 Sempronius
1252 1436 1408 1465 Gracchus
1433 1447 1463 1466 v.
1481 1437 1623 1467 Gracchi.

863 1479 1007 1516 Servilii,
1035 1489 1154 1509 nomen
1179 1478 1324 1510 familiae
1347 1479 1458 1511 multis
1476 1479 1553 1510 viris
1577 1479 1622 1510 il-

907 1522 1062 1554 lustribus
1089 1523 1206 1562 clarae,
1231 1535 1248 1554 e
1271 1534 1333 1566 qua
1356 1536 1385 1555 v.
1410 1535 1436 1556 c.
1458 1525 1516 1556 Cn.
1541 1526 1622 1556 Ser-

908 1567 1002 1598 vilius
1027 1567 1149 1610 Caepio
1173 1569 1247 1601 5373.
1277 1570 1314 1600 U.
1330 1580 1355 1600 c.
1384 1569 1471 1612 (171.
1487 1581 1515 1601 a.
1531 1569 1620 1611 Chr.)

910 1611 1043 1651 consul,
1080 1614 1120 1651 Q.
1144 1615 1235 1645 Serv.
1269 1613 1388 1656 Caepio
1420 1612 1496 1647 647.
1531 1616 1570 1646 U.
1595 1625 1622 1646 e.

911 1657 999 1700 (107.
1022 1668 1050 1688 a.
1075 1658 1165 1697 Chr.)
1193 1658 1318 1690 consul.
1371 1661 1405 1697 l,
1435 1659 1486 1692 13.

865 1704 1026 1735 Servilius.
1065 1703 1096 1743 a)
1126 1705 1180 1734 Cn.
1196 1705 1346 1734 Servilius
1360 1704 1524 1743 Geminus,
1547 1702 1625 1736 536.

911 1748 953 1778 U.
977 1758 1004 1777 e.
1044 1750 1121 1779 ’.Μὰ
1146 1759 1176 1778 a.
1202 1747 1292 1789 Chr.)
1320 1748 1433 1779 consul
1457 1748 1490 1779 in
1515 1760 1625 1791 pugna

909 1791 951 1823 ad
965 1791 1090 1822 Cannas
1113 1792 1283 1823 commissa
1306 1792 1436 1825 occidit.
1464 1793 1494 1831 1,
1507 1792 1560 1826 89.
1579 1812 1624 1818 -

910 1837 944 1875 b)
981 1838 1016 1875 Q.
1039 1838 1189 1868 Servilius
1225 1839 1337 1876 Caepio
1371 1837 1402 1868 in
1438 1837 1626 1880 direptione

910 1881 1076 1920 Tolosae,
1113 1881 1200 1913 urbis
1234 1882 1358 1913 Galliae
1388 1882 1625 1922 Narbonensis,

914 1926 988 1959 106.
1014 1938 1042 1957 a.
1074 1926 1148 1958 Chr.
1182 1938 1318 1966 „aurum
1343 1927 1498 1969 abstulit,
1535 1927 1625 1971 quod

912 1971 1117 2014 sacrilegium
1163 1983 1273 2004 caussa
1313 1972 1430 2004 excidii
1466 1972 1625 2015 Caepioni

912 2016 1134 2059 exercituique
1157 2017 1223 2048 eius
1246 2024 1360 2059 postea
1383 2018 1465 2057 fuit,
1491 2024 1527 2049 ut
1553 2024 1623 2049 tra-

912 2061 963 2093 dit
988 2061 1128 2093 lustinus
1151 2063 1310 2101 ΧΧΧΙΙ,
1335 2063 1367 2095 3.
1416 2063 1455 2093 V.
1482 2063 1624 2094 Gellium

912 2108 979 2146 Ill,
1004 2106 1062 2139 9.“
1110 2109 1231 2148 „Anno
1258 2107 1408 2150 proximo
1441 2119 1538 2150 quum
1564 2109 1622 2139 Cn.

912 2151 1071 2184 Manlium
1093 2163 1164 2183 cum
1183 2152 1320 2183 Cimbris
1337 2152 1539 2195 improspere
1559 2165 1623 2195 pu-

911 2203 1066 2240 gnantem
1088 2197 1302 2236 deseruisset,
1327 2209 1345 2229 a
1366 2197 1524 2229 Norbano
1545 2198 1622 2231 658.

913 2242 980 2284 (96.
1006 2254 1033 2273 3.
1057 2242 1148 2281 Chr.)
1171 2249 1352 2280 accusatus,
1376 2254 1393 2273 a
1416 2242 1529 2274 Crasso
1549 2242 1622 2285 qui-

911 2287 986 2318 dem
1010 2286 1176 2325 defensus,
1202 2298 1219 2317 e
1242 2288 1346 2328 patria
1366 2293 1476 2318 tamen
1501 2287 1624 2319 eiectus

912 2334 1071 2374 Smyrnae
1085 2311 1242 2363 exsulavit
1257 2332 1364 2375 ibique
1388 2339 1534 2363 mortuus
1559 2339 1620 2363 est.

911 2376 1252 2415 V.1ustin.XXX11,
1277 2376 1309 2409 3.
1344 2377 1451 2408 Ῡκ3ῐει
1469 2378 1554 2408 Max.
1569 2378 1622 2409 lV.

910 2421 950 2459 7,
976 2421 1006 2453 3.
1056 2421 1163 2453 Strab
1189 2422 1243 2452 IV.
1274 2434 1304 2465 p.
1326 2421 1403 2454 286.
1429 2422 1506 2455 20¹7.

911 2477 971 2507 pro
995 2466 1124 2497 Cornel.
1153 2465 1240 2497 Balb.
1263 2478 1288 2498 c.
1314 2466 1387 2499 ll.“

910 2513 1087 2543 Billerbeclz.
1112 2510 1153 2542 ad
1177 2512 1217 2547 5,
1250 2511 1297 2543 14.

867 2557 993 2588 Servius
1018 2558 1144 2596 Tullius,
1169 2556 1388 2588 Romanorum
1412 2569 1468 2589 rex
1492 2556 1624 2600 (581-

911 2601 986 2632 535.
1000 2612 1029 2632 3.
1046 2601 1146 2642 Chr.),
1167 2601 1296 2643 gentilis
1315 2601 1490 2634 Ciceronis.
1518 2603 1545 2640 1,
1558 2603 1621 2635 35ε

912 2644 966 2675 υ1)ἰ
991 2657 1020 2677 v.
1049 2645 1132 2677 Adn.

867 2689 1002 2723 Siculus.
1051 2691 1099 2722 De
1129 2690 1313 2723 Siculorum
1346 2692 1492 2724 acumine
1525 2703 1556 2722 v.
1581 2690 1623 2723 ad

914 2736 1029 2773 1,15.

867 2782 1025 2820 Sicyonii,
1059 2780 1230 2824 SicyoniS,
1271 2780 1489 2824 Peloponnesi
1522 2780 1621 2820 urbis,

909 2824 1048 2857 incolae.
1095 2826 1135 2864 3,
1160 2826 1212 2859 53.

1555 2422 1622 2454 Cic.

1425 2469 1571 2499 Davisius
1590 2473 1624 2499 et

860 2871 1013 2910 -Ξίῑέπιιε,
1050 2870 1206 2903 educator
1241 2877 1274 2902 et
1298 2870 1466 2901 institutor
1492 2869 1622 2910 Bacchi,

910 2927 929 2948 a
945 2894 1047 2955 Mida,
1073 2916 1233 2959 Phrygiae
1255 2926 1341 2956 rege,
1367 2921 1480 2958 captus
1501 2915 1542 2946 ab
1564 2925 1623 2946 eo-

911 2960 1050 3003 demque
1087 2961 1215 2992 Baccho
1250 2958 1408 2992 redditus.
1464 2961 1526 2992 Pro
1560 2971 1622 3002 qua
