<?xml version="1.0" encoding="UTF-8"?>
<!DOCTYPE html PUBLIC "-//W3C//DTD XHTML 1.0 Transitional//EN"
    "http://www.w3.org/TR/xhtml1/DTD/xhtml1-transitional.dtd">
<html xmlns="http://www.w3.org/1999/xhtml" xml:lang="en" lang="en">
 <head>
  <title>
</title>
<meta http-equiv="Content-Type" content="text/html;charset=utf-8" />
  <meta name='ocr-system' content='tesseract 3.04.00' />
  <meta name='ocr-capabilities' content='ocr_page ocr_carea ocr_par ocr_line ocrx_word'/>
</head>
<body>
  <div class='ocr_page' id='page_1' title='image "./tusculanaedisput00ciceuoft_0233.png"; bbox 0 0 1832 3137; ppageno 0'>
   <div class='ocr_carea' id='block_1_1' title="bbox 44 88 1604 377">
    <p class='ocr_par' dir='ltr' id='par_1_1' title="bbox 44 88 1604 377">
     <span class='ocr_line' id='line_1_1' title="bbox 1523 88 1599 129; baseline 0 0"><span class='ocrx_word' id='word_1_1' title='bbox 1523 88 1599 129; x_wconf 79' lang='lat'><strong>187</strong></span> 
     </span>
     <span class='ocr_line' id='line_1_2' title="bbox 45 175 1604 232; baseline 0 -15"><span class='ocrx_word' id='word_1_2' title='bbox 45 175 131 232; x_wconf 89' lang='lat' dir='ltr'><strong>quid</strong></span> <span class='ocrx_word' id='word_1_3' title='bbox 154 175 193 216; x_wconf 92' lang='lat' dir='ltr'><strong>in</strong></span> <span class='ocrx_word' id='word_1_4' title='bbox 216 177 398 230; x_wconf 79' lang='lat' dir='ltr'><strong>quaque⁵</strong></span> <span class='ocrx_word' id='word_1_5' title='bbox 426 189 469 215; x_wconf 88' lang='lat' dir='ltr'><strong>re</strong></span> <span class='ocrx_word' id='word_1_6' title='bbox 492 176 576 216; x_wconf 83' lang='lat' dir='ltr'><strong>veri</strong></span> <span class='ocrx_word' id='word_1_7' title='bbox 602 176 729 217; x_wconf 89' lang='lat' dir='ltr'><strong>simile</strong></span> <span class='ocrx_word' id='word_1_8' title='bbox 754 184 880 227; x_wconf 87' lang='lat' dir='ltr'><strong>esset,</strong></span> <span class='ocrx_word' id='word_1_9' title='bbox 912 176 1078 217; x_wconf 89' lang='lat' dir='ltr'><strong>inveniri</strong></span> <span class='ocrx_word' id='word_1_10' title='bbox 1094 208 1105 228; x_wconf 88' lang='lat'><strong>,</strong></span> <span class='ocrx_word' id='word_1_11' title='bbox 1138 176 1205 216; x_wconf 91' lang='lat' dir='ltr'><strong>sed</strong></span> <span class='ocrx_word' id='word_1_12' title='bbox 1233 175 1348 216; x_wconf 83' lang='lat' dir='ltr'><strong>ctiam</strong></span> <span class='ocrx_word' id='word_1_13' title='bbox 1371 176 1471 230; x_wconf 85' lang='lat' dir='ltr'><strong>quod</strong></span> <span class='ocrx_word' id='word_1_14' title='bbox 1496 183 1604 217; x_wconf 84' lang='lat' dir='ltr'><strong>esset</strong></span> 
     </span>
     <span class='ocr_line' id='line_1_3' title="bbox 44 248 1600 304; baseline -0.001 -13"><span class='ocrx_word' id='word_1_15' title='bbox 44 263 90 291; x_wconf 82' lang='lat' dir='ltr'><strong>ca</strong></span> <span class='ocrx_word' id='word_1_16' title='bbox 121 249 292 289; x_wconf 80' lang='lat' dir='ltr'><strong>maxima</strong></span> <span class='ocrx_word' id='word_1_17' title='bbox 322 248 474 289; x_wconf 89' lang='lat' dir='ltr'><strong>dicendi</strong></span> <span class='ocrx_word' id='word_1_18' title='bbox 506 249 764 289; x_wconf 84' lang='lat' dir='ltr'><strong>exercitatio:</strong></span> <span class='ocrx_word' id='word_1_19' title='bbox 813 263 887 303; x_wconf 88' lang='lat' dir='ltr'><strong>qua</strong></span> <span class='ocrx_word' id='word_1_20' title='bbox 919 250 1098 304; x_wconf 86' lang='lat' dir='ltr'><strong>princeps</strong></span> <span class='ocrx_word' id='word_1_21' title='bbox 1130 263 1222 291; x_wconf 92' lang='lat' dir='ltr'><strong>usus</strong></span> <span class='ocrx_word' id='word_1_22' title='bbox 1255 258 1316 291; x_wconf 85' lang='lat' dir='ltr'><strong>est</strong></span> <span class='ocrx_word' id='word_1_23' title='bbox 1343 249 1600 300; x_wconf 76' lang='lat' dir='ltr'><strong>Aristoteles,</strong></span> 
     </span>
     <span class='ocr_line' id='line_1_4' title="bbox 748 321 1602 377; baseline 0 -15"><span class='ocrx_word' id='word_1_24' title='bbox 748 321 900 362; x_wconf 78' lang='lat' dir='ltr'><strong>Nostra</strong></span> <span class='ocrx_word' id='word_1_25' title='bbox 933 330 1063 362; x_wconf 87' lang='lat' dir='ltr'><strong>autem</strong></span> <span class='ocrx_word' id='word_1_26' title='bbox 1100 323 1284 364; x_wconf 87' lang='lat' dir='ltr'><strong>memoria</strong></span> <span class='ocrx_word' id='word_1_27' title='bbox 1311 321 1447 373; x_wconf 88' lang='lat' dir='ltr'><strong>Philo,</strong></span> <span class='ocrx_word' id='word_1_28' title='bbox 1488 336 1602 377; x_wconf 91' lang='lat' dir='ltr'><strong>quem</strong></span> 
     </span>
    </p>
   </div>
   <div class='ocr_carea' id='block_1_2' title="bbox 635 96 1016 138">
    <p class='ocr_par' dir='ltr' id='par_1_2' title="bbox 635 96 1016 138">
     <span class='ocr_line' id='line_1_5' title="bbox 635 96 1016 138; baseline 0.003 -8"><span class='ocrx_word' id='word_1_29' title='bbox 635 97 801 130; x_wconf 86' lang='lat' dir='ltr'><strong>LIBER</strong></span> <span class='ocrx_word' id='word_1_30' title='bbox 826 99 868 131; x_wconf 85' lang='grc' dir='ltr'><strong>ΙΙ.</strong></span> <span class='ocrx_word' id='word_1_31' title='bbox 893 96 1016 138; x_wconf 72' lang='lat'><strong>4,10.</strong></span> 
     </span>
    </p>
   </div>
   <div class='ocr_carea' id='block_1_3' title="bbox 41 321 1605 887">
    <p class='ocr_par' dir='ltr' id='par_1_3' title="bbox 41 321 1605 887">
     <span class='ocr_line' id='line_1_6' title="bbox 43 321 687 376; baseline 0.002 -15"><span class='ocrx_word' id='word_1_32' title='bbox 43 321 184 362; x_wconf 88' lang='lat' dir='ltr'><strong>deinde</strong></span> <span class='ocrx_word' id='word_1_33' title='bbox 214 335 302 362; x_wconf 90' lang='lat' dir='ltr'><strong>eum</strong></span> <span class='ocrx_word' id='word_1_34' title='bbox 333 321 395 376; x_wconf 91' lang='lat' dir='ltr'><strong>qui</strong></span> <span class='ocrx_word' id='word_1_35' title='bbox 426 322 550 362; x_wconf 86' lang='lat' dir='ltr'><strong>secuti</strong></span> <span class='ocrx_word' id='word_1_36' title='bbox 581 329 687 363; x_wconf 89' lang='lat' dir='ltr'><strong>sunt.</strong></span> 
     </span>
     <span class='ocr_line' id='line_1_7' title="bbox 43 394 1603 450; baseline 0.001 -15"><span class='ocrx_word' id='word_1_37' title='bbox 43 408 115 435; x_wconf 93' lang='lat' dir='ltr'><strong>nos</strong></span> <span class='ocrx_word' id='word_1_38' title='bbox 138 396 364 449; x_wconf 83' lang='lat' dir='ltr'><strong>frequenter</strong></span> <span class='ocrx_word' id='word_1_39' title='bbox 390 395 630 446; x_wconf 88' lang='lat' dir='ltr'><strong>audivimus,</strong></span> <span class='ocrx_word' id='word_1_40' title='bbox 663 395 831 435; x_wconf 85' lang='lat' dir='ltr'><strong>instituit</strong></span> <span class='ocrx_word' id='word_1_41' title='bbox 859 394 935 435; x_wconf 89' lang='lat' dir='ltr'><strong>alio</strong></span> <span class='ocrx_word' id='word_1_42' title='bbox 964 402 1137 450; x_wconf 84' lang='lat' dir='ltr'><strong>tempore</strong></span> <span class='ocrx_word' id='word_1_43' title='bbox 1168 396 1366 437; x_wconf 81' lang='lat' dir='ltr'><strong>rhetorum</strong></span> <span class='ocrx_word' id='word_1_44' title='bbox 1399 402 1603 450; x_wconf 83' lang='lat' dir='ltr'><strong>praecepta</strong></span> 
     </span>
     <span class='ocr_line' id='line_1_8' title="bbox 41 468 1603 523; baseline 0.001 -16"><span class='ocrx_word' id='word_1_45' title='bbox 41 468 212 518; x_wconf 79' lang='lat' dir='ltr'>tradere,</span> <span class='ocrx_word' id='word_1_46' title='bbox 249 468 325 508; x_wconf 89' lang='lat' dir='ltr'><strong>alio</strong></span> <span class='ocrx_word' id='word_1_47' title='bbox 349 468 680 523; x_wconf 81' lang='lat' dir='ltr'><strong>philosophorum.</strong></span> <span class='ocrx_word' id='word_1_48' title='bbox 732 468 795 508; x_wconf 88' lang='lat' dir='ltr'><strong>Ad</strong></span> <span class='ocrx_word' id='word_1_49' title='bbox 819 482 931 522; x_wconf 89' lang='lat' dir='ltr'><strong>quam</strong></span> <span class='ocrx_word' id='word_1_50' title='bbox 958 482 1028 508; x_wconf 91' lang='lat' dir='ltr'><strong>nos</strong></span> <span class='ocrx_word' id='word_1_51' title='bbox 1051 470 1371 510; x_wconf 76' lang='lat' dir='ltr'>consuetudinem</span> <span class='ocrx_word' id='word_1_52' title='bbox 1393 484 1415 510; x_wconf 86' lang='lat' dir='ltr'><strong>a</strong></span> <span class='ocrx_word' id='word_1_53' title='bbox 1440 469 1603 509; x_wconf 79' lang='lat' dir='ltr'><strong>familia-</strong></span> 
     </span>
     <span class='ocr_line' id='line_1_9' title="bbox 41 531 1600 597; baseline 0 -16"><span class='ocrx_word' id='word_1_54' title='bbox 41 540 149 581; x_wconf 87' lang='lat' dir='ltr'><strong>ribus</strong></span> <span class='ocrx_word' id='word_1_55' title='bbox 178 541 323 581; x_wconf 85' lang='lat' dir='ltr'><strong>nostris</strong></span> <span class='ocrx_word' id='word_1_56' title='bbox 351 541 504 581; x_wconf 86' lang='lat' dir='ltr'><strong>adducti</strong></span> <span class='ocrx_word' id='word_1_57' title='bbox 528 541 566 581; x_wconf 90' lang='lat' dir='ltr'><strong>in</strong></span> <span class='ocrx_word' id='word_1_58' title='bbox 590 541 841 591; x_wconf 89' lang='lat' dir='ltr'><strong>Tusculano,</strong></span> <span class='ocrx_word' id='word_1_59' title='bbox 875 541 975 594; x_wconf 90' lang='lat' dir='ltr'><strong>quod</strong></span> <span class='ocrx_word' id='word_1_60' title='bbox 1003 541 1132 580; x_wconf 85' lang='lat' dir='ltr'><strong>datum</strong></span> <span class='ocrx_word' id='word_1_61' title='bbox 1165 549 1226 582; x_wconf 85' lang='lat' dir='ltr'><strong>est</strong></span> <span class='ocrx_word' id='word_1_62' title='bbox 1256 531 1440 597; x_wconf 86' lang='lat' dir='ltr'><strong>temporis</strong></span> <span class='ocrx_word' id='word_1_63' title='bbox 1472 542 1600 592; x_wconf 87' lang='lat' dir='ltr'><strong>nobis,</strong></span> 
     </span>
     <span class='ocr_line' id='line_1_10' title="bbox 43 612 1602 670; baseline 0.002 -17"><span class='ocrx_word' id='word_1_64' title='bbox 43 613 82 654; x_wconf 92' lang='lat' dir='ltr'><strong>in</strong></span> <span class='ocrx_word' id='word_1_65' title='bbox 113 627 160 654; x_wconf 91' lang='lat' dir='ltr'><strong>eo</strong></span> <span class='ocrx_word' id='word_1_66' title='bbox 192 615 518 668; x_wconf 86' lang='lat' dir='ltr'><strong>consumpsimus.</strong></span> <span class='ocrx_word' id='word_1_67' title='bbox 587 612 724 668; x_wconf 83' lang='lat' dir='ltr'><strong>ltaque</strong></span> <span class='ocrx_word' id='word_1_68' title='bbox 756 628 870 668; x_wconf 91' lang='lat' dir='ltr'><strong>quum</strong></span> <span class='ocrx_word' id='word_1_69' title='bbox 901 620 992 653; x_wconf 87' lang='lat' dir='ltr'><strong>ante</strong></span> <span class='ocrx_word' id='word_1_70' title='bbox 1024 614 1223 654; x_wconf 82' lang='lat' dir='ltr'><strong>meridiem</strong></span> <span class='ocrx_word' id='word_1_71' title='bbox 1256 615 1413 655; x_wconf 87' lang='lat' dir='ltr'><strong>dictioni</strong></span> <span class='ocrx_word' id='word_1_72' title='bbox 1445 630 1602 670; x_wconf 79' lang='lat' dir='ltr'>operam</span> 
     </span>
     <span class='ocr_line' id='line_1_11' title="bbox 43 687 1602 741; baseline 0.001 -15"><span class='ocrx_word' id='word_1_73' title='bbox 43 687 311 737; x_wconf 80' lang='lat' dir='ltr'><strong>dedissemus,</strong></span> <span class='ocrx_word' id='word_1_74' title='bbox 355 687 456 728; x_wconf 87' lang='lat' dir='ltr'><strong>sicut</strong></span> <span class='ocrx_word' id='word_1_75' title='bbox 488 687 611 741; x_wconf 79' lang='lat' dir='ltr'><strong>pridie</strong></span> <span class='ocrx_word' id='word_1_76' title='bbox 645 687 884 736; x_wconf 81' lang='lat' dir='ltr'><strong>feceramus,</strong></span> <span class='ocrx_word' id='word_1_77' title='bbox 930 693 1018 741; x_wconf 88' lang='lat' dir='ltr'><strong>post</strong></span> <span class='ocrx_word' id='word_1_78' title='bbox 1048 687 1246 727; x_wconf 84' lang='lat' dir='ltr'><strong>meridiem</strong></span> <span class='ocrx_word' id='word_1_79' title='bbox 1279 687 1317 727; x_wconf 93' lang='lat' dir='ltr'><strong>in</strong></span> <span class='ocrx_word' id='word_1_80' title='bbox 1352 688 1602 728; x_wconf 80' lang='lat' dir='ltr'><strong>Academiam</strong></span> 
     </span>
     <span class='ocr_line' id='line_1_12' title="bbox 41 757 1605 814; baseline 0.001 -15"><span class='ocrx_word' id='word_1_81' title='bbox 41 759 328 800; x_wconf 85' lang='lat' dir='ltr'><strong>descendimus.</strong></span> <span class='ocrx_word' id='word_1_82' title='bbox 390 757 435 799; x_wconf 89' lang='lat' dir='ltr'><strong>ln</strong></span> <span class='ocrx_word' id='word_1_83' title='bbox 457 774 532 813; x_wconf 86' lang='lat' dir='ltr'><strong>qua</strong></span> <span class='ocrx_word' id='word_1_84' title='bbox 554 759 852 814; x_wconf 83' lang='lat' dir='ltr'><strong>disputationem</strong></span> <span class='ocrx_word' id='word_1_85' title='bbox 877 759 1044 800; x_wconf 85' lang='lat' dir='ltr'><strong>habitam</strong></span> <span class='ocrx_word' id='word_1_86' title='bbox 1069 775 1146 800; x_wconf 95' lang='lat' dir='ltr'><strong>non</strong></span> <span class='ocrx_word' id='word_1_87' title='bbox 1169 760 1278 813; x_wconf 82' lang='lat' dir='ltr'><strong>quasi</strong></span> <span class='ocrx_word' id='word_1_88' title='bbox 1302 768 1508 801; x_wconf 86' lang='lat' dir='ltr'><strong>narrantes</strong></span> <span class='ocrx_word' id='word_1_89' title='bbox 1534 774 1605 801; x_wconf 84' lang='lat' dir='ltr'><strong>ex-</strong></span> 
     </span>
     <span class='ocr_line' id='line_1_13' title="bbox 43 832 1501 887; baseline 0.001 -15"><span class='ocrx_word' id='word_1_90' title='bbox 43 833 244 887; x_wconf 89' lang='lat' dir='ltr'><strong>ponimus,</strong></span> <span class='ocrx_word' id='word_1_91' title='bbox 277 832 346 872; x_wconf 90' lang='lat' dir='ltr'><strong>sed</strong></span> <span class='ocrx_word' id='word_1_92' title='bbox 378 832 524 872; x_wconf 90' lang='lat' dir='ltr'><strong>eisdem</strong></span> <span class='ocrx_word' id='word_1_93' title='bbox 558 834 639 873; x_wconf 82' lang='lat' dir='ltr'><strong>fere</strong></span> <span class='ocrx_word' id='word_1_94' title='bbox 669 833 823 885; x_wconf 84' lang='lat' dir='ltr'><strong>verbis,</strong></span> <span class='ocrx_word' id='word_1_95' title='bbox 857 840 899 873; x_wconf 86' lang='lat' dir='ltr'><strong>ut</strong></span> <span class='ocrx_word' id='word_1_96' title='bbox 928 840 1055 873; x_wconf 86' lang='lat' dir='ltr'><strong>actum</strong></span> <span class='ocrx_word' id='word_1_97' title='bbox 1086 834 1395 887; x_wconf 73' lang='lat' dir='ltr'><strong>disputatumque</strong></span> <span class='ocrx_word' id='word_1_98' title='bbox 1427 840 1501 874; x_wconf 82' lang='lat' dir='ltr'><strong>est.</strong></span> 
     </span>
    </p>
   </div>
   <div class='ocr_carea' id='block_1_4' title="bbox 156 904 230 946">
    <p class='ocr_par' dir='ltr' id='par_1_4' title="bbox 156 904 230 946">
     <span class='ocr_line' id='line_1_14' title="bbox 156 904 230 946; baseline 0 -1"><span class='ocrx_word' id='word_1_99' title='bbox 156 904 230 946; x_wconf 84' lang='lat' dir='ltr'><strong>lv.</strong></span> 
     </span>
    </p>
   </div>
   <div class='ocr_carea' id='block_1_5' title="bbox 40 978 1241 1033">
    <p class='ocr_par' dir='ltr' id='par_1_5' title="bbox 40 978 1241 1033">
     <span class='ocr_line' id='line_1_15' title="bbox 40 978 1241 1033; baseline 0.002 -15"><span class='ocrx_word' id='word_1_100' title='bbox 40 978 154 1019; x_wconf 91' lang='lat' dir='ltr'><strong>nobis</strong></span> <span class='ocrx_word' id='word_1_101' title='bbox 183 979 383 1019; x_wconf 79' lang='lat' dir='ltr'><strong>institutus</strong></span> <span class='ocrx_word' id='word_1_102' title='bbox 415 985 454 1019; x_wconf 80' lang='lat' dir='ltr'><strong>et</strong></span> <span class='ocrx_word' id='word_1_103' title='bbox 488 993 508 1018; x_wconf 84' lang='lat' dir='ltr'><strong>a</strong></span> <span class='ocrx_word' id='word_1_104' title='bbox 542 979 607 1019; x_wconf 86' lang='lat' dir='ltr'><strong>tali</strong></span> <span class='ocrx_word' id='word_1_105' title='bbox 639 979 802 1033; x_wconf 87' lang='lat' dir='ltr'><strong>quodam</strong></span> <span class='ocrx_word' id='word_1_106' title='bbox 837 980 974 1021; x_wconf 80' lang='lat' dir='ltr'><strong>ductus</strong></span> <span class='ocrx_word' id='word_1_107' title='bbox 996 984 1009 1007; x_wconf 88' lang='lat'><strong>¹</strong></span> <span class='ocrx_word' id='word_1_108' title='bbox 1054 979 1241 1020; x_wconf 80' lang='lat' dir='ltr'><strong>exordio:</strong></span> 
     </span>
    </p>
   </div>
   <div class='ocr_carea' id='block_1_6' title="bbox 295 904 1604 1020">
    <p class='ocr_par' dir='ltr' id='par_1_6' title="bbox 295 904 1604 1020">
     <span class='ocr_line' id='line_1_16' title="bbox 295 904 1604 960; baseline 0.002 -15"><span class='ocrx_word' id='word_1_109' title='bbox 295 911 362 945; x_wconf 88' lang='grc'><strong>10.</strong></span> <span class='ocrx_word' id='word_1_110' title='bbox 396 904 472 945; x_wconf 88' lang='lat' dir='ltr'><strong>Est</strong></span> <span class='ocrx_word' id='word_1_111' title='bbox 505 905 625 960; x_wconf 82' lang='lat' dir='ltr'><strong>igitur</strong></span> <span class='ocrx_word' id='word_1_112' title='bbox 656 906 940 947; x_wconf 70' lang='lat' dir='ltr'><strong>ambulantibus</strong></span> <span class='ocrx_word' id='word_1_113' title='bbox 975 907 1020 946; x_wconf 88' lang='lat' dir='ltr'><strong>ad</strong></span> <span class='ocrx_word' id='word_1_114' title='bbox 1056 906 1157 946; x_wconf 90' lang='lat' dir='ltr'><strong>hunc</strong></span> <span class='ocrx_word' id='word_1_115' title='bbox 1193 907 1346 947; x_wconf 89' lang='lat' dir='ltr'><strong>modum</strong></span> <span class='ocrx_word' id='word_1_116' title='bbox 1379 921 1508 947; x_wconf 85' lang='lat' dir='ltr'><strong>sermo</strong></span> <span class='ocrx_word' id='word_1_117' title='bbox 1539 907 1604 947; x_wconf 92' lang='lat' dir='ltr'><strong>ille</strong></span> 
     </span>
     <span class='ocr_line' id='line_1_17' title="bbox 1311 979 1603 1020; baseline 0 0"><span class='ocrx_word' id='word_1_118' title='bbox 1311 980 1364 1020; x_wconf 84' lang='lat' dir='ltr'><strong>A.</strong></span> <span class='ocrx_word' id='word_1_119' title='bbox 1405 979 1491 1020; x_wconf 81' lang='lat' dir='ltr'><strong>Dici</strong></span> <span class='ocrx_word' id='word_1_120' title='bbox 1526 995 1603 1020; x_wconf 90' lang='lat' dir='ltr'><strong>non</strong></span> 
     </span>
    </p>
   </div>
   <div class='ocr_carea' id='block_1_7' title="bbox 41 1052 1603 1108">
    <p class='ocr_par' dir='ltr' id='par_1_7' title="bbox 41 1052 1603 1108">
     <span class='ocr_line' id='line_1_18' title="bbox 41 1052 1603 1108; baseline 0.001 -17"><span class='ocrx_word' id='word_1_121' title='bbox 41 1058 191 1107; x_wconf 82' lang='lat' dir='ltr'><strong>potest,</strong></span> <span class='ocrx_word' id='word_1_122' title='bbox 237 1066 350 1106; x_wconf 87' lang='lat' dir='ltr'><strong>quam</strong></span> <span class='ocrx_word' id='word_1_123' title='bbox 390 1052 461 1091; x_wconf 87' lang='lat' dir='ltr'><strong>sim</strong></span> <span class='ocrx_word' id='word_1_124' title='bbox 504 1052 687 1092; x_wconf 85' lang='lat' dir='ltr'><strong>hesterna</strong></span> <span class='ocrx_word' id='word_1_125' title='bbox 731 1053 990 1107; x_wconf 88' lang='lat' dir='ltr'><strong>disputatione</strong></span> <span class='ocrx_word' id='word_1_126' title='bbox 1034 1060 1096 1093; x_wconf 87' lang='lat' dir='ltr'><strong>tua</strong></span> <span class='ocrx_word' id='word_1_127' title='bbox 1131 1053 1344 1094; x_wconf 82' lang='lat' dir='ltr'><strong>delectatus</strong></span> <span class='ocrx_word' id='word_1_128' title='bbox 1377 1054 1439 1093; x_wconf 91' lang='lat' dir='ltr'><strong>vel</strong></span> <span class='ocrx_word' id='word_1_129' title='bbox 1478 1054 1603 1108; x_wconf 85' lang='lat' dir='ltr'><strong>potius</strong></span> 
     </span>
    </p>
   </div>
   <div class='ocr_carea' id='block_1_8' title="bbox 131 1173 1605 1220">
    <p class='ocr_par' dir='ltr' id='par_1_8' title="bbox 131 1173 1605 1220">
     <span class='ocr_line' id='line_1_19' title="bbox 131 1173 1605 1220; baseline 0.003 -15"><span class='ocrx_word' id='word_1_130' title='bbox 131 1174 151 1206; x_wconf 85' lang='lat'>5</span> <span class='ocrx_word' id='word_1_131' title='bbox 176 1174 229 1206; x_wconf 84' lang='lat' dir='ltr'><strong>Sic</strong></span> <span class='ocrx_word' id='word_1_132' title='bbox 249 1176 303 1206; x_wconf 88' lang='lat' dir='ltr'><strong>Or.</strong></span> <span class='ocrx_word' id='word_1_133' title='bbox 318 1186 344 1206; x_wconf 90' lang='lat' dir='ltr'><strong>c.</strong></span> <span class='ocrx_word' id='word_1_134' title='bbox 360 1175 396 1207; x_wconf 76' lang='lat' dir='ltr'><strong>R.</strong></span> <span class='ocrx_word' id='word_1_135' title='bbox 414 1174 500 1206; x_wconf 88' lang='lat' dir='ltr'><strong>Gud.</strong></span> <span class='ocrx_word' id='word_1_136' title='bbox 517 1173 545 1206; x_wconf 85' lang='lat'><strong>1.</strong></span> <span class='ocrx_word' id='word_1_137' title='bbox 572 1176 612 1207; x_wconf 85' lang='lat' dir='ltr'><strong>H.</strong></span> <span class='ocrx_word' id='word_1_138' title='bbox 628 1174 659 1208; x_wconf 92' lang='lat' dir='ltr'><strong>b.</strong></span> <span class='ocrx_word' id='word_1_139' title='bbox 684 1174 821 1218; x_wconf 87' lang='lat' dir='ltr'><strong>aliisque</strong></span> <span class='ocrx_word' id='word_1_140' title='bbox 842 1175 952 1207; x_wconf 87' lang='lat' dir='ltr'><strong>multis</strong></span> <span class='ocrx_word' id='word_1_141' title='bbox 978 1175 1075 1208; x_wconf 84' lang='lat' dir='ltr'><strong>codd.</strong></span> <span class='ocrx_word' id='word_1_142' title='bbox 1102 1182 1135 1207; x_wconf 84' lang='lat' dir='ltr'><strong>et</strong></span> <span class='ocrx_word' id='word_1_143' title='bbox 1157 1176 1322 1208; x_wconf 84' lang='lat' dir='ltr'><strong>nonnullis</strong></span> <span class='ocrx_word' id='word_1_144' title='bbox 1342 1176 1418 1209; x_wconf 78' lang='lat' dir='ltr'><strong>edd.</strong></span> <span class='ocrx_word' id='word_1_145' title='bbox 1441 1184 1520 1209; x_wconf 73' lang='lat' dir='ltr'><strong>vett.</strong></span> <span class='ocrx_word' id='word_1_146' title='bbox 1547 1190 1605 1220; x_wconf 90' lang='lat' dir='ltr'><strong>pro</strong></span> 
     </span>
    </p>
   </div>
   <div class='ocr_carea' id='block_1_9' title="bbox 40 1219 844 1262">
    <p class='ocr_par' dir='ltr' id='par_1_9' title="bbox 40 1219 844 1262">
     <span class='ocr_line' id='line_1_20' title="bbox 40 1219 844 1262; baseline 0 -12"><span class='ocrx_word' id='word_1_147' title='bbox 40 1222 73 1251; x_wconf 78' lang='lat' dir='ltr'><strong>in</strong></span> <span class='ocrx_word' id='word_1_148' title='bbox 93 1229 290 1260; x_wconf 82' lang='lat' dir='ltr'><strong>unaquaque.</strong></span> <span class='ocrx_word' id='word_1_149' title='bbox 338 1219 428 1251; x_wconf 88' lang='lat' dir='ltr'><strong>Idem</strong></span> <span class='ocrx_word' id='word_1_150' title='bbox 453 1226 625 1262; x_wconf 86' lang='lat' dir='ltr'><strong>peccatum</strong></span> <span class='ocrx_word' id='word_1_151' title='bbox 648 1219 718 1251; x_wconf 86' lang='lat' dir='ltr'><strong>Fin.</strong></span> <span class='ocrx_word' id='word_1_152' title='bbox 745 1221 784 1251; x_wconf 86' lang='lat' dir='ltr'><strong>V.</strong></span> <span class='ocrx_word' id='word_1_153' title='bbox 805 1219 844 1260; x_wconf 85' lang='lat'><strong>2,</strong></span> 
     </span>
    </p>
   </div>
   <div class='ocr_carea' id='block_1_10' title="bbox 42 1264 126 1296">
    <p class='ocr_par' dir='ltr' id='par_1_10' title="bbox 42 1264 126 1296">
     <span class='ocr_line' id='line_1_21' title="bbox 42 1264 126 1296; baseline -0.012 0"><span class='ocrx_word' id='word_1_154' title='bbox 42 1264 126 1296; x_wconf 83' lang='lat' dir='ltr'><strong>Adn.</strong></span> 
     </span>
    </p>
   </div>
   <div class='ocr_carea' id='block_1_11' title="bbox 40 1329 806 1418">
    <p class='ocr_par' dir='ltr' id='par_1_11' title="bbox 40 1329 806 1418">
     <span class='ocr_line' id='line_1_22' title="bbox 42 1329 806 1375; baseline 0.001 -13"><span class='ocrx_word' id='word_1_155' title='bbox 42 1330 149 1362; x_wconf 89' lang='lat' dir='ltr'><strong>minus</strong></span> <span class='ocrx_word' id='word_1_156' title='bbox 187 1329 343 1373; x_wconf 76' lang='lat' dir='ltr'><strong>consequi</strong></span> <span class='ocrx_word' id='word_1_157' title='bbox 378 1342 572 1372; x_wconf 87' lang='lat' dir='ltr'><strong>possumus,</strong></span> <span class='ocrx_word' id='word_1_158' title='bbox 613 1339 647 1363; x_wconf 87' lang='lat' dir='ltr'><strong>ut</strong></span> <span class='ocrx_word' id='word_1_159' title='bbox 683 1331 806 1375; x_wconf 82' lang='lat' dir='ltr'><strong>scripta</strong></span> 
     </span>
     <span class='ocr_line' id='line_1_23' title="bbox 40 1375 546 1418; baseline 0 -12"><span class='ocrx_word' id='word_1_160' title='bbox 40 1381 155 1407; x_wconf 86' lang='lat' dir='ltr'><strong>nostra</strong></span> <span class='ocrx_word' id='word_1_161' title='bbox 180 1375 330 1407; x_wconf 88' lang='lat' dir='ltr'><strong>omnibus</strong></span> <span class='ocrx_word' id='word_1_162' title='bbox 351 1375 546 1418; x_wconf 86' lang='lat' dir='ltr'><strong>probentur.</strong></span> 
     </span>
    </p>
   </div>
   <div class='ocr_carea' id='block_1_12' title="bbox 38 1430 806 2169">
    <p class='ocr_par' dir='ltr' id='par_1_12' title="bbox 39 1430 806 1654">
     <span class='ocr_line' id='line_1_24' title="bbox 103 1430 806 1472; baseline 0 -8"><span class='ocrx_word' id='word_1_163' title='bbox 103 1431 130 1472; x_wconf 86' lang='lat'><strong>§.</strong></span> <span class='ocrx_word' id='word_1_164' title='bbox 152 1430 184 1463; x_wconf 82' lang='lat'><strong>9.</strong></span> <span class='ocrx_word' id='word_1_165' title='bbox 229 1433 266 1463; x_wconf 83' lang='lat' dir='ltr'><strong>de</strong></span> <span class='ocrx_word' id='word_1_166' title='bbox 289 1433 429 1463; x_wconf 76' lang='lat' dir='ltr'><strong>omnibus</strong></span> <span class='ocrx_word' id='word_1_167' title='bbox 452 1434 542 1464; x_wconf 84' lang='lat' dir='ltr'><strong>rebus</strong></span> <span class='ocrx_word' id='word_1_168' title='bbox 572 1434 605 1464; x_wconf 86' lang='lat' dir='ltr'><strong>in</strong></span> <span class='ocrx_word' id='word_1_169' title='bbox 632 1434 806 1464; x_wconf 78' lang='lat' dir='ltr'><strong>contrarias</strong></span> 
     </span>
     <span class='ocr_line' id='line_1_25' title="bbox 39 1476 806 1517; baseline 0.001 -10"><span class='ocrx_word' id='word_1_170' title='bbox 39 1480 145 1516; x_wconf 78' lang='lat' dir='ltr'><strong>parles</strong></span> <span class='ocrx_word' id='word_1_171' title='bbox 167 1477 352 1517; x_wconf 80' lang='lat' dir='ltr'><strong>disserendi]</strong></span> <span class='ocrx_word' id='word_1_172' title='bbox 388 1477 428 1507; x_wconf 90' lang='lat' dir='ltr'><strong>V.</strong></span> <span class='ocrx_word' id='word_1_173' title='bbox 453 1488 512 1508; x_wconf 90' lang='lat' dir='ltr'><strong>nos</strong></span> <span class='ocrx_word' id='word_1_174' title='bbox 539 1477 572 1508; x_wconf 85' lang='lat' dir='ltr'><strong>in</strong></span> <span class='ocrx_word' id='word_1_175' title='bbox 602 1476 687 1508; x_wconf 88' lang='lat' dir='ltr'><strong>libro</strong></span> <span class='ocrx_word' id='word_1_176' title='bbox 713 1476 744 1510; x_wconf 92' lang='lat' dir='ltr'><strong>d.</strong></span> <span class='ocrx_word' id='word_1_177' title='bbox 768 1479 806 1508; x_wconf 84' lang='lat' dir='ltr'><strong>de</strong></span> 
     </span>
     <span class='ocr_line' id='line_1_26' title="bbox 43 1521 805 1564; baseline 0 -11"><span class='ocrx_word' id='word_1_178' title='bbox 43 1523 138 1553; x_wconf 82' lang='lat' dir='ltr'><strong>Cicer.</strong></span> <span class='ocrx_word' id='word_1_179' title='bbox 171 1523 203 1552; x_wconf 84' lang='lat' dir='ltr'><strong>in</strong></span> <span class='ocrx_word' id='word_1_180' title='bbox 230 1523 282 1560; x_wconf 76' lang='lat' dir='ltr'><strong>ph.</strong></span> <span class='ocrx_word' id='word_1_181' title='bbox 305 1531 380 1553; x_wconf 84' lang='lat' dir='ltr'><strong>mer.</strong></span> <span class='ocrx_word' id='word_1_182' title='bbox 411 1533 444 1564; x_wconf 90' lang='lat' dir='ltr'><strong>p.</strong></span> <span class='ocrx_word' id='word_1_183' title='bbox 468 1521 507 1554; x_wconf 83' lang='lat'><strong>71</strong></span> <span class='ocrx_word' id='word_1_184' title='bbox 523 1533 616 1564; x_wconf 88' lang='lat' dir='ltr'><strong>sqq.,</strong></span> <span class='ocrx_word' id='word_1_185' title='bbox 653 1521 728 1553; x_wconf 83' lang='lat' dir='ltr'><strong>dein</strong></span> <span class='ocrx_word' id='word_1_186' title='bbox 764 1522 805 1553; x_wconf 88' lang='lat' dir='ltr'><strong>de</strong></span> 
     </span>
     <span class='ocr_line' id='line_1_27' title="bbox 40 1565 803 1605; baseline 0.003 -8"><span class='ocrx_word' id='word_1_187' title='bbox 40 1567 197 1597; x_wconf 73' lang='lat' dir='ltr'><strong>Aristotele</strong></span> <span class='ocrx_word' id='word_1_188' title='bbox 224 1566 258 1597; x_wconf 95' lang='lat' dir='ltr'><strong>C.</strong></span> <span class='ocrx_word' id='word_1_189' title='bbox 281 1565 322 1597; x_wconf 91' lang='lat' dir='ltr'><strong>de</strong></span> <span class='ocrx_word' id='word_1_190' title='bbox 346 1568 398 1597; x_wconf 91' lang='lat' dir='ltr'><strong>Or.</strong></span> <span class='ocrx_word' id='word_1_191' title='bbox 424 1567 480 1598; x_wconf 74' lang='grc' dir='ltr'>ΙΙΙ.</span> <span class='ocrx_word' id='word_1_192' title='bbox 505 1566 557 1605; x_wconf 76' lang='lat'><strong>¹21,</strong></span> <span class='ocrx_word' id='word_1_193' title='bbox 581 1568 634 1599; x_wconf 56' lang='lat'><strong>2⁵50.</strong></span> <span class='ocrx_word' id='word_1_194' title='bbox 670 1566 711 1598; x_wconf 89' lang='lat' dir='ltr'><strong>de</strong></span> <span class='ocrx_word' id='word_1_195' title='bbox 733 1567 803 1599; x_wconf 83' lang='lat' dir='ltr'><strong>Fin.</strong></span> 
     </span>
     <span class='ocr_line' id='line_1_28' title="bbox 39 1609 773 1654; baseline 0.003 -12"><span class='ocrx_word' id='word_1_196' title='bbox 39 1611 79 1642; x_wconf 93' lang='lat' dir='ltr'><strong>V.</strong></span> <span class='ocrx_word' id='word_1_197' title='bbox 100 1609 132 1649; x_wconf 73' lang='lat'><strong>4,</strong></span> <span class='ocrx_word' id='word_1_198' title='bbox 162 1611 210 1643; x_wconf 91' lang='lat'><strong>10.</strong></span> <span class='ocrx_word' id='word_1_199' title='bbox 245 1610 286 1641; x_wconf 88' lang='lat' dir='ltr'><strong>de</strong></span> <span class='ocrx_word' id='word_1_200' title='bbox 311 1613 457 1651; x_wconf 81' lang='lat' dir='ltr'><strong>Philone,</strong></span> <span class='ocrx_word' id='word_1_201' title='bbox 481 1621 539 1642; x_wconf 89' lang='lat' dir='ltr'><strong>nos</strong></span> <span class='ocrx_word' id='word_1_202' title='bbox 564 1611 585 1642; x_wconf 87' lang='lat' dir='ltr'><strong>l.</strong></span> <span class='ocrx_word' id='word_1_203' title='bbox 613 1611 644 1644; x_wconf 90' lang='lat' dir='ltr'><strong>d.</strong></span> <span class='ocrx_word' id='word_1_204' title='bbox 670 1623 702 1654; x_wconf 87' lang='lat' dir='ltr'><strong>p.</strong></span> <span class='ocrx_word' id='word_1_205' title='bbox 719 1612 773 1644; x_wconf 69' lang='lat'><strong>35.</strong></span> 
     </span>
    </p>

    <p class='ocr_par' dir='ltr' id='par_1_13' title="bbox 107 1665 780 1708">
     <span class='ocr_line' id='line_1_29' title="bbox 107 1665 780 1708; baseline 0.001 -11"><span class='ocrx_word' id='word_1_206' title='bbox 107 1677 177 1698; x_wconf 86' lang='lat' dir='ltr'><strong>eum</strong></span> <span class='ocrx_word' id='word_1_207' title='bbox 200 1668 268 1708; x_wconf 78' lang='lat' dir='ltr'><strong>qui]</strong></span> <span class='ocrx_word' id='word_1_208' title='bbox 295 1667 335 1697; x_wconf 88' lang='lat' dir='ltr'><strong>V.</strong></span> <span class='ocrx_word' id='word_1_209' title='bbox 363 1666 532 1698; x_wconf 84' lang='lat' dir='ltr'><strong>Adnotata</strong></span> <span class='ocrx_word' id='word_1_210' title='bbox 556 1667 588 1698; x_wconf 88' lang='lat' dir='ltr'><strong>in</strong></span> <span class='ocrx_word' id='word_1_211' title='bbox 615 1679 641 1699; x_wconf 92' lang='lat' dir='ltr'><strong>c.</strong></span> <span class='ocrx_word' id='word_1_212' title='bbox 659 1665 700 1707; x_wconf 65' lang='lat'><strong>4,</strong></span> <span class='ocrx_word' id='word_1_213' title='bbox 731 1669 780 1700; x_wconf 65' lang='lat'><strong>12.</strong></span> 
     </span>
    </p>

    <p class='ocr_par' dir='ltr' id='par_1_14' title="bbox 38 1722 805 1898">
     <span class='ocr_line' id='line_1_30' title="bbox 108 1722 803 1763; baseline 0.001 -9"><span class='ocrx_word' id='word_1_214' title='bbox 108 1724 191 1763; x_wconf 82' lang='lat' dir='ltr'><strong>quod</strong></span> <span class='ocrx_word' id='word_1_215' title='bbox 208 1724 366 1763; x_wconf 74' lang='lat' dir='ltr'><strong>temporis]</strong></span> <span class='ocrx_word' id='word_1_216' title='bbox 395 1722 448 1754; x_wconf 90' lang='lat' dir='ltr'><strong>Sic</strong></span> <span class='ocrx_word' id='word_1_217' title='bbox 460 1723 501 1754; x_wconf 91' lang='lat' dir='ltr'><strong>de</strong></span> <span class='ocrx_word' id='word_1_218' title='bbox 514 1725 644 1755; x_wconf 85' lang='lat' dir='ltr'><strong>Senect.</strong></span> <span class='ocrx_word' id='word_1_219' title='bbox 659 1735 685 1755; x_wconf 90' lang='lat' dir='ltr'><strong>c.</strong></span> <span class='ocrx_word' id='word_1_220' title='bbox 699 1725 803 1755; x_wconf 79' lang='lat' dir='ltr'><strong>XIX:</strong></span> 
     </span>
     <span class='ocr_line' id='line_1_31' title="bbox 39 1767 805 1810; baseline 0.001 -11"><span class='ocrx_word' id='word_1_221' title='bbox 39 1769 123 1808; x_wconf 83' lang='lat' dir='ltr'><strong>quod·</strong></span> <span class='ocrx_word' id='word_1_222' title='bbox 141 1767 256 1810; x_wconf 86' lang='lat' dir='ltr'><strong>cuique</strong></span> <span class='ocrx_word' id='word_1_223' title='bbox 271 1771 417 1808; x_wconf 73' lang='lat' dir='ltr'><strong>temporis</strong></span> <span class='ocrx_word' id='word_1_224' title='bbox 436 1768 477 1799; x_wconf 83' lang='lat' dir='ltr'><strong>ad</strong></span> <span class='ocrx_word' id='word_1_225' title='bbox 499 1768 674 1799; x_wconf 76' lang='lat' dir='ltr'><strong>vivendum</strong></span> <span class='ocrx_word' id='word_1_226' title='bbox 697 1769 805 1801; x_wconf 80' lang='lat' dir='ltr'><strong>datur.</strong></span> 
     </span>
     <span class='ocr_line' id='line_1_32' title="bbox 41 1812 804 1853; baseline 0 -8"><span class='ocrx_word' id='word_1_227' title='bbox 41 1813 82 1845; x_wconf 89' lang='lat' dir='ltr'><strong>de</strong></span> <span class='ocrx_word' id='word_1_228' title='bbox 108 1812 205 1844; x_wconf 81' lang='lat' dir='ltr'><strong>Offic.</strong></span> <span class='ocrx_word' id='word_1_229' title='bbox 236 1814 260 1844; x_wconf 85' lang='lat' dir='ltr'><strong>I.</strong></span> <span class='ocrx_word' id='word_1_230' title='bbox 283 1812 323 1852; x_wconf 80' lang='lat'><strong>6,</strong></span> <span class='ocrx_word' id='word_1_231' title='bbox 352 1812 408 1845; x_wconf 69' lang='lat'><strong>19:</strong></span> <span class='ocrx_word' id='word_1_232' title='bbox 444 1815 525 1853; x_wconf 81' lang='lat' dir='ltr'><strong>quod</strong></span> <span class='ocrx_word' id='word_1_233' title='bbox 551 1833 592 1838; x_wconf 82' lang='lat'><em>-</em></span> <span class='ocrx_word' id='word_1_234' title='bbox 617 1824 728 1853; x_wconf 81' lang='lat' dir='ltr'><strong>operae</strong></span> <span class='ocrx_word' id='word_1_235' title='bbox 752 1824 804 1845; x_wconf 80' lang='lat' dir='ltr'><strong>cu-</strong></span> 
     </span>
     <span class='ocr_line' id='line_1_33' title="bbox 38 1867 163 1898; baseline 0 -9"><span class='ocrx_word' id='word_1_236' title='bbox 38 1867 163 1898; x_wconf 80' lang='lat' dir='ltr'><strong>raeque.</strong></span> 
     </span>
    </p>

    <p class='ocr_par' dir='ltr' id='par_1_15' title="bbox 39 1902 805 2034">
     <span class='ocr_line' id='line_1_34' title="bbox 105 1902 805 1945; baseline 0 -11"><span class='ocrx_word' id='word_1_237' title='bbox 105 1905 139 1934; x_wconf 81' lang='lat' dir='ltr'><strong>in</strong></span> <span class='ocrx_word' id='word_1_238' title='bbox 153 1912 186 1934; x_wconf 87' lang='lat' dir='ltr'><strong>eo</strong></span> <span class='ocrx_word' id='word_1_239' title='bbox 204 1902 465 1945; x_wconf 79' lang='lat' dir='ltr'><strong>consumpsimus]</strong></span> <span class='ocrx_word' id='word_1_240' title='bbox 493 1903 568 1934; x_wconf 86' lang='lat' dir='ltr'><strong>Scil.</strong></span> <span class='ocrx_word' id='word_1_241' title='bbox 582 1910 617 1934; x_wconf 86' lang='lat' dir='ltr'><strong>ut</strong></span> <span class='ocrx_word' id='word_1_242' title='bbox 635 1903 699 1934; x_wconf 80' lang='lat' dir='ltr'><strong>alio</strong></span> <span class='ocrx_word' id='word_1_243' title='bbox 717 1911 805 1934; x_wconf 77' lang='lat' dir='ltr'><strong>tem-</strong></span> 
     </span>
     <span class='ocr_line' id='line_1_35' title="bbox 40 1947 804 1990; baseline 0 -11"><span class='ocrx_word' id='word_1_244' title='bbox 40 1958 121 1990; x_wconf 89' lang='lat' dir='ltr'><strong>pore</strong></span> <span class='ocrx_word' id='word_1_245' title='bbox 146 1947 315 1978; x_wconf 82' lang='lat' dir='ltr'><strong>rhetorum</strong></span> <span class='ocrx_word' id='word_1_246' title='bbox 342 1954 519 1989; x_wconf 80' lang='lat' dir='ltr'><strong>praecepta</strong></span> <span class='ocrx_word' id='word_1_247' title='bbox 541 1948 716 1987; x_wconf 76' lang='lat' dir='ltr'><strong>traderem,</strong></span> <span class='ocrx_word' id='word_1_248' title='bbox 740 1948 804 1979; x_wconf 79' lang='lat' dir='ltr'><strong>alio</strong></span> 
     </span>
     <span class='ocr_line' id='line_1_36' title="bbox 39 1991 326 2034; baseline 0 -11"><span class='ocrx_word' id='word_1_249' title='bbox 39 1991 326 2034; x_wconf 84' lang='lat' dir='ltr'><strong>philosophorum.</strong></span> 
     </span>
    </p>

    <p class='ocr_par' dir='ltr' id='par_1_16' title="bbox 106 2036 624 2076">
     <span class='ocr_line' id='line_1_37' title="bbox 106 2036 624 2076; baseline 0.002 -8"><span class='ocrx_word' id='word_1_250' title='bbox 106 2036 247 2076; x_wconf 78' lang='lat' dir='ltr'><strong>dictioni]</strong></span> <span class='ocrx_word' id='word_1_251' title='bbox 272 2036 315 2067; x_wconf 87' lang='grc' dir='ltr'><strong>ΙΙ.</strong></span> <span class='ocrx_word' id='word_1_252' title='bbox 341 2046 369 2069; x_wconf 86' lang='lat' dir='ltr'><strong>e.</strong></span> <span class='ocrx_word' id='word_1_253' title='bbox 395 2037 624 2069; x_wconf 76' lang='lat' dir='ltr'><strong>declamationi.</strong></span> 
     </span>
    </p>

    <p class='ocr_par' dir='ltr' id='par_1_17' title="bbox 108 2081 720 2122">
     <span class='ocr_line' id='line_1_38' title="bbox 108 2081 720 2122; baseline 0.002 -10"><span class='ocrx_word' id='word_1_254' title='bbox 108 2083 140 2112; x_wconf 83' lang='lat' dir='ltr'><strong>in</strong></span> <span class='ocrx_word' id='word_1_255' title='bbox 165 2081 381 2122; x_wconf 60' lang='lat' dir='ltr'><strong>Academiamj</strong></span> <span class='ocrx_word' id='word_1_256' title='bbox 410 2082 449 2112; x_wconf 89' lang='lat' dir='ltr'><strong>V.</strong></span> <span class='ocrx_word' id='word_1_257' title='bbox 481 2081 579 2113; x_wconf 80' lang='lat' dir='ltr'><strong>indic.</strong></span> <span class='ocrx_word' id='word_1_258' title='bbox 604 2082 720 2114; x_wconf 86' lang='lat' dir='ltr'><strong>histor.</strong></span> 
     </span>
    </p>

    <p class='ocr_par' dir='ltr' id='par_1_18' title="bbox 106 2126 802 2169">
     <span class='ocr_line' id='line_1_39' title="bbox 106 2126 802 2169; baseline 0.006 -12"><span class='ocrx_word' id='word_1_259' title='bbox 106 2136 167 2157; x_wconf 84' lang='lat' dir='ltr'><strong>non</strong></span> <span class='ocrx_word' id='word_1_260' title='bbox 188 2127 278 2165; x_wconf 69' lang='lat' dir='ltr'><strong>quasi</strong></span> <span class='ocrx_word' id='word_1_261' title='bbox 300 2127 478 2168; x_wconf 76' lang='lat' dir='ltr'><strong>narrantes]</strong></span> <span class='ocrx_word' id='word_1_262' title='bbox 506 2127 544 2157; x_wconf 76' lang='lat' dir='ltr'><strong>V.</strong></span> <span class='ocrx_word' id='word_1_263' title='bbox 561 2138 658 2169; x_wconf 86' lang='lat' dir='ltr'><strong>supra</strong></span> <span class='ocrx_word' id='word_1_264' title='bbox 687 2129 707 2160; x_wconf 89' lang='grc' dir='ltr'><strong>Ι.</strong></span> <span class='ocrx_word' id='word_1_265' title='bbox 724 2126 755 2167; x_wconf 66' lang='lat'><strong>4,</strong></span> <span class='ocrx_word' id='word_1_266' title='bbox 770 2131 802 2161; x_wconf 56' lang='lat' dir='ltr'><strong>c.</strong></span> 
     </span>
    </p>
   </div>
   <div class='ocr_carea' id='block_1_13' title="bbox 1 2180 805 2985">
    <p class='ocr_par' dir='ltr' id='par_1_19' title="bbox 38 2180 803 2269">
     <span class='ocr_line' id='line_1_40' title="bbox 109 2180 803 2222; baseline 0.006 -11"><span class='ocrx_word' id='word_1_267' title='bbox 109 2180 186 2211; x_wconf 70' lang='lat' dir='ltr'><strong>CAP.</strong></span> <span class='ocrx_word' id='word_1_268' title='bbox 200 2181 254 2213; x_wconf 91' lang='lat' dir='ltr'><strong>IV.</strong></span> <span class='ocrx_word' id='word_1_269' title='bbox 281 2180 309 2222; x_wconf 62' lang='lat' dir='ltr'><strong>gi.</strong></span> <span class='ocrx_word' id='word_1_270' title='bbox 326 2182 376 2212; x_wconf 88' lang='lat'><strong>10.</strong></span> <span class='ocrx_word' id='word_1_271' title='bbox 398 2183 452 2213; x_wconf 80' lang='lat' dir='ltr'><strong>Est</strong></span> <span class='ocrx_word' id='word_1_272' title='bbox 465 2200 509 2205; x_wconf 91' lang='lat'>—</span> <span class='ocrx_word' id='word_1_273' title='bbox 525 2193 624 2214; x_wconf 84' lang='lat' dir='ltr'><strong>sermo</strong></span> <span class='ocrx_word' id='word_1_274' title='bbox 643 2186 695 2214; x_wconf 83' lang='lat' dir='ltr'><strong>ille</strong></span> <span class='ocrx_word' id='word_1_275' title='bbox 716 2186 803 2215; x_wconf 74' lang='lat' dir='ltr'><strong>nobis</strong></span> 
     </span>
     <span class='ocr_line' id='line_1_41' title="bbox 38 2225 802 2269; baseline 0.003 -11"><span class='ocrx_word' id='word_1_276' title='bbox 38 2225 209 2269; x_wconf 74' lang='lat' dir='ltr'><strong>institutus]</strong></span> <span class='ocrx_word' id='word_1_277' title='bbox 234 2226 272 2257; x_wconf 89' lang='lat' dir='ltr'><strong>V.</strong></span> <span class='ocrx_word' id='word_1_278' title='bbox 295 2225 337 2256; x_wconf 88' lang='lat' dir='ltr'><strong>ad</strong></span> <span class='ocrx_word' id='word_1_279' title='bbox 362 2238 388 2257; x_wconf 88' lang='lat' dir='ltr'><strong>c.</strong></span> <span class='ocrx_word' id='word_1_280' title='bbox 415 2227 443 2264; x_wconf 84' lang='lat'><strong>1,</strong></span> <span class='ocrx_word' id='word_1_281' title='bbox 469 2228 509 2258; x_wconf 65' lang='grc' dir='ltr'><strong>’.ἐς</strong></span> <span class='ocrx_word' id='word_1_282' title='bbox 534 2229 611 2259; x_wconf 84' lang='lat' dir='ltr'><strong>mihi</strong></span> <span class='ocrx_word' id='word_1_283' title='bbox 628 2247 670 2251; x_wconf 96' lang='lat'><strong>—</strong></span> <span class='ocrx_word' id='word_1_284' title='bbox 685 2230 802 2261; x_wconf 75' lang='lat' dir='ltr'><strong>babila.</strong></span> 
     </span>
    </p>

    <p class='ocr_par' dir='ltr' id='par_1_20' title="bbox 1 2270 805 2985">
     <span class='ocr_line' id='line_1_42' title="bbox 108 2270 801 2313; baseline 0.004 -12"><span class='ocrx_word' id='word_1_285' title='bbox 108 2271 232 2311; x_wconf 76' lang='lat' dir='ltr'><strong>ductus]</strong></span> <span class='ocrx_word' id='word_1_286' title='bbox 269 2270 323 2301; x_wconf 82' lang='lat' dir='ltr'><strong>Sic</strong></span> <span class='ocrx_word' id='word_1_287' title='bbox 356 2271 575 2311; x_wconf 80' lang='lat' dir='ltr'><strong>FAWolfius,</strong></span> <span class='ocrx_word' id='word_1_288' title='bbox 619 2272 801 2313; x_wconf 70' lang='lat' dir='ltr'><strong>sclmtzius,</strong></span> 
     </span>
     <span class='ocr_line' id='line_1_43' title="bbox 41 2315 800 2360; baseline 0.003 -13"><span class='ocrx_word' id='word_1_289' title='bbox 41 2315 191 2351; x_wconf 77' lang='lat' dir='ltr'><strong>OrelHus,</strong></span> <span class='ocrx_word' id='word_1_290' title='bbox 216 2315 328 2346; x_wconf 82' lang='lat' dir='ltr'><strong>Moser</strong></span> <span class='ocrx_word' id='word_1_291' title='bbox 349 2327 421 2347; x_wconf 88' lang='lat' dir='ltr'><strong>cum</strong></span> <span class='ocrx_word' id='word_1_292' title='bbox 445 2316 496 2347; x_wconf 86' lang='lat' dir='ltr'><strong>ed.</strong></span> <span class='ocrx_word' id='word_1_293' title='bbox 523 2317 610 2348; x_wconf 83' lang='lat' dir='ltr'><strong>Crat..</strong></span> <span class='ocrx_word' id='word_1_294' title='bbox 634 2317 680 2359; x_wconf 71' lang='lat' dir='ltr'><strong>(in</strong></span> <span class='ocrx_word' id='word_1_295' title='bbox 698 2330 800 2360; x_wconf 84' lang='lat' dir='ltr'><strong>marg.</strong></span> 
     </span>
     <span class='ocr_line' id='line_1_44' title="bbox 41 2359 800 2401; baseline 0.004 -10"><span class='ocrx_word' id='word_1_296' title='bbox 41 2359 196 2397; x_wconf 66' lang='lat' dir='ltr'><strong>inductus)</strong></span> <span class='ocrx_word' id='word_1_297' title='bbox 223 2365 257 2389; x_wconf 87' lang='lat' dir='ltr'><strong>et</strong></span> <span class='ocrx_word' id='word_1_298' title='bbox 280 2371 381 2401; x_wconf 85' lang='lat' dir='ltr'><strong>marg.</strong></span> <span class='ocrx_word' id='word_1_299' title='bbox 408 2361 545 2392; x_wconf 77' lang='lat' dir='ltr'><strong>Lambb.</strong></span> <span class='ocrx_word' id='word_1_300' title='bbox 574 2363 675 2394; x_wconf 90' lang='lat' dir='ltr'><strong>Goth.</strong></span> <span class='ocrx_word' id='word_1_301' title='bbox 701 2363 800 2394; x_wconf 86' lang='lat' dir='ltr'><strong>Verb.</strong></span> 
     </span>
     <span class='ocr_line' id='line_1_45' title="bbox 41 2403 803 2447; baseline 0.007 -12"><span class='ocrx_word' id='word_1_302' title='bbox 41 2415 101 2447; x_wconf 92' lang='lat' dir='ltr'><strong>pro</strong></span> <span class='ocrx_word' id='word_1_303' title='bbox 116 2403 203 2443; x_wconf 80' lang='lat' dir='ltr'><strong>vulg.</strong></span> <span class='ocrx_word' id='word_1_304' title='bbox 220 2405 387 2435; x_wconf 77' lang='lat' dir='ltr'><strong>inductus:</strong></span> <span class='ocrx_word' id='word_1_305' title='bbox 412 2405 501 2446; x_wconf 89' lang='lat' dir='ltr'><strong>quod</strong></span> <span class='ocrx_word' id='word_1_306' title='bbox 519 2414 713 2446; x_wconf 83' lang='lat' dir='ltr'><strong>receperunt</strong></span> <span class='ocrx_word' id='word_1_307' title='bbox 726 2410 803 2439; x_wconf 89' lang='lat' dir='ltr'><strong>Klo-</strong></span> 
     </span>
     <span class='ocr_line' id='line_1_46' title="bbox 42 2448 802 2487; baseline 0.004 -7"><span class='ocrx_word' id='word_1_308' title='bbox 42 2450 120 2480; x_wconf 81' lang='lat' dir='ltr'><strong>lzius</strong></span> <span class='ocrx_word' id='word_1_309' title='bbox 153 2454 186 2479; x_wconf 87' lang='lat' dir='ltr'><strong>et</strong></span> <span class='ocrx_word' id='word_1_310' title='bbox 212 2449 366 2487; x_wconf 68' lang='lat' dir='ltr'><strong>Tregder,</strong></span> <span class='ocrx_word' id='word_1_311' title='bbox 403 2448 461 2479; x_wconf 80' lang='lat' dir='ltr'><strong>sed</strong></span> <span class='ocrx_word' id='word_1_312' title='bbox 492 2449 547 2480; x_wconf 87' lang='lat' dir='ltr'><strong>ille</strong></span> <span class='ocrx_word' id='word_1_313' title='bbox 571 2450 634 2481; x_wconf 83' lang='lat' dir='ltr'><strong>iam</strong></span> <span class='ocrx_word' id='word_1_314' title='bbox 659 2451 691 2482; x_wconf 84' lang='lat' dir='ltr'><strong>in</strong></span> <span class='ocrx_word' id='word_1_315' title='bbox 720 2452 802 2483; x_wconf 76' lang='lat' dir='ltr'><strong>Add.</strong></span> 
     </span>
     <span class='ocr_line' id='line_1_47' title="bbox 41 2492 805 2538; baseline 0.003 -13"><span class='ocrx_word' id='word_1_316' title='bbox 41 2504 74 2536; x_wconf 88' lang='lat' dir='ltr'><strong>p.</strong></span> <span class='ocrx_word' id='word_1_317' title='bbox 94 2492 147 2525; x_wconf 80' lang='lat'><strong>65.</strong></span> <span class='ocrx_word' id='word_1_318' title='bbox 173 2493 275 2533; x_wconf 83' lang='lat' dir='ltr'><strong>magis</strong></span> <span class='ocrx_word' id='word_1_319' title='bbox 310 2493 446 2524; x_wconf 85' lang='lat' dir='ltr'><strong>inclinat</strong></span> <span class='ocrx_word' id='word_1_320' title='bbox 479 2493 521 2525; x_wconf 86' lang='lat' dir='ltr'><strong>ad</strong></span> <span class='ocrx_word' id='word_1_321' title='bbox 546 2496 678 2527; x_wconf 75' lang='lat' dir='ltr'><strong>ductus:</strong></span> <span class='ocrx_word' id='word_1_322' title='bbox 715 2497 805 2538; x_wconf 87' lang='lat' dir='ltr'><strong>quod</strong></span> 
     </span>
     <span class='ocr_line' id='line_1_48' title="bbox 41 2537 804 2582; baseline 0.008 -14"><span class='ocrx_word' id='word_1_323' title='bbox 41 2537 140 2569; x_wconf 86' lang='lat' dir='ltr'><strong>etiam</strong></span> <span class='ocrx_word' id='word_1_324' title='bbox 155 2539 339 2569; x_wconf 83' lang='lat' dir='ltr'><strong>Goerenzius</strong></span> <span class='ocrx_word' id='word_1_325' title='bbox 348 2537 389 2569; x_wconf 84' lang='lat' dir='ltr'><strong>ad</strong></span> <span class='ocrx_word' id='word_1_326' title='bbox 405 2538 503 2570; x_wconf 83' lang='lat' dir='ltr'><strong>Acad.</strong></span> <span class='ocrx_word' id='word_1_327' title='bbox 521 2540 560 2570; x_wconf 89' lang='lat' dir='ltr'><strong>ll.</strong></span> <span class='ocrx_word' id='word_1_328' title='bbox 578 2540 626 2576; x_wconf 69' lang='lat'><strong>12,</strong></span> <span class='ocrx_word' id='word_1_329' title='bbox 640 2540 693 2571; x_wconf 44' lang='grc' dir='ltr'><strong>δὴ</strong></span> <span class='ocrx_word' id='word_1_330' title='bbox 707 2552 738 2582; x_wconf 88' lang='lat' dir='ltr'><strong>p.</strong></span> <span class='ocrx_word' id='word_1_331' title='bbox 752 2541 804 2574; x_wconf 75' lang='grc' dir='ltr'><strong>Τὸ.</strong></span> 
     </span>
     <span class='ocr_line' id='line_1_49' title="bbox 41 2581 802 2624; baseline 0.004 -12"><span class='ocrx_word' id='word_1_332' title='bbox 41 2582 170 2624; x_wconf 84' lang='lat' dir='ltr'><strong>probat,</strong></span> <span class='ocrx_word' id='word_1_333' title='bbox 189 2581 243 2613; x_wconf 89' lang='lat' dir='ltr'><strong>ubi</strong></span> <span class='ocrx_word' id='word_1_334' title='bbox 260 2593 321 2624; x_wconf 88' lang='lat' dir='ltr'><strong>pro</strong></span> <span class='ocrx_word' id='word_1_335' title='bbox 336 2585 429 2614; x_wconf 79' lang='lat' dir='ltr'><strong>eliam</strong></span> <span class='ocrx_word' id='word_1_336' title='bbox 442 2588 610 2623; x_wconf 81' lang='lat' dir='ltr'><strong>sequuntur</strong></span> <span class='ocrx_word' id='word_1_337' title='bbox 627 2583 692 2615; x_wconf 82' lang='lat' dir='ltr'><strong>duo</strong></span> <span class='ocrx_word' id='word_1_338' title='bbox 706 2584 802 2616; x_wconf 89' lang='lat' dir='ltr'><strong>codd.</strong></span> 
     </span>
     <span class='ocr_line' id='line_1_50' title="bbox 43 2626 804 2670; baseline 0.003 -12"><span class='ocrx_word' id='word_1_339' title='bbox 43 2626 166 2658; x_wconf 85' lang='lat' dir='ltr'><strong>habent</strong></span> <span class='ocrx_word' id='word_1_340' title='bbox 198 2629 291 2659; x_wconf 79' lang='lat' dir='ltr'><strong>etiam</strong></span> <span class='ocrx_word' id='word_1_341' title='bbox 316 2630 536 2668; x_wconf 77' lang='lat' dir='ltr'><strong>insequuntur,</strong></span> <span class='ocrx_word' id='word_1_342' title='bbox 575 2640 673 2670; x_wconf 87' lang='lat' dir='ltr'><strong>quum</strong></span> <span class='ocrx_word' id='word_1_343' title='bbox 707 2632 739 2661; x_wconf 82' lang='lat' dir='ltr'><strong>in</strong></span> <span class='ocrx_word' id='word_1_344' title='bbox 764 2641 804 2660; x_wconf 88' lang='lat' dir='ltr'><strong>ex</strong></span> 
     </span>
     <span class='ocr_line' id='line_1_51' title="bbox 44 2671 804 2716; baseline 0.004 -14"><span class='ocrx_word' id='word_1_345' title='bbox 44 2671 256 2713; x_wconf 85' lang='lat' dir='ltr'><strong>praecedenti</strong></span> <span class='ocrx_word' id='word_1_346' title='bbox 280 2682 310 2703; x_wconf 88' lang='lat' dir='ltr'><strong>m</strong></span> <span class='ocrx_word' id='word_1_347' title='bbox 335 2672 538 2710; x_wconf 83' lang='lat' dir='ltr'><strong>adhaeserit,</strong></span> <span class='ocrx_word' id='word_1_348' title='bbox 566 2674 654 2716; x_wconf 86' lang='lat' dir='ltr'><strong>quod</strong></span> <span class='ocrx_word' id='word_1_349' title='bbox 676 2674 804 2715; x_wconf 81' lang='lat' dir='ltr'><strong>saepius</strong></span> 
     </span>
     <span class='ocr_line' id='line_1_52' title="bbox 1 2714 805 2759; baseline 0.006 -14"><span class='ocrx_word' id='word_1_350' title='bbox 1 2736 8 2741; x_wconf 81' lang='lat'><strong>·</strong></span> <span class='ocrx_word' id='word_1_351' title='bbox 46 2714 168 2746; x_wconf 85' lang='lat' dir='ltr'><strong>factum</strong></span> <span class='ocrx_word' id='word_1_352' title='bbox 188 2727 258 2747; x_wconf 80' lang='lat' dir='ltr'><strong>esse</strong></span> <span class='ocrx_word' id='word_1_353' title='bbox 283 2716 489 2749; x_wconf 82' lang='lat' dir='ltr'><strong>demonstrat</strong></span> <span class='ocrx_word' id='word_1_354' title='bbox 510 2718 534 2749; x_wconf 83' lang='lat' dir='ltr'><strong>is</strong></span> <span class='ocrx_word' id='word_1_355' title='bbox 549 2743 555 2754; x_wconf 84' lang='lat'><strong><em>‚</em></strong></span> <span class='ocrx_word' id='word_1_356' title='bbox 589 2730 684 2759; x_wconf 72' lang='lat' dir='ltr'><strong>quem</strong></span> <span class='ocrx_word' id='word_1_357' title='bbox 707 2721 805 2750; x_wconf 79' lang='lat' dir='ltr'><strong>Moser</strong></span> 
     </span>
     <span class='ocr_line' id='line_1_53' title="bbox 45 2758 803 2798; baseline 0.008 -9"><span class='ocrx_word' id='word_1_358' title='bbox 45 2758 166 2798; x_wconf 80' lang='lat' dir='ltr'><strong>laudat,</strong></span> <span class='ocrx_word' id='word_1_359' title='bbox 190 2763 226 2793; x_wconf 89' lang='lat' dir='ltr'><strong>L.</strong></span> <span class='ocrx_word' id='word_1_360' title='bbox 248 2763 386 2794; x_wconf 78' lang='lat' dir='ltr'><strong>Trossius</strong></span> <span class='ocrx_word' id='word_1_361' title='bbox 407 2762 438 2793; x_wconf 86' lang='lat' dir='ltr'><strong>in</strong></span> <span class='ocrx_word' id='word_1_362' title='bbox 464 2763 616 2793; x_wconf 82' lang='lat' dir='ltr'><strong>Seebodii</strong></span> <span class='ocrx_word' id='word_1_363' title='bbox 644 2764 683 2794; x_wconf 86' lang='lat' dir='ltr'><strong>N.</strong></span> <span class='ocrx_word' id='word_1_364' title='bbox 706 2763 803 2796; x_wconf 81' lang='lat' dir='ltr'><strong>Arch.</strong></span> 
     </span>
     <span class='ocr_line' id='line_1_54' title="bbox 48 2802 803 2849; baseline 0.004 -13"><span class='ocrx_word' id='word_1_365' title='bbox 48 2802 144 2836; x_wconf 66' lang='lat'><strong>1829.</strong></span> <span class='ocrx_word' id='word_1_366' title='bbox 174 2804 228 2838; x_wconf 79' lang='lat'><strong>33.</strong></span> <span class='ocrx_word' id='word_1_367' title='bbox 263 2816 294 2846; x_wconf 89' lang='lat' dir='ltr'><strong>p.</strong></span> <span class='ocrx_word' id='word_1_368' title='bbox 320 2807 390 2839; x_wconf 79' lang='lat'><strong>131.</strong></span> <span class='ocrx_word' id='word_1_369' title='bbox 439 2809 578 2839; x_wconf 79' lang='lat' dir='ltr'><strong>Klolzins</strong></span> <span class='ocrx_word' id='word_1_370' title='bbox 609 2808 803 2849; x_wconf 79' lang='lat' dir='ltr'><strong>scripturam</strong></span> 
     </span>
     <span class='ocr_line' id='line_1_55' title="bbox 45 2849 803 2889; baseline 0.008 -11"><span class='ocrx_word' id='word_1_371' title='bbox 45 2849 188 2880; x_wconf 76' lang='lat' dir='ltr'><strong>inductus</strong></span> <span class='ocrx_word' id='word_1_372' title='bbox 209 2849 256 2880; x_wconf 86' lang='lat' dir='ltr'><strong>sic</strong></span> <span class='ocrx_word' id='word_1_373' title='bbox 279 2850 448 2882; x_wconf 85' lang='lat' dir='ltr'><strong>defendit:</strong></span> <span class='ocrx_word' id='word_1_374' title='bbox 474 2853 534 2889; x_wconf 86' lang='lat' dir='ltr'><strong>„C.</strong></span> <span class='ocrx_word' id='word_1_375' title='bbox 559 2852 620 2883; x_wconf 75' lang='lat' dir='ltr'><strong>will</strong></span> <span class='ocrx_word' id='word_1_376' title='bbox 643 2853 714 2884; x_wconf 87' lang='lat' dir='ltr'><strong>hier</strong></span> <span class='ocrx_word' id='word_1_377' title='bbox 736 2864 803 2884; x_wconf 85' lang='lat' dir='ltr'><strong>we-</strong></span> 
     </span>
     <span class='ocr_line' id='line_1_56' title="bbox 46 2891 802 2939; baseline 0.008 -17"><span class='ocrx_word' id='word_1_378' title='bbox 46 2891 158 2933; x_wconf 79' lang='lat' dir='ltr'><strong>niger,</strong></span> <span class='ocrx_word' id='word_1_379' title='bbox 195 2893 266 2924; x_wconf 87' lang='lat' dir='ltr'><strong>dass</strong></span> <span class='ocrx_word' id='word_1_380' title='bbox 292 2895 384 2935; x_wconf 89' lang='lat' dir='ltr'><strong>jenes</strong></span> <span class='ocrx_word' id='word_1_381' title='bbox 410 2897 578 2939; x_wconf 66' lang='lat' dir='ltr'><strong>Gespriicli</strong></span> <span class='ocrx_word' id='word_1_382' title='bbox 607 2909 669 2929; x_wconf 78' lang='lat' dir='ltr'><strong>von</strong></span> <span class='ocrx_word' id='word_1_383' title='bbox 697 2896 802 2928; x_wconf 75' lang='lat' dir='ltr'><strong>ciuem</strong></span> 
     </span>
     <span class='ocr_line' id='line_1_57' title="bbox 46 2936 800 2985; baseline 0.008 -17"><span class='ocrx_word' id='word_1_384' title='bbox 46 2936 183 2970; x_wconf 85' lang='lat' dir='ltr'><strong>solcheu</strong></span> <span class='ocrx_word' id='word_1_385' title='bbox 207 2937 375 2983; x_wconf 85' lang='lat' dir='ltr'><strong>Eingange</strong></span> <span class='ocrx_word' id='word_1_386' title='bbox 393 2941 505 2983; x_wconf 42' lang='lat' dir='ltr'><strong>‚durch</strong></span> <span class='ocrx_word' id='word_1_387' title='bbox 531 2942 715 2985; x_wconf 77' lang='lat' dir='ltr'><strong>Folgeruug</strong></span> <span class='ocrx_word' id='word_1_388' title='bbox 740 2942 800 2975; x_wconf 83' lang='lat' dir='ltr'><strong>ab-</strong></span> 
     </span>
    </p>
   </div>
   <div class='ocr_carea' id='block_1_14' title="bbox 870 1220 1603 1264">
    <p class='ocr_par' dir='ltr' id='par_1_21' title="bbox 870 1220 1603 1264">
     <span class='ocr_line' id='line_1_58' title="bbox 870 1220 1603 1264; baseline 0.003 -12"><span class='ocrx_word' id='word_1_389' title='bbox 870 1222 922 1260; x_wconf 82' lang='lat'><strong>5.‚</strong></span> <span class='ocrx_word' id='word_1_390' title='bbox 949 1221 1001 1252; x_wconf 91' lang='lat' dir='ltr'><strong>ubi</strong></span> <span class='ocrx_word' id='word_1_391' title='bbox 1028 1233 1058 1252; x_wconf 80' lang='lat' dir='ltr'><strong>v.</strong></span> <span class='ocrx_word' id='word_1_392' title='bbox 1085 1224 1228 1253; x_wconf 77' lang='lat' dir='ltr'><strong>Goerenz.</strong></span> <span class='ocrx_word' id='word_1_393' title='bbox 1252 1233 1285 1264; x_wconf 87' lang='lat' dir='ltr'><strong>p.</strong></span> <span class='ocrx_word' id='word_1_394' title='bbox 1305 1220 1382 1254; x_wconf 81' lang='lat'><strong>535.</strong></span> <span class='ocrx_word' id='word_1_395' title='bbox 1432 1224 1488 1254; x_wconf 84' lang='lat' dir='ltr'><strong>IV.</strong></span> <span class='ocrx_word' id='word_1_396' title='bbox 1531 1223 1543 1254; x_wconf 92' lang='lat'><strong>1</strong></span> <span class='ocrx_word' id='word_1_397' title='bbox 1572 1235 1603 1254; x_wconf 88' lang='lat' dir='ltr'><strong>v.</strong></span> 
     </span>
    </p>
   </div>
   <div class='ocr_carea' id='block_1_15' title="bbox 837 1331 1605 2991">
    <p class='ocr_par' dir='ltr' id='par_1_22' title="bbox 837 1331 1605 2318">
     <span class='ocr_line' id='line_1_59' title="bbox 841 1331 1603 1375; baseline 0.007 -13"><span class='ocrx_word' id='word_1_398' title='bbox 841 1331 977 1373; x_wconf 82' lang='lat' dir='ltr'><strong>geleitet</strong></span> <span class='ocrx_word' id='word_1_399' title='bbox 1010 1332 1142 1364; x_wconf 86' lang='lat' dir='ltr'><strong>worden</strong></span> <span class='ocrx_word' id='word_1_400' title='bbox 1180 1333 1228 1365; x_wconf 84' lang='lat' dir='ltr'><strong>sei</strong></span> <span class='ocrx_word' id='word_1_401' title='bbox 1263 1334 1422 1375; x_wconf 72' lang='lat' dir='ltr'><strong>(ductus),</strong></span> <span class='ocrx_word' id='word_1_402' title='bbox 1458 1335 1603 1367; x_wconf 55' lang='lat' dir='ltr'><strong>sondern</strong></span> 
     </span>
     <span class='ocr_line' id='line_1_60' title="bbox 841 1377 1605 1422; baseline 0.005 -15"><span class='ocrx_word' id='word_1_403' title='bbox 841 1377 915 1408; x_wconf 80' lang='lat' dir='ltr'><strong>dass</strong></span> <span class='ocrx_word' id='word_1_404' title='bbox 941 1388 1017 1408; x_wconf 84' lang='lat' dir='ltr'><strong>man</strong></span> <span class='ocrx_word' id='word_1_405' title='bbox 1043 1389 1106 1409; x_wconf 80' lang='lat' dir='ltr'><strong>von</strong></span> <span class='ocrx_word' id='word_1_406' title='bbox 1130 1378 1239 1418; x_wconf 80' lang='lat' dir='ltr'><strong>jenem</strong></span> <span class='ocrx_word' id='word_1_407' title='bbox 1262 1379 1431 1422; x_wconf 83' lang='lat' dir='ltr'><strong>Eingange</strong></span> <span class='ocrx_word' id='word_1_408' title='bbox 1456 1392 1516 1411; x_wconf 87' lang='lat' dir='ltr'><strong>nur</strong></span> <span class='ocrx_word' id='word_1_409' title='bbox 1533 1381 1605 1411; x_wconf 87' lang='lat' dir='ltr'><strong>Ge-</strong></span> 
     </span>
     <span class='ocr_line' id='line_1_61' title="bbox 841 1421 1603 1464; baseline 0.003 -12"><span class='ocrx_word' id='word_1_410' title='bbox 841 1421 1008 1464; x_wconf 74' lang='lat' dir='ltr'><strong>legenheit</strong></span> <span class='ocrx_word' id='word_1_411' title='bbox 1041 1434 1239 1464; x_wconf 83' lang='lat' dir='ltr'><strong>genommen</strong></span> <span class='ocrx_word' id='word_1_412' title='bbox 1270 1423 1375 1462; x_wconf 70' lang='lat' dir='ltr'><strong>habe,</strong></span> <span class='ocrx_word' id='word_1_413' title='bbox 1416 1425 1476 1456; x_wconf 82' lang='lat' dir='ltr'><strong>auf</strong></span> <span class='ocrx_word' id='word_1_414' title='bbox 1510 1425 1603 1456; x_wconf 78' lang='lat' dir='ltr'><strong>einen</strong></span> 
     </span>
     <span class='ocr_line' id='line_1_62' title="bbox 840 1467 1605 1511; baseline 0.005 -14"><span class='ocrx_word' id='word_1_415' title='bbox 840 1467 977 1498; x_wconf 78' lang='lat' dir='ltr'><strong>solchen</strong></span> <span class='ocrx_word' id='word_1_416' title='bbox 997 1467 1089 1499; x_wconf 82' lang='lat' dir='ltr'><strong>Stoff</strong></span> <span class='ocrx_word' id='word_1_417' title='bbox 1107 1480 1145 1499; x_wconf 86' lang='lat' dir='ltr'><strong>zu</strong></span> <span class='ocrx_word' id='word_1_418' title='bbox 1167 1468 1348 1511; x_wconf 75' lang='lat' dir='ltr'><strong>gelangen3</strong></span> <span class='ocrx_word' id='word_1_419' title='bbox 1374 1469 1444 1501; x_wconf 82' lang='lat' dir='ltr'><strong>also</strong></span> <span class='ocrx_word' id='word_1_420' title='bbox 1463 1469 1513 1501; x_wconf 87' lang='lat' dir='ltr'><strong>ein</strong></span> <span class='ocrx_word' id='word_1_421' title='bbox 1533 1470 1605 1501; x_wconf 90' lang='lat' dir='ltr'><strong>sol-</strong></span> 
     </span>
     <span class='ocr_line' id='line_1_63' title="bbox 841 1512 1605 1558; baseline 0.003 -15"><span class='ocrx_word' id='word_1_422' title='bbox 841 1512 916 1544; x_wconf 84' lang='lat' dir='ltr'><strong>ches</strong></span> <span class='ocrx_word' id='word_1_423' title='bbox 940 1513 1111 1555; x_wconf 67' lang='lat' dir='ltr'><strong>Gespriich</strong></span> <span class='ocrx_word' id='word_1_424' title='bbox 1133 1514 1396 1551; x_wconf 80' lang='lat' dir='ltr'><strong>einzufuln·e11,“</strong></span> <span class='ocrx_word' id='word_1_425' title='bbox 1431 1526 1538 1558; x_wconf 88' lang='lat' dir='ltr'><strong>comp.</strong></span> <span class='ocrx_word' id='word_1_426' title='bbox 1562 1514 1605 1546; x_wconf 91' lang='lat' dir='ltr'><strong>ad</strong></span> 
     </span>
     <span class='ocr_line' id='line_1_64' title="bbox 841 1556 1605 1596; baseline 0.004 -8"><span class='ocrx_word' id='word_1_427' title='bbox 841 1561 908 1588; x_wconf 63' lang='grc' dir='ltr'><strong>Λα.</strong></span> <span class='ocrx_word' id='word_1_428' title='bbox 935 1558 1028 1589; x_wconf 85' lang='grc' dir='ltr'>ΧΙΠ.</span> <span class='ocrx_word' id='word_1_429' title='bbox 1057 1558 1115 1596; x_wconf 70' lang='lat'><strong>19,</strong></span> <span class='ocrx_word' id='word_1_430' title='bbox 1142 1556 1183 1590; x_wconf 67' lang='lat'><strong>4:</strong></span> <span class='ocrx_word' id='word_1_431' title='bbox 1221 1560 1327 1592; x_wconf 81' lang='lat' dir='ltr'><strong>Puero</strong></span> <span class='ocrx_word' id='word_1_432' title='bbox 1352 1571 1403 1591; x_wconf 91' lang='lat' dir='ltr'><strong>me</strong></span> <span class='ocrx_word' id='word_1_433' title='bbox 1427 1560 1481 1592; x_wconf 86' lang='lat' dir='ltr'><strong>hic</strong></span> <span class='ocrx_word' id='word_1_434' title='bbox 1504 1570 1605 1592; x_wconf 84' lang='lat' dir='ltr'><strong>sermo</strong></span> 
     </span>
     <span class='ocr_line' id='line_1_65' title="bbox 840 1603 1604 1647; baseline 0.001 -13"><span class='ocrx_word' id='word_1_435' title='bbox 840 1605 1019 1642; x_wconf 74' lang='lat' dir='ltr'><strong>inducitur,</strong></span> <span class='ocrx_word' id='word_1_436' title='bbox 1046 1609 1080 1633; x_wconf 81' lang='lat' dir='ltr'><strong>nt</strong></span> <span class='ocrx_word' id='word_1_437' title='bbox 1104 1603 1213 1634; x_wconf 74' lang='lat' dir='ltr'><strong>nullae</strong></span> <span class='ocrx_word' id='word_1_438' title='bbox 1239 1616 1307 1635; x_wconf 83' lang='lat' dir='ltr'><strong>esse</strong></span> <span class='ocrx_word' id='word_1_439' title='bbox 1332 1612 1468 1646; x_wconf 82' lang='lat' dir='ltr'><strong>possent</strong></span> <span class='ocrx_word' id='word_1_440' title='bbox 1493 1613 1604 1647; x_wconf 78' lang='lat' dir='ltr'><strong>partes</strong></span> 
     </span>
     <span class='ocr_line' id='line_1_66' title="bbox 839 1647 1602 1691; baseline 0.005 -13"><span class='ocrx_word' id='word_1_441' title='bbox 839 1659 941 1679; x_wconf 86' lang='lat' dir='ltr'><strong>meae.</strong></span> <span class='ocrx_word' id='word_1_442' title='bbox 992 1647 1093 1678; x_wconf 79' lang='lat' dir='ltr'><strong>Addit</strong></span> <span class='ocrx_word' id='word_1_443' title='bbox 1115 1651 1246 1681; x_wconf 78' lang='lat' dir='ltr'><strong>Orellius</strong></span> <span class='ocrx_word' id='word_1_444' title='bbox 1266 1661 1325 1691; x_wconf 86' lang='lat' dir='ltr'><strong>pro</strong></span> <span class='ocrx_word' id='word_1_445' title='bbox 1343 1652 1450 1682; x_wconf 91' lang='lat' dir='ltr'><strong>Domo</strong></span> <span class='ocrx_word' id='word_1_446' title='bbox 1470 1650 1523 1687; x_wconf 71' lang='lat'><strong>34,</strong></span> <span class='ocrx_word' id='word_1_447' title='bbox 1541 1651 1602 1682; x_wconf 62' lang='lat'><strong>92:</strong></span> 
     </span>
     <span class='ocr_line' id='line_1_67' title="bbox 838 1692 1604 1727; baseline 0.003 -3"><span class='ocrx_word' id='word_1_448' title='bbox 838 1693 940 1724; x_wconf 90' lang='lat' dir='ltr'><strong>homo</strong></span> <span class='ocrx_word' id='word_1_449' title='bbox 962 1692 1086 1724; x_wconf 83' lang='lat' dir='ltr'><strong>facetus</strong></span> <span class='ocrx_word' id='word_1_450' title='bbox 1102 1696 1225 1725; x_wconf 81' lang='lat' dir='ltr'><strong>inducis</strong></span> <span class='ocrx_word' id='word_1_451' title='bbox 1240 1694 1338 1725; x_wconf 85' lang='lat' dir='ltr'><strong>etiarn</strong></span> <span class='ocrx_word' id='word_1_452' title='bbox 1352 1705 1521 1727; x_wconf 82' lang='lat' dir='ltr'><strong>sermonem</strong></span> <span class='ocrx_word' id='word_1_453' title='bbox 1547 1707 1604 1726; x_wconf 84' lang='lat' dir='ltr'><strong>ur-</strong></span> 
     </span>
     <span class='ocr_line' id='line_1_68' title="bbox 839 1737 1604 1775; baseline 0.004 -6"><span class='ocrx_word' id='word_1_454' title='bbox 839 1737 960 1769; x_wconf 81' lang='lat' dir='ltr'><strong>banum</strong></span> <span class='ocrx_word' id='word_1_455' title='bbox 994 1750 1031 1768; x_wconf 76' lang='lat' dir='ltr'><strong>ac</strong></span> <span class='ocrx_word' id='word_1_456' title='bbox 1058 1745 1250 1775; x_wconf 77' lang='lat' dir='ltr'><strong>venustum3</strong></span> <span class='ocrx_word' id='word_1_457' title='bbox 1288 1740 1347 1771; x_wconf 87' lang='lat' dir='ltr'><strong>sed</strong></span> <span class='ocrx_word' id='word_1_458' title='bbox 1380 1741 1467 1771; x_wconf 89' lang='lat' dir='ltr'><strong>idem</strong></span> <span class='ocrx_word' id='word_1_459' title='bbox 1497 1742 1535 1771; x_wconf 94' lang='lat' dir='ltr'><strong>V.</strong></span> <span class='ocrx_word' id='word_1_460' title='bbox 1566 1742 1604 1773; x_wconf 89' lang='lat' dir='ltr'><strong>D.</strong></span> 
     </span>
     <span class='ocr_line' id='line_1_69' title="bbox 840 1782 1604 1826; baseline 0.005 -13"><span class='ocrx_word' id='word_1_461' title='bbox 840 1782 909 1813; x_wconf 82' lang='lat' dir='ltr'><strong>iure</strong></span> <span class='ocrx_word' id='word_1_462' title='bbox 934 1782 1084 1820; x_wconf 79' lang='lat' dir='ltr'><strong>dubitat,</strong></span> <span class='ocrx_word' id='word_1_463' title='bbox 1125 1795 1202 1814; x_wconf 88' lang='lat' dir='ltr'><strong>num</strong></span> <span class='ocrx_word' id='word_1_464' title='bbox 1228 1796 1368 1826; x_wconf 87' lang='lat' dir='ltr'><strong>unquam</strong></span> <span class='ocrx_word' id='word_1_465' title='bbox 1395 1785 1510 1816; x_wconf 87' lang='lat' dir='ltr'><strong>Cicero</strong></span> <span class='ocrx_word' id='word_1_466' title='bbox 1535 1796 1604 1817; x_wconf 81' lang='lat' dir='ltr'><strong>ser·</strong></span> 
     </span>
     <span class='ocr_line' id='line_1_70' title="bbox 840 1830 1604 1872; baseline 0.005 -15"><span class='ocrx_word' id='word_1_467' title='bbox 840 1837 959 1858; x_wconf 81' lang='lat' dir='ltr'><strong>monem</strong></span> <span class='ocrx_word' id='word_1_468' title='bbox 982 1830 1020 1858; x_wconf 87' lang='lat' dir='ltr'><strong>ab</strong></span> <span class='ocrx_word' id='word_1_469' title='bbox 1045 1830 1171 1859; x_wconf 68' lang='lat' dir='ltr'><strong>exordio</strong></span> <span class='ocrx_word' id='word_1_470' title='bbox 1196 1832 1252 1859; x_wconf 81' lang='lat' dir='ltr'><strong>tali</strong></span> <span class='ocrx_word' id='word_1_471' title='bbox 1281 1832 1426 1861; x_wconf 77' lang='lat' dir='ltr'><strong>inducere</strong></span> <span class='ocrx_word' id='word_1_472' title='bbox 1451 1841 1510 1872; x_wconf 80' lang='lat' dir='ltr'><strong>pro</strong></span> <span class='ocrx_word' id='word_1_473' title='bbox 1535 1840 1604 1861; x_wconf 85' lang='lat' dir='ltr'><strong>ser—</strong></span> 
     </span>
     <span class='ocr_line' id='line_1_71' title="bbox 839 1873 1603 1916; baseline 0.001 -14"><span class='ocrx_word' id='word_1_474' title='bbox 839 1882 959 1903; x_wconf 81' lang='lat' dir='ltr'><strong>monem</strong></span> <span class='ocrx_word' id='word_1_475' title='bbox 982 1874 1026 1903; x_wconf 85' lang='lat' dir='ltr'><strong>sic</strong></span> <span class='ocrx_word' id='word_1_476' title='bbox 1045 1874 1142 1903; x_wconf 80' lang='lat' dir='ltr'><strong>ordiri</strong></span> <span class='ocrx_word' id='word_1_477' title='bbox 1165 1873 1310 1904; x_wconf 74' lang='lat' dir='ltr'><strong>dicturus</strong></span> <span class='ocrx_word' id='word_1_478' title='bbox 1336 1874 1446 1907; x_wconf 81' lang='lat' dir='ltr'><strong>fuerit.</strong></span> <span class='ocrx_word' id='word_1_479' title='bbox 1489 1875 1603 1916; x_wconf 77' lang='lat' dir='ltr'><strong>Neque</strong></span> 
     </span>
     <span class='ocr_line' id='line_1_72' title="bbox 840 1916 1604 1951; baseline 0.005 -4"><span class='ocrx_word' id='word_1_480' title='bbox 840 1916 939 1947; x_wconf 80' lang='lat' dir='ltr'><strong>habet</strong></span> <span class='ocrx_word' id='word_1_481' title='bbox 954 1916 1079 1947; x_wconf 86' lang='lat' dir='ltr'><strong>locutio</strong></span> <span class='ocrx_word' id='word_1_482' title='bbox 1100 1927 1198 1948; x_wconf 82' lang='lat' dir='ltr'><strong>sermo</strong></span> <span class='ocrx_word' id='word_1_483' title='bbox 1218 1919 1341 1950; x_wconf 79' lang='lat' dir='ltr'><strong>ducitur</strong></span> <span class='ocrx_word' id='word_1_484' title='bbox 1360 1929 1379 1950; x_wconf 87' lang='grc' dir='ltr'><em>α</em></span> <span class='ocrx_word' id='word_1_485' title='bbox 1402 1922 1459 1950; x_wconf 75' lang='lat' dir='ltr'><strong>loli</strong></span> <span class='ocrx_word' id='word_1_486' title='bbox 1477 1921 1604 1951; x_wconf 68' lang='lat' dir='ltr'><strong>exordio</strong></span> 
     </span>
     <span class='ocr_line' id='line_1_73' title="bbox 841 1960 1603 2003; baseline 0.005 -12"><span class='ocrx_word' id='word_1_487' title='bbox 841 1972 910 1991; x_wconf 81' lang='lat' dir='ltr'><strong>earn</strong></span> <span class='ocrx_word' id='word_1_488' title='bbox 939 1960 1024 1998; x_wconf 82' lang='lat' dir='ltr'><strong>vim,</strong></span> <span class='ocrx_word' id='word_1_489' title='bbox 1064 1972 1159 2003; x_wconf 73' lang='lat' dir='ltr'><strong>quani</strong></span> <span class='ocrx_word' id='word_1_490' title='bbox 1184 1962 1216 1993; x_wconf 84' lang='lat' dir='ltr'><strong>in</strong></span> <span class='ocrx_word' id='word_1_491' title='bbox 1243 1974 1279 1994; x_wconf 81' lang='lat' dir='ltr'><strong>ea</strong></span> <span class='ocrx_word' id='word_1_492' title='bbox 1303 1963 1409 1994; x_wconf 81' lang='lat' dir='ltr'><strong>inesse</strong></span> <span class='ocrx_word' id='word_1_493' title='bbox 1435 1964 1504 1994; x_wconf 79' lang='lat' dir='ltr'><strong>vult</strong></span> <span class='ocrx_word' id='word_1_494' title='bbox 1528 1967 1603 1996; x_wconf 80' lang='lat' dir='ltr'><strong>Klo-</strong></span> 
     </span>
     <span class='ocr_line' id='line_1_74' title="bbox 838 2004 1604 2049; baseline 0.004 -12"><span class='ocrx_word' id='word_1_495' title='bbox 838 2008 928 2044; x_wconf 81' lang='lat' dir='ltr'><strong>tzius,</strong></span> <span class='ocrx_word' id='word_1_496' title='bbox 953 2004 1013 2035; x_wconf 79' lang='lat' dir='ltr'><strong>sed</strong></span> <span class='ocrx_word' id='word_1_497' title='bbox 1036 2006 1230 2048; x_wconf 77' lang='lat' dir='ltr'><strong>simpliciter</strong></span> <span class='ocrx_word' id='word_1_498' title='bbox 1244 2007 1406 2049; x_wconf 76' lang='lat' dir='ltr'><strong>significat</strong></span> <span class='ocrx_word' id='word_1_499' title='bbox 1423 2019 1521 2040; x_wconf 86' lang='lat' dir='ltr'><strong>sermo</strong></span> <span class='ocrx_word' id='word_1_500' title='bbox 1543 2011 1604 2040; x_wconf 72' lang='lat' dir='ltr'><strong>tale</strong></span> 
     </span>
     <span class='ocr_line' id='line_1_75' title="bbox 838 2052 1603 2090; baseline 0.003 -8"><span class='ocrx_word' id='word_1_501' title='bbox 838 2052 1001 2082; x_wconf 72' lang='lat' dir='ltr'><strong>exordium</strong></span> <span class='ocrx_word' id='word_1_502' title='bbox 1029 2054 1124 2090; x_wconf 75' lang='lat' dir='ltr'><strong>capit.</strong></span> <span class='ocrx_word' id='word_1_503' title='bbox 1173 2052 1280 2083; x_wconf 79' lang='lat' dir='ltr'><strong>Etiam</strong></span> <span class='ocrx_word' id='word_1_504' title='bbox 1314 2055 1448 2085; x_wconf 73' lang='lat' dir='ltr'><strong>ll&#39;esenb.</strong></span> <span class='ocrx_word' id='word_1_505' title='bbox 1484 2055 1553 2085; x_wconf 86' lang='lat' dir='ltr'><strong>Em.</strong></span> <span class='ocrx_word' id='word_1_506' title='bbox 1582 2055 1603 2084; x_wconf 78' lang='lat' dir='ltr'><strong>l.</strong></span> 
     </span>
     <span class='ocr_line' id='line_1_76' title="bbox 838 2095 1603 2140; baseline 0.005 -15"><span class='ocrx_word' id='word_1_507' title='bbox 838 2106 869 2137; x_wconf 91' lang='lat' dir='ltr'><strong>p.</strong></span> <span class='ocrx_word' id='word_1_508' title='bbox 892 2096 946 2127; x_wconf 67' lang='lat'><strong>32.</strong></span> <span class='ocrx_word' id='word_1_509' title='bbox 982 2095 1102 2136; x_wconf 84' lang='lat' dir='ltr'><strong>probat</strong></span> <span class='ocrx_word' id='word_1_510' title='bbox 1134 2098 1265 2137; x_wconf 71' lang='lat' dir='ltr'><strong>ductus,</strong></span> <span class='ocrx_word' id='word_1_511' title='bbox 1303 2109 1411 2140; x_wconf 88' lang='lat' dir='ltr'><strong>comp.</strong></span> <span class='ocrx_word' id='word_1_512' title='bbox 1439 2099 1528 2129; x_wconf 83' lang='lat' dir='ltr'><strong>Brut.</strong></span> <span class='ocrx_word' id='word_1_513' title='bbox 1548 2098 1603 2133; x_wconf 75' lang='lat'><strong>60,</strong></span> 
     </span>
     <span class='ocr_line' id='line_1_77' title="bbox 837 2140 1603 2186; baseline 0.004 -14"><span class='ocrx_word' id='word_1_514' title='bbox 837 2142 923 2172; x_wconf 63' lang='lat' dir='ltr'><strong>Zlo&#39;:</strong></span> <span class='ocrx_word' id='word_1_515' title='bbox 950 2140 1120 2183; x_wconf 87' lang='lat' dir='ltr'><strong>omnisque</strong></span> <span class='ocrx_word' id='word_1_516' title='bbox 1141 2141 1196 2172; x_wconf 86' lang='lat' dir='ltr'><strong>ille</strong></span> <span class='ocrx_word' id='word_1_517' title='bbox 1218 2153 1326 2173; x_wconf 84' lang='lat' dir='ltr'><strong>sermo</strong></span> <span class='ocrx_word' id='word_1_518' title='bbox 1351 2145 1462 2175; x_wconf 78' lang='lat' dir='ltr'><strong>ductus</strong></span> <span class='ocrx_word' id='word_1_519' title='bbox 1485 2155 1503 2174; x_wconf 91' lang='lat' dir='ltr'><strong>e</strong></span> <span class='ocrx_word' id='word_1_520' title='bbox 1525 2155 1603 2186; x_wconf 89' lang='lat' dir='ltr'><strong>per-</strong></span> 
     </span>
     <span class='ocr_line' id='line_1_78' title="bbox 840 2184 1604 2228; baseline 0.007 -13"><span class='ocrx_word' id='word_1_521' title='bbox 840 2184 1031 2216; x_wconf 87' lang='lat' dir='ltr'><strong>contatione</strong></span> <span class='ocrx_word' id='word_1_522' title='bbox 1053 2185 1119 2218; x_wconf 82' lang='lat' dir='ltr'><strong>filii.</strong></span> <span class='ocrx_word' id='word_1_523' title='bbox 1145 2204 1189 2210; x_wconf 88' lang='lat'><strong>·—</strong></span> <span class='ocrx_word' id='word_1_524' title='bbox 1230 2190 1253 2219; x_wconf 88' lang='lat' dir='ltr'><strong><em>A</em></strong></span> <span class='ocrx_word' id='word_1_525' title='bbox 1274 2190 1330 2219; x_wconf 77' lang='lat' dir='ltr'><strong>tali</strong></span> <span class='ocrx_word' id='word_1_526' title='bbox 1353 2190 1491 2228; x_wconf 76' lang='lat' dir='ltr'><strong>quodam</strong></span> <span class='ocrx_word' id='word_1_527' title='bbox 1515 2198 1604 2220; x_wconf 72' lang='lat' dir='ltr'><strong>exor-</strong></span> 
     </span>
     <span class='ocr_line' id='line_1_79' title="bbox 838 2230 1604 2273; baseline 0.003 -11"><span class='ocrx_word' id='word_1_528' title='bbox 838 2232 890 2262; x_wconf 84' lang='lat' dir='ltr'><strong>dio</strong></span> <span class='ocrx_word' id='word_1_529' title='bbox 906 2236 956 2261; x_wconf 86' lang='lat' dir='ltr'><strong>est</strong></span> <span class='ocrx_word' id='word_1_530' title='bbox 979 2241 997 2260; x_wconf 89' lang='lat' dir='ltr'><strong>a</strong></span> <span class='ocrx_word' id='word_1_531' title='bbox 1020 2230 1077 2261; x_wconf 84' lang='lat' dir='ltr'><strong>tali</strong></span> <span class='ocrx_word' id='word_1_532' title='bbox 1097 2233 1160 2271; x_wconf 79' lang='lat' dir='ltr'><strong>fere</strong></span> <span class='ocrx_word' id='word_1_533' title='bbox 1177 2232 1325 2263; x_wconf 83' lang='lat' dir='ltr'><strong>exordio.</strong></span> <span class='ocrx_word' id='word_1_534' title='bbox 1366 2235 1492 2273; x_wconf 79' lang='lat' dir='ltr'><strong>Wolfius</strong></span> <span class='ocrx_word' id='word_1_535' title='bbox 1509 2244 1604 2264; x_wconf 89' lang='lat' dir='ltr'><strong>com-</strong></span> 
     </span>
     <span class='ocr_line' id='line_1_80' title="bbox 838 2275 1419 2318; baseline 0.009 -13"><span class='ocrx_word' id='word_1_536' title='bbox 838 2281 934 2318; x_wconf 86' lang='lat' dir='ltr'><strong>parat</strong></span> <span class='ocrx_word' id='word_1_537' title='bbox 959 2275 1161 2307; x_wconf 85' lang='lat' dir='ltr'><strong>Graecorum</strong></span> <span class='ocrx_word' id='word_1_538' title='bbox 1184 2275 1337 2313; x_wconf 68' lang='grc' dir='ltr'><strong>τοιοῦτός</strong></span> <span class='ocrx_word' id='word_1_539' title='bbox 1360 2288 1419 2313; x_wconf 84' lang='grc' dir='ltr'><strong>τις-</strong></span> 
     </span>
    </p>

    <p class='ocr_par' dir='ltr' id='par_1_23' title="bbox 837 2321 1604 2991">
     <span class='ocr_line' id='line_1_81' title="bbox 905 2321 1600 2361; baseline 0.004 -11"><span class='ocrx_word' id='word_1_540' title='bbox 905 2330 1001 2359; x_wconf 81' lang='lat' dir='ltr'><strong>quam</strong></span> <span class='ocrx_word' id='word_1_541' title='bbox 1023 2323 1082 2351; x_wconf 87' lang='lat' dir='ltr'><strong>sim</strong></span> <span class='ocrx_word' id='word_1_542' title='bbox 1107 2340 1148 2344; x_wconf 94' lang='lat'><strong>--</strong></span> <span class='ocrx_word' id='word_1_543' title='bbox 1173 2323 1354 2361; x_wconf 76' lang='lat' dir='ltr'><strong>delectatus]</strong></span> <span class='ocrx_word' id='word_1_544' title='bbox 1384 2321 1471 2351; x_wconf 83' lang='lat' dir='ltr'><strong>Infra</strong></span> <span class='ocrx_word' id='word_1_545' title='bbox 1498 2333 1524 2352; x_wconf 91' lang='lat' dir='ltr'><strong>c.</strong></span> <span class='ocrx_word' id='word_1_546' title='bbox 1554 2322 1600 2359; x_wconf 75' lang='lat'><strong>12,</strong></span> 
     </span>
     <span class='ocr_line' id='line_1_82' title="bbox 837 2364 1602 2406; baseline 0.004 -12"><span class='ocrx_word' id='word_1_547' title='bbox 837 2364 900 2397; x_wconf 57' lang='lat'><strong>25:</strong></span> <span class='ocrx_word' id='word_1_548' title='bbox 926 2364 1098 2406; x_wconf 77' lang='lat' dir='ltr'><strong>intelliges,</strong></span> <span class='ocrx_word' id='word_1_549' title='bbox 1123 2376 1218 2405; x_wconf 81' lang='lat' dir='ltr'><strong>qnam</strong></span> <span class='ocrx_word' id='word_1_550' title='bbox 1239 2368 1279 2396; x_wconf 75' lang='lat' dir='ltr'><strong>sit</strong></span> <span class='ocrx_word' id='word_1_551' title='bbox 1292 2365 1518 2397; x_wconf 78' lang='lat' dir='ltr'><strong>obsistendum</strong></span> <span class='ocrx_word' id='word_1_552' title='bbox 1537 2366 1602 2397; x_wconf 88' lang='lat' dir='ltr'><strong>do—</strong></span> 
     </span>
     <span class='ocr_line' id='line_1_83' title="bbox 838 2408 1604 2451; baseline 0.005 -12"><span class='ocrx_word' id='word_1_553' title='bbox 838 2408 912 2441; x_wconf 87' lang='lat' dir='ltr'><strong>lori.</strong></span> <span class='ocrx_word' id='word_1_554' title='bbox 960 2410 1000 2440; x_wconf 94' lang='lat' dir='ltr'><strong>V.</strong></span> <span class='ocrx_word' id='word_1_555' title='bbox 1031 2411 1082 2449; x_wconf 70' lang='lat'><strong>12,</strong></span> <span class='ocrx_word' id='word_1_556' title='bbox 1104 2410 1166 2441; x_wconf 65' lang='lat'><strong>35:</strong></span> <span class='ocrx_word' id='word_1_557' title='bbox 1193 2421 1290 2451; x_wconf 87' lang='lat' dir='ltr'><strong>quum</strong></span> <span class='ocrx_word' id='word_1_558' title='bbox 1311 2410 1480 2451; x_wconf 81' lang='lat' dir='ltr'><strong>ignorem,</strong></span> <span class='ocrx_word' id='word_1_559' title='bbox 1507 2422 1604 2451; x_wconf 84' lang='lat' dir='ltr'><strong>quam</strong></span> 
     </span>
     <span class='ocr_line' id='line_1_84' title="bbox 839 2453 1603 2494; baseline 0.004 -9"><span class='ocrx_word' id='word_1_560' title='bbox 839 2456 878 2485; x_wconf 76' lang='lat' dir='ltr'><strong>sit</strong></span> <span class='ocrx_word' id='word_1_561' title='bbox 902 2453 1037 2489; x_wconf 78' lang='lat' dir='ltr'><strong>doctus,</strong></span> <span class='ocrx_word' id='word_1_562' title='bbox 1075 2465 1169 2494; x_wconf 85' lang='lat' dir='ltr'><strong>quam</strong></span> <span class='ocrx_word' id='word_1_563' title='bbox 1194 2454 1244 2484; x_wconf 82' lang='lat' dir='ltr'><strong>vir</strong></span> <span class='ocrx_word' id='word_1_564' title='bbox 1272 2454 1388 2486; x_wconf 84' lang='lat' dir='ltr'><strong>bonus.</strong></span> <span class='ocrx_word' id='word_1_565' title='bbox 1437 2456 1529 2487; x_wconf 84' lang='lat' dir='ltr'><strong>Haec</strong></span> <span class='ocrx_word' id='word_1_566' title='bbox 1552 2463 1603 2488; x_wconf 87' lang='lat' dir='ltr'><strong>est</strong></span> 
     </span>
     <span class='ocr_line' id='line_1_85' title="bbox 839 2497 1602 2539; baseline 0.007 -12"><span class='ocrx_word' id='word_1_567' title='bbox 839 2497 983 2539; x_wconf 80' lang='lat' dir='ltr'><strong>legitima</strong></span> <span class='ocrx_word' id='word_1_568' title='bbox 1006 2498 1094 2539; x_wconf 86' lang='lat' dir='ltr'><strong>apud</strong></span> <span class='ocrx_word' id='word_1_569' title='bbox 1107 2497 1298 2530; x_wconf 84' lang='lat' dir='ltr'><strong>Ciceronem</strong></span> <span class='ocrx_word' id='word_1_570' title='bbox 1321 2499 1497 2531; x_wconf 78' lang='lat' dir='ltr'><strong>collocatio</strong></span> <span class='ocrx_word' id='word_1_571' title='bbox 1517 2512 1602 2532; x_wconf 87' lang='lat' dir='ltr'><strong>con-</strong></span> 
     </span>
     <span class='ocr_line' id='line_1_86' title="bbox 839 2541 1602 2584; baseline 0.008 -13"><span class='ocrx_word' id='word_1_572' title='bbox 839 2541 976 2572; x_wconf 89' lang='lat' dir='ltr'><strong>iunctivi</strong></span> <span class='ocrx_word' id='word_1_573' title='bbox 997 2543 1176 2584; x_wconf 79' lang='lat' dir='ltr'><strong>praesentis</strong></span> <span class='ocrx_word' id='word_1_574' title='bbox 1198 2543 1291 2575; x_wconf 84' lang='lat' dir='ltr'><strong>verbi</strong></span> <span class='ocrx_word' id='word_1_575' title='bbox 1313 2554 1375 2576; x_wconf 86' lang='lat' dir='ltr'><strong>esse</strong></span> <span class='ocrx_word' id='word_1_576' title='bbox 1395 2544 1428 2576; x_wconf 88' lang='lat' dir='ltr'><strong>in</strong></span> <span class='ocrx_word' id='word_1_577' title='bbox 1451 2546 1602 2577; x_wconf 81' lang='lat' dir='ltr'><strong>oratione</strong></span> 
     </span>
     <span class='ocr_line' id='line_1_87' title="bbox 839 2585 1601 2629; baseline 0.008 -12"><span class='ocrx_word' id='word_1_578' title='bbox 839 2585 970 2628; x_wconf 88' lang='lat' dir='ltr'><strong>obliqua</strong></span> <span class='ocrx_word' id='word_1_579' title='bbox 993 2593 1069 2628; x_wconf 77' lang='lat' dir='ltr'><strong>post</strong></span> <span class='ocrx_word' id='word_1_580' title='bbox 1094 2588 1286 2629; x_wconf 85' lang='lat' dir='ltr'><strong>particulam</strong></span> <span class='ocrx_word' id='word_1_581' title='bbox 1308 2599 1415 2629; x_wconf 85' lang='lat' dir='ltr'><strong>quam.</strong></span> <span class='ocrx_word' id='word_1_582' title='bbox 1461 2592 1500 2621; x_wconf 71' lang='lat' dir='ltr'><strong>V.</strong></span> <span class='ocrx_word' id='word_1_583' title='bbox 1527 2593 1601 2623; x_wconf 72' lang='lat' dir='ltr'><strong>Sm-</strong></span> 
     </span>
     <span class='ocr_line' id='line_1_88' title="bbox 837 2631 1601 2677; baseline 0.008 -16"><span class='ocrx_word' id='word_1_584' title='bbox 837 2633 980 2671; x_wconf 73' lang='lat' dir='ltr'><strong>renbury.</strong></span> <span class='ocrx_word' id='word_1_585' title='bbox 1006 2631 1049 2662; x_wconf 86' lang='lat' dir='ltr'><strong>ad</strong></span> <span class='ocrx_word' id='word_1_586' title='bbox 1082 2643 1131 2664; x_wconf 86' lang='lat' dir='ltr'><strong>or.</strong></span> <span class='ocrx_word' id='word_1_587' title='bbox 1163 2644 1223 2675; x_wconf 85' lang='lat' dir='ltr'><strong>pro</strong></span> <span class='ocrx_word' id='word_1_588' title='bbox 1249 2634 1367 2666; x_wconf 85' lang='lat' dir='ltr'><strong>Archia</strong></span> <span class='ocrx_word' id='word_1_589' title='bbox 1404 2647 1436 2677; x_wconf 92' lang='lat' dir='ltr'><strong>p.</strong></span> <span class='ocrx_word' id='word_1_590' title='bbox 1453 2638 1507 2667; x_wconf 67' lang='lat'><strong>¹21.</strong></span> <span class='ocrx_word' id='word_1_591' title='bbox 1558 2639 1601 2667; x_wconf 82' lang='lat' dir='ltr'><strong>At</strong></span> 
     </span>
     <span class='ocr_line' id='line_1_89' title="bbox 837 2674 1599 2722; baseline 0.007 -18"><span class='ocrx_word' id='word_1_592' title='bbox 837 2675 924 2705; x_wconf 75' lang='lat' dir='ltr'><strong>infra</strong></span> <span class='ocrx_word' id='word_1_593' title='bbox 947 2676 999 2706; x_wconf 86' lang='lat' dir='ltr'><strong>tV.</strong></span> <span class='ocrx_word' id='word_1_594' title='bbox 1021 2675 1052 2714; x_wconf 88' lang='lat'><strong>7,</strong></span> <span class='ocrx_word' id='word_1_595' title='bbox 1072 2674 1132 2709; x_wconf 69' lang='lat'><strong>14:</strong></span> <span class='ocrx_word' id='word_1_596' title='bbox 1157 2688 1253 2718; x_wconf 84' lang='lat' dir='ltr'><strong>quam</strong></span> <span class='ocrx_word' id='word_1_597' title='bbox 1274 2679 1306 2710; x_wconf 91' lang='lat' dir='ltr'><strong>in</strong></span> <span class='ocrx_word' id='word_1_598' title='bbox 1322 2686 1434 2711; x_wconf 81' lang='lat' dir='ltr'><strong>nostra</strong></span> <span class='ocrx_word' id='word_1_599' title='bbox 1455 2683 1514 2711; x_wconf 79' lang='lat' dir='ltr'><strong>sin!</strong></span> <span class='ocrx_word' id='word_1_600' title='bbox 1536 2693 1599 2722; x_wconf 77' lang='lat' dir='ltr'><strong>po-</strong></span> 
     </span>
     <span class='ocr_line' id='line_1_90' title="bbox 838 2723 1598 2768; baseline 0.007 -18"><span class='ocrx_word' id='word_1_601' title='bbox 838 2726 960 2751; x_wconf 87' lang='lat' dir='ltr'><strong>testate</strong></span> <span class='ocrx_word' id='word_1_602' title='bbox 982 2731 1061 2762; x_wconf 86' lang='lat' dir='ltr'><strong>pro:</strong></span> <span class='ocrx_word' id='word_1_603' title='bbox 1096 2734 1191 2764; x_wconf 86' lang='lat' dir='ltr'><strong>qnam</strong></span> <span class='ocrx_word' id='word_1_604' title='bbox 1215 2723 1282 2754; x_wconf 88' lang='lat' dir='ltr'><strong>sint</strong></span> <span class='ocrx_word' id='word_1_605' title='bbox 1311 2723 1345 2755; x_wconf 84' lang='lat' dir='ltr'><strong>in</strong></span> <span class='ocrx_word' id='word_1_606' title='bbox 1376 2732 1488 2756; x_wconf 82' lang='lat' dir='ltr'><strong>nostra</strong></span> <span class='ocrx_word' id='word_1_607' title='bbox 1517 2733 1598 2768; x_wconf 54' lang='grc' dir='ltr'><strong>μοι,</strong></span> 
     </span>
     <span class='ocr_line' id='line_1_91' title="bbox 840 2765 1599 2807; baseline 0.008 -13"><span class='ocrx_word' id='word_1_608' title='bbox 840 2775 904 2806; x_wconf 89' lang='lat' dir='ltr'><strong>quo</strong></span> <span class='ocrx_word' id='word_1_609' title='bbox 926 2765 1026 2807; x_wconf 83' lang='lat' dir='ltr'><strong>magis</strong></span> <span class='ocrx_word' id='word_1_610' title='bbox 1045 2771 1149 2798; x_wconf 79' lang='lat' dir='ltr'><strong>noslra</strong></span> <span class='ocrx_word' id='word_1_611' title='bbox 1172 2768 1337 2800; x_wconf 78' lang='lat' dir='ltr'><strong>efferatur.</strong></span> <span class='ocrx_word' id='word_1_612' title='bbox 1374 2769 1507 2801; x_wconf 81' lang='lat' dir='ltr'><strong>Scilicet</strong></span> <span class='ocrx_word' id='word_1_613' title='bbox 1528 2781 1599 2800; x_wconf 77' lang='lat' dir='ltr'><strong>vcr-</strong></span> 
     </span>
     <span class='ocr_line' id='line_1_92' title="bbox 839 2808 1597 2856; baseline 0.005 -17"><span class='ocrx_word' id='word_1_614' title='bbox 839 2808 914 2840; x_wconf 88' lang='lat' dir='ltr'><strong>bum</strong></span> <span class='ocrx_word' id='word_1_615' title='bbox 944 2810 1098 2842; x_wconf 81' lang='lat' dir='ltr'><strong>auxiliare</strong></span> <span class='ocrx_word' id='word_1_616' title='bbox 1133 2822 1213 2852; x_wconf 84' lang='lat' dir='ltr'><strong>esse,</strong></span> <span class='ocrx_word' id='word_1_617' title='bbox 1251 2825 1349 2855; x_wconf 87' lang='lat' dir='ltr'><strong>quum</strong></span> <span class='ocrx_word' id='word_1_618' title='bbox 1382 2814 1487 2856; x_wconf 87' lang='lat' dir='ltr'><strong>ipsum</strong></span> <span class='ocrx_word' id='word_1_619' title='bbox 1516 2825 1597 2844; x_wconf 83' lang='lat' dir='ltr'><strong>sono</strong></span> 
     </span>
     <span class='ocr_line' id='line_1_93' title="bbox 839 2855 1597 2900; baseline 0.007 -16"><span class='ocrx_word' id='word_1_620' title='bbox 839 2861 966 2894; x_wconf 83' lang='lat' dir='ltr'><strong>careat,</strong></span> <span class='ocrx_word' id='word_1_621' title='bbox 1003 2855 1031 2886; x_wconf 90' lang='lat' dir='ltr'><strong>ei</strong></span> <span class='ocrx_word' id='word_1_622' title='bbox 1057 2857 1217 2889; x_wconf 81' lang='lat' dir='ltr'><strong>vocabulo</strong></span> <span class='ocrx_word' id='word_1_623' title='bbox 1239 2858 1354 2890; x_wconf 86' lang='lat' dir='ltr'><strong>subiici</strong></span> <span class='ocrx_word' id='word_1_624' title='bbox 1377 2859 1481 2894; x_wconf 80' lang='lat' dir='ltr'><strong>solet,</strong></span> <span class='ocrx_word' id='word_1_625' title='bbox 1508 2857 1597 2900; x_wconf 80' lang='lat' dir='ltr'><strong>quod</strong></span> 
     </span>
     <span class='ocr_line' id='line_1_94' title="bbox 837 2900 1597 2945; baseline 0.005 -15"><span class='ocrx_word' id='word_1_626' title='bbox 837 2910 920 2931; x_wconf 92' lang='lat' dir='ltr'><strong>sono</strong></span> <span class='ocrx_word' id='word_1_627' title='bbox 941 2900 1124 2933; x_wconf 85' lang='lat' dir='ltr'><strong>acuendum</strong></span> <span class='ocrx_word' id='word_1_628' title='bbox 1151 2902 1418 2945; x_wconf 84' lang='lat' dir='ltr'><strong>efferendnmque</strong></span> <span class='ocrx_word' id='word_1_629' title='bbox 1439 2908 1499 2933; x_wconf 83' lang='lat' dir='ltr'><strong>est.</strong></span> <span class='ocrx_word' id='word_1_630' title='bbox 1545 2902 1597 2934; x_wconf 77' lang='lat' dir='ltr'><strong>Cf.</strong></span> 
     </span>
     <span class='ocr_line' id='line_1_95' title="bbox 837 2943 1597 2991; baseline 0.005 -15"><span class='ocrx_word' id='word_1_631' title='bbox 837 2955 898 2976; x_wconf 87' lang='lat' dir='ltr'><strong>nos</strong></span> <span class='ocrx_word' id='word_1_632' title='bbox 917 2943 951 2977; x_wconf 88' lang='lat' dir='ltr'><strong>in</strong></span> <span class='ocrx_word' id='word_1_633' title='bbox 975 2946 1031 2977; x_wconf 90' lang='lat' dir='ltr'><strong>Gr.</strong></span> <span class='ocrx_word' id='word_1_634' title='bbox 1045 2946 1083 2979; x_wconf 88' lang='lat' dir='ltr'><strong>L.</strong></span> <span class='ocrx_word' id='word_1_635' title='bbox 1111 2947 1225 2991; x_wconf 55' lang='lat'><strong>§.162</strong></span> <span class='ocrx_word' id='word_1_636' title='bbox 1249 2946 1371 2980; x_wconf 57' lang='lat' dir='ltr'><strong>Non-1.</strong></span> <span class='ocrx_word' id='word_1_637' title='bbox 1413 2946 1508 2978; x_wconf 84' lang='lat' dir='ltr'><strong>Adde</strong></span> <span class='ocrx_word' id='word_1_638' title='bbox 1521 2948 1597 2980; x_wconf 88' lang='lat' dir='ltr'><strong>Klo-</strong></span> 
     </span>
    </p>
   </div>
  </div>
 </body>
</html>
