1832 3137
1527 91 1610 136 233

51 182 145 231 dus,
178 179 292 221 simul
318 193 364 221 ac
388 179 530 221 viderit
557 179 706 221 hostem
722 213 733 232 ,
767 180 919 222 abiecto
942 188 1053 222 scuto
1078 180 1223 236 fugiat,
1257 187 1440 236 quantum
1466 182 1605 237 possit,

49 254 97 295 ob
115 267 278 308 eamque
292 255 308 280 1
330 267 507 294 caussam
526 261 674 308 pereat,
695 268 970 308 nonnunquam
989 255 1104 295 etiam
1121 255 1274 310 integro
1293 269 1473 310 corpore,
1492 270 1609 310 quum

592 102 761 135 LIBER
785 103 826 135 11.
852 99 917 144 23,
941 100 996 136 54.
1019 102 1072 135 55.

923 327 1002 378 sic,
1043 329 1105 382 qui
1131 329 1276 369 doloris
1307 328 1476 384 speciem
1503 330 1607 370 ferre

1544 403 1609 457 qui

1252 474 1355 517 Sunt
1371 476 1471 516 enim
1490 490 1608 530 quae-

48 327 107 377 ei,
151 328 214 380 qui
238 326 412 378 steterit,
456 326 550 367 nihil
577 327 652 367 tale
681 327 878 368 evenerit:

48 414 125 440 non
149 408 336 455 possunt,
379 399 566 440 abiiciunt
593 414 635 440 se
671 407 786 454 atque
810 400 862 440 ita
885 400 1014 440 afflicti
1038 408 1077 441 et
1110 402 1322 442 exanimati
1349 402 1501 455 iacent,

47 480 175 513 autem
191 473 420 514 restiterunt
433 475 472 524 ²,
492 474 694 514 discedunt
711 473 941 527 saepissime
960 476 1200 528 superiores.

47 546 133 586 dam
153 546 270 586 animi
290 546 562 587 similitudines
586 561 671 587 cum
694 559 875 601 corpore.

46 619 195 660 facilius
214 621 411 670 feruntur,
443 619 620 661 remissis
642 620 885 674 opprimunt3
918 619 1112 660 simillime
1131 621 1282 661 animus
1302 621 1518 663 intentione
1537 637 1608 664 sua

939 545 991 587 Ut
1016 561 1135 587 onera
1158 549 1353 589 contentis
1379 549 1607 604 corporibus

47 693 204 747 depellit
224 707 401 747 pressum
424 706 575 733 omnem
599 693 836 747 ponderum,
868 692 1101 733 remissione
1121 700 1247 733 autem
1270 694 1326 734 sic
1349 702 1533 749 urgetur,
1566 704 1610 736 ut

575 772 644 806 55.
680 765 733 806 Et
755 765 789 806 si
811 779 948 806 verum
977 768 1223 820 quaerimus,
1258 767 1297 806 in
1321 768 1499 808 omnibus
1526 770 1607 808 offi-

1200 838 1260 880 Ea
1293 847 1353 880 est
1381 841 1464 880 sola
1494 841 1609 881 officii

44 779 86 806 se
111 773 278 818 nequeat
304 766 512 806 extollere.

44 838 114 879 ciis
138 839 417 893 persequendis
441 839 557 879 animi
591 846 650 880 est
676 839 892 880 adhihenda
921 841 1137 880 contentio.

45 919 225 966 tanquam
247 912 437 953 custodia.
502 910 582 953 Sed
604 912 676 952 hoc
700 913 852 966 quidem
869 915 886 939 3
911 913 950 953 in
973 913 1107 953 dolore
1130 914 1299 954 maxime
1319 921 1381 954 est
1400 913 1609 969 providen-

45 986 131 1026 dum
148 1018 158 1037 ,
193 1000 242 1026 ne
269 985 356 1039 quid
381 985 552 1036 abiecte,
587 999 635 1025 ne
655 985 744 1040 quid
769 985 924 1036 timide,
959 1000 1007 1026 ne
1030 986 1119 1040 quid
1142 986 1307 1041 ignave,
1342 1000 1391 1028 ne
1415 987 1504 1041 quid
1522 1001 1607 1028 ser-

45 1059 175 1099 viliter
208 1059 498 1099 muliebriterve
536 1059 744 1109 faciamus,
788 1059 827 1098 in
864 1059 1074 1113 primisque
1109 1061 1302 1101 refutetur
1332 1075 1376 1100 ac
1409 1061 1609 1101 reiiciatur

44 1131 309 1172 Philocteteus
325 1135 345 1159 4
370 1132 433 1171 ille
456 1132 615 1172 clamor.

47 1213 121 1256 est,
153 1205 267 1259 idque
290 1219 403 1256 raro3
439 1204 603 1247 eiulatus
624 1219 671 1244 nc
693 1205 844 1244 mulieri
870 1204 1040 1259 quidem.

679 1130 942 1185 Ingemiscere
969 1147 1243 1186 nonnunquam
1270 1133 1355 1173 viro
1377 1148 1609 1174 concessum

1102 1205 1154 1245 Et
1178 1206 1238 1246 hic
1258 1206 1438 1247 nimirum
1460 1215 1519 1248 est
1541 1208 1607 1248 sse-

136 1307 268 1338 XXIII.
320 1304 333 1337 1
362 1306 400 1337 R.
422 1306 458 1340 P.
482 1305 567 1338 Gud.
586 1305 614 1337 1.
635 1308 671 1337 ob
694 1316 829 1346 earnm,
824 1306 930 1338 ·hinc
954 1307 992 1337 D.
1016 1318 1033 1337 e
1059 1307 1143 1338 coni.
1168 1309 1315 1348 timidus,
1338 1310 1386 1349 si,
1410 1311 1543 1341 simulac
1565 1327 1608 1333 —-

44 1354 80 1383 ob
104 1362 173 1383 eum
194 1361 324 1383 causam
343 1361 399 1390 p;
423 1350 544 1393 Tregd.
564 1353 659 1390 possit
677 1355 705 1382 et
726 1353 761 1382 ob
783 1361 851 1382 eam
873 1362 899 1382 c.
915 1351 1044 1382 ·sacile
1067 1362 1125 1391 que
1145 1364 1203 1394 per
1223 1332 1453 1403 compendium
1473 1365 1510 1394 q·
1524 1353 1608 1385 scri-

42 1403 134 1440 ptum
160 1394 311 1427 excidere
335 1394 464 1437 potuit:
492 1395 562 1437 pali
587 1395 707 1434 modo,
737 1395 785 1427 uti
807 1395 962 1427 observat
982 1396 1039 1428 Kl.
1063 1396 1146 1427 Add.
1170 1408 1203 1439 p.
1230 1395 1303 1428 107.
1318 1400 1381 1442 ‚§.
1395 1398 1448 1429 55.
1469 1409 1526 1438 que
1548 1410 1608 1430 ex-

44 1441 125 1473 cidit
148 1440 180 1471 in
204 1439 369 1472 nonnullis
391 1439 610 1471 deterioribus
631 1439 729 1472 codd.
753 1440 786 1472 in
807 1440 915 1472 verbis
938 1443 970 1472 in
990 1443 1161 1481 primisque
1185 1443 1343 1482 refutetur.
1401 1441 1423 1474 2
1458 1443 1550 1475 Mon.
1579 1443 1609 1475 1.

45 1486 109 1518 duo
131 1487 211 1517 Oxx.
235 1491 267 1516 et
287 1484 413 1527 aliquot
431 1485 507 1516 edd.
521 1492 599 1516 v.ett
623 1488 804 1518 restiterint:
829 1485 947 1529 quod
938 1485 1054 1517 mimia
1078 1486 1198 1528 plobat
1220 1486 1325 1517 Bentl.
1372 1488 1411 1519 V.
1428 1487 1470 1518 ad
1484 1485 1540 1529 74,
1553 1486 1607 1519 58.

42 1530 64 1564 3
90 1531 144 1562 Sic
169 1532 222 1562 Or.
251 1542 276 1563 c.
303 1529 426 1561 omnib.
458 1530 534 1562 edd.
565 1537 647 1562 vett.
684 1533 830 1572 (praeter
852 1532 892 1562 D.
917 1529 963 1570 2.)
999 1537 1032 1561 et
1057 1531 1094 1568 Β.
1128 1543 1180 1574 ap.
1205 1532 1328 1574 Tregd.
1352 1533 1387 1564 P.
1410 1532 1608 1575 reliquisque

43 1583 175 1619 piaeter
199 1574 285 1607 Gud.
303 1574 332 1606 1.
359 1576 399 1606 II.
416 1574 447 1606 2.
467 1587 526 1618 sep
529 1581 553 1606 t.
579 1578 659 1607 Oxx.
674 1575 787 1607 Duisb.
811 1582 914 1619 q.uatt
935 1575 1014 1607 Pall.
1038 1582 1071 1607 et
1084 1576 1200 1615 Mmb„
1226 1577 1280 1619 qui
1304 1577 1428 1609 habent
1450 1579 1505 1610 hoc
1524 1580 1608 1610 idem

45 1628 164 1664 (neque
189 1619 285 1651 aliter
310 1620 348 1653 R.
373 1631 425 1662 ap.
451 1621 601 1662 Berge-n,
628 1632 658 1651 v.
675 1623 752 1652 Iies.
780 1622 806 1652 Ι.
811 1588 858 1663 q.p
869 1620 958 1662 210)
998 1620 1086 1664 quod
1110 1628 1305 1664 receperunt
1328 1623 1367 1654 D.
1382 1621 1414 1654 2.
1440 1622 1496 1653 Kl.
1520 1624 1606 1654 Mos.

44 1668 95 1698 De
116 1664 260 1697 confusis
281 1664 314 1695 in
339 1664 437 1696 codd.
462 1667 585 1705 quidem
609 1671 643 1696 et
666 1667 749 1697 idem
769 1677 800 1697 v.
826 1668 902 1698 W.es
924 1665 945 1697 l.
969 1665 1001 1697 d.
1050 1667 1072 1698 4
1095 1666 1149 1698 Sic
1172 1669 1227 1698 Or.
1254 1679 1280 1698 c.
1307 1668 1346 1699 R.
1375 1668 1441 1710 (ap.
1469 1667 1606 1709 T1·.egd)

42 1712 77 1742 P.
105 1718 136 1742 et
153 1709 321 1777 plerisque
347 1709 444 1741 codd.
467 1716 500 1741 et
524 1709 623 1748 edd;
648 1712 872 1743 Philoctetaeus
892 1710 981 1742 Gud.
998 1710 1026 1742 1.
1048 1711 1078 1743 2.
1102 1711 1245 1754 quinque
1269 1714 1348 1745 Oxx.
1373 1712 1476 1744 Rehd.
1492 1712 1605 1744 Dnisb.

40 1755 157 1787 Vind.·
156 1755 184 1786 ).
210 1761 242 1786 et
267 1766 390 1797 paucae
413 1754 488 1786 edd.
510 1761 591 1786 vett.
644 1766 661 1786 e
681 1767 765 1787 rece.
789 1755 874 1787 Lall.
895 1756 951 1789 W.
972 1756 1029 1787 Kl.
1052 1757 1134 1788 Mos.
1150 1781 1158 1797 ,
1194 1757 1316 1799 probat
1342 1758 1442 1789 Goer.
1467 1757 1510 1789 ad
1532 1757 1605 1789 Fin.

41 1802 82 1832 II.
103 1798 168 1842 29,
192 1797 246 1832 94.
272 1811 305 1842 p.
328 1796 404 1832 263.
455 1800 505 1831 Cf.
531 1799 787 1842 Φιλοκτηταῖος.

44 1879 142 1911 quum
177 1873 363 1899 constemus
399 1879 436 1899 ex
463 1867 573 1899 animo
599 1874 632 1898 et
652 1878 811 1918 Ucorpo1e.

44 1914 129 1945 Tum
150 1923 230 1944 vero
255 1912 487 1954 complectitur
511 1923 582 1943 eam
607 1912 706 1943 animi
730 1924 810 1954 par-

42 1964 122 1996 tem,
146 1968 228 1999 (piae
251 1957 319 1999 regi
343 1956 442 1988 debet
463 1957 592 1988 ratione
614 1956 665 1987 vel
688 1963 809 1996 mente,

45 2014 146 2055 quam
170 2002 288 2033 Graeci
314 2002 500 2044 exprimunt
533 2013 593 2044 per
623 2000 678 2034 τὸ)
704 2000 809 2044 Ξυμὸ)

44 2047 97 2078 vel
112 2045 149 2080 τὸ
166 2045 407 2089 ἐπιὲυμητικὸν
431 2046 556 2089 (nobisr
581 2048 640 2078 das
655 2046 810 2087 (ῗεγηῐὶΙΙι).

44 2091 132 2123 Hinc
154 2094 279 2123 animus
301 2091 420 2123 dicitur
445 2091 486 2123 de
504 2091 601 2123 animi
624 2091 808 2129 affectibus,

44 2135 258 2179 appetitibus,
282 2135 593 2179 perturbationibuS‚
618 2136 808 2168 omninode

42 2181 214 2212 voluntate
247 2188 280 2212 et
313 2181 492 2224 appetendi
526 2180 696 2212 facultate.
754 2181 808 2213 Sic

45 2225 110 2258 Cic.
147 2237 206 2269 pro
231 2226 390 2258 Marcello
415 2225 457 2264 3,
481 2228 521 2259 ὅτ
559 2229 701 2258 animum
733 2229 808 2258 vin-

41 2281 129 2311 cere,
175 2271 379 2302 iracundiam
413 2271 589 2308 cohibere,
634 2270 808 2303 victoriam

42 2322 238 2358 temperare.
286 2316 384 2347 Unde
405 2323 525 2358 sponte
549 2315 695 2358 patebit,
724 2316 807 2347 bene

43 2366 77 2391 et
99 2360 349 2392 accommodate
370 2360 489 2392 dixisse
501 2360 643 2392 Tullium
668 2363 809 2392 animum

43 2407 264 2444 comprimere,
299 2405 331 2436 h.
355 2416 382 2436 e.
412 2405 674 2435 vehementiores
710 2405 808 2436 animi

43 2449 259 2489 affectiones,
293 2460 374 2491 quae
397 2455 558 2491 apparent
583 2448 615 2479 in
637 2449 807 2481 doloribus

42 2494 260 2526 intoleranter
295 2493 459 2532 ferendis,
501 2497 673 2531 coercere,
711 2494 805 2525 sran-

43 2550 132 2581 gere.
167 2539 222 2570 Sic
241 2538 329 2570 infra
349 2540 403 2570 IV.
429 2540 479 2577 18,
498 2536 537 2570 41
553 2550 558 2569 ε
584 2541 708 2570 animus
727 2550 807 2581 per-

43 2583 191 2616 turbatus
235 2591 268 2615 et
309 2583 463 2615 incitatus
506 2595 568 2614 nec
611 2585 745 2615 cohibere
776 2594 806 2616 se

44 2635 179 2670 potest,
226 2641 287 2660 nec
325 2640 389 2672 quo
427 2628 501 2660 loco
539 2627 609 2659 vult
642 2627 806 2659 insistere.

47 2672 208 2705 Graecum
231 2685 351 2706 nomen
377 2674 484 2716 ἓυμοῦ
518 2684 587 2704 rem
619 2672 725 2704 multo
757 2672 806 2703 si—

43 2717 247 2758 gnificantius
274 2718 446 2772 exprimit,
484 2718 618 2749 ductum
644 2724 694 2748 est
718 2717 805 2748 enim

44 2772 62 2792 a
85 2762 226 2793 verbo‘*
207 2762 299 2804 axio),
332 2760 397 2797 οἷ··ὸ
422 2764 488 2805 τῆς
513 2760 597 2795 Βύσε.
601 2774 647 2800 ως
670 2760 728 2795 καὶ
755 2762 806 2801 ζέ-

46 2816 132 2844 σεως
154 2809 217 2846 τῆς
249 2810 386 2852 ψυχης,
421 2815 456 2840 ut
489 2808 534 2839 ait
559 2807 652 2838 I‘Iuo
680 2807 804 2850 CiatyL

43 2861 76 2892 p.
90 2849 166 2883 419.
185 2853 240 2883 Ε.
267 2853 309 2885 de
326 2864 435 2896 quov.
455 2852 672 2884 eruditissime
688 2852 805 2895 dispu-

43 2895 127 2926 tavit
146 2897 275 2929 Passov.
299 2898 431 2930 Gri‹ch.
455 2897 602 2929 Lexikon
625 2897 657 2928 h.
682 2909 710 2927 v.
753 2897 804 2929 Cf.

43 2939 130 2972 iufra
155 2939 197 2973 ad
221 2942 278 2974 III.
300 2943 340 2982 5,
370 2944 428 2976 10.
454 2945 553 2975 animi
577 2961 617 2966 -
641 2944 758 2974 mentis.

916 1868 993 1899 cAp.
1015 1869 1144 1900 XXIII.
1172 1871 1200 1912 ᾗ.
1217 1867 1270 1901 54.
1311 1871 1347 1902 Ut
1369 1888 1411 1893 —
1433 1871 1603 1911 simillime]

846 1912 899 1944 Sic
931 1924 1030 1954 saepe
1057 1913 1238 1956 particulae
1260 1918 1293 1946 ut
1325 1926 1390 1945 non
1413 1917 1456 1946 sic
1486 1921 1541 1946 aut
1562 1917 1608 1946 ila

845 1958 1046 2000 respondet,
1078 1958 1136 1990 sed
1157 1959 1245 1990 aliud
1274 1959 1368 1990 huius
1390 1959 1518 2001 generis
1543 1971 1608 1991 vo-

846 2002 1007 2041 cabulum,
1033 2003 1135 2035 veluti
1157 2007 1238 2035 item.
1278 2004 1332 2035 Sic
1351 2004 1438 2035 infra
1459 2005 1498 2036 V.
1519 2004 1552 2043 3,
1575 2003 1607 2037 9.

844 2048 886 2079 N.
910 2049 948 2079 D.
970 2049 995 2079 1.
1014 2048 1046 2085 2,
1071 2048 1104 2080 3.
1154 2049 1204 2080 Cf.
1229 2051 1372 2081 Goerenz.
1393 2048 1435 2080 ad
1457 2049 1606 2081 Fin.111.

846 2090 950 2134 8.-13.
1000 2092 1101 2124 Addit
1133 2095 1265 2126 Orellius
1296 2105 1358 2136 pro
1395 2094 1523 2125 Cluent.
1551 2091 1607 2132 24,

842 2128 965 2170 156ῖυί
987 2155 1029 2162 —
1051 2149 1103 2169 me
1124 2138 1271 2176 audistis,
1295 2141 1368 2170 item
1390 2158 1432 2163 —
1456 2138 1607 2170 audiatis,

844 2183 935 2214 Brut.
957 2181 1015 2215 53:
1045 2184 1143 2215 Ut—
1099 2202 1155 2223 -—,
1178 2164 1329 2215 similiter.
1351 2184 1393 2216 N.
1408 2185 1448 2216 D.
1468 2185 1528 2226 III,
1546 2184 1606 2217 12·

846 2228 883 2259 Ut
901 2245 963 2267 —,
987 2230 1128 2260 similiter
1148 2246 1191 2251 —
1213 2238 1276 2260 esse
1297 2232 1405 2267 potest.

910 2275 1089 2312 corporibus
1107 2292 1151 2297 —
1173 2274 1311 2313 animus]
1350 2272 1487 2304 Pluralis
1522 2272 1608 2303 defi-

842 2316 913 2348 nite
939 2317 980 2348 de
1002 2317 1136 2360 singulis
1160 2317 1300 2358 dieitur,
1335 2316 1506 2359 singularis
1528 2316 1607 2348 infi-

842 2361 912 2393 nite
945 2362 1168 2404 generatimve
1203 2361 1244 2392 de
1280 2361 1433 2393 universo
1474 2373 1606 2404 genere.

843 2408 949 2448 Saepe
973 2406 1004 2437 iu
1032 2407 1150 2438 horum
1175 2405 1344 2437 nominum
1373 2406 1606 2438 coniunctione

842 2463 860 2482 a
886 2451 1003 2493 plurali
1035 2462 1170 2482 numero
1200 2450 1240 2481 ad
1274 2451 1472 2493 singularem
1509 2451 1561 2483 vel
1586 2464 1605 2483 a

841 2495 998 2537 singulari
1028 2495 1070 2526 ad
1104 2495 1263 2538 pluralem
1295 2495 1491 2528 deflectitur.
1553 2497 1604 2528 Cf.

842 2542 866 2571 I.
892 2540 944 2577 17,
969 2538 1023 2571 40.
1049 2540 1111 2578 30,
1137 2540 1189 2573 72.
1224 2541 1282 2571 III.
1307 2541 1363 2580 10,
1390 2542 1443 2574 23.
1471 2542 1525 2572 IV.
1551 2542 1604 2583 10,

841 2585 894 2617 23.
920 2585 960 2615 V.
986 2584 1039 2623 38,
1071 2585 1142 2618 110.
1193 2585 1246 2616 Cf.
1271 2585 1357 2617 adI.
1383 2588 1432 2623 18,
1458 2583 1519 2618 42:
1545 2589 1604 2626 lto,

840 2631 904 2660 sive
925 2631 1128 2716 dissripomur.
1165 2631 1204 2661 V.
1222 2632 1381 2670 Wopkens.
1394 2631 1502 2663 Lectt.
1517 2631 1604 2664 Tull

841 2675 873 2712 I,
902 2673 953 2706 13.
1002 2674 1105 2707 .107.
1117 2699 1126 2714 ‚
1140 2674 1261 2728 ibique
1281 2677 1464 2716 Raudium,
1488 2682 1521 2708 et
1543 2687 1602 2708 nos

839 2717 872 2749 in
898 2717 955 2750 Gr.
979 2719 1018 2750 L.
1045 2716 1173 2763 §.104,
1203 2721 1230 2752 1.

906 2765 1042 2795 remissis
1066 2745 1258 2808 opprimunt]
1285 2767 1338 2797 Sc.
1364 2766 1520 2797 ferentes.

907 2808 935 2850 (5.
958 2809 1010 2840 55.
1051 2810 1249 2849 1n9emiscere
1281 2820 1504 2851 nonnunquam
1535 2812 1602 2841 viro

838 2861 1012 2885 concessum
1035 2858 1077 2886 est
1086 2878 1096 2894 ,
1133 2856 1224 2895 idque
1249 2855 1337 2898 roro]
1374 2858 1602 2893 Nonnunquam

840 2908 912 2929 cum
935 2908 1109 2931 concessum
1133 2903 1195 2939 est,
1219 2910 1292 2932 raro
1315 2901 1601 2939 cum-inyemiscere

840 2941 1101 2985 coniungendum
1125 2955 1216 2983 esse,
1253 2950 1342 2976 recte
1367 2943 1466 2975 docet
1490 2945 1601 2981 Moser,
