<?xml version="1.0" encoding="UTF-8"?>
<!DOCTYPE html PUBLIC "-//W3C//DTD XHTML 1.0 Transitional//EN"
    "http://www.w3.org/TR/xhtml1/DTD/xhtml1-transitional.dtd">
<html xmlns="http://www.w3.org/1999/xhtml" xml:lang="en" lang="en">
 <head>
  <title>
</title>
<meta http-equiv="Content-Type" content="text/html;charset=utf-8" />
  <meta name='ocr-system' content='tesseract 3.04.00' />
  <meta name='ocr-capabilities' content='ocr_page ocr_carea ocr_par ocr_line ocrx_word'/>
</head>
<body>
  <div class='ocr_page' id='page_1' title='image "./tusculanaedisput00ciceuoft_0498.png"; bbox 0 0 1863 3221; ppageno 0'>
   <div class='ocr_carea' id='block_1_1' title="bbox 232 99 316 143">
    <p class='ocr_par' dir='ltr' id='par_1_1' title="bbox 232 99 316 143">
     <span class='ocr_line' id='line_1_1' title="bbox 232 99 316 143; baseline -0.012 0"><span class='ocrx_word' id='word_1_1' title='bbox 232 99 316 143; x_wconf 79' lang='lat'>448</span> 
     </span>
    </p>
   </div>
   <div class='ocr_carea' id='block_1_2' title="bbox 234 181 1798 244">
    <p class='ocr_par' dir='ltr' id='par_1_2' title="bbox 234 181 1798 244">
     <span class='ocr_line' id='line_1_2' title="bbox 234 181 1798 244; baseline -0.006 -14"><span class='ocrx_word' id='word_1_2' title='bbox 234 203 279 229; x_wconf 87' lang='lat' dir='ltr'>ea</span> <span class='ocrx_word' id='word_1_3' title='bbox 303 202 457 244; x_wconf 80' lang='lat' dir='ltr'><strong>semper</strong></span> <span class='ocrx_word' id='word_1_4' title='bbox 485 188 654 236; x_wconf 63' lang='lat' dir='ltr'>invicta,</span> <span class='ocrx_word' id='word_1_5' title='bbox 689 185 757 225; x_wconf 90' lang='lat' dir='ltr'>sed</span> <span class='ocrx_word' id='word_1_6' title='bbox 783 198 853 224; x_wconf 90' lang='lat' dir='ltr'>nos</span> <span class='ocrx_word' id='word_1_7' title='bbox 874 183 1037 234; x_wconf 87' lang='lat' dir='ltr'>umbris,</span> <span class='ocrx_word' id='word_1_8' title='bbox 1072 183 1236 233; x_wconf 81' lang='lat' dir='ltr'>deliciis,</span> <span class='ocrx_word' id='word_1_9' title='bbox 1272 183 1374 234; x_wconf 81' lang='lat' dir='ltr'>otio,</span> <span class='ocrx_word' id='word_1_10' title='bbox 1407 184 1618 237; x_wconf 83' lang='lat' dir='ltr'>languore,</span> <span class='ocrx_word' id='word_1_11' title='bbox 1651 181 1798 223; x_wconf 89' lang='lat' dir='ltr'>desidia</span> 
     </span>
    </p>
   </div>
   <div class='ocr_carea' id='block_1_3' title="bbox 742 101 1305 145">
    <p class='ocr_par' dir='ltr' id='par_1_3' title="bbox 742 101 1305 145">
     <span class='ocr_line' id='line_1_3' title="bbox 742 101 1305 145; baseline -0.005 -6"><span class='ocrx_word' id='word_1_12' title='bbox 742 105 909 139; x_wconf 75' lang='lat' dir='ltr'>LIBER</span> <span class='ocrx_word' id='word_1_13' title='bbox 933 105 974 138; x_wconf 89' lang='lat' dir='ltr'>v.</span> <span class='ocrx_word' id='word_1_14' title='bbox 992 102 1054 145; x_wconf 85' lang='lat'>27,</span> <span class='ocrx_word' id='word_1_15' title='bbox 1080 101 1136 137; x_wconf 87' lang='lat'>79.</span> <span class='ocrx_word' id='word_1_16' title='bbox 1158 102 1223 145; x_wconf 83' lang='lat'>28,</span> <span class='ocrx_word' id='word_1_17' title='bbox 1250 103 1305 137; x_wconf 86' lang='lat'>80.</span> 
     </span>
    </p>
   </div>
   <div class='ocr_carea' id='block_1_4' title="bbox 233 255 1798 677">
    <p class='ocr_par' dir='ltr' id='par_1_4' title="bbox 233 255 1798 677">
     <span class='ocr_line' id='line_1_4' title="bbox 233 255 1793 311; baseline -0.005 -8"><span class='ocrx_word' id='word_1_18' title='bbox 233 263 399 302; x_wconf 87' lang='lat' dir='ltr'>animum</span> <span class='ocrx_word' id='word_1_19' title='bbox 424 261 641 309; x_wconf 86' lang='lat' dir='ltr'>infecimus,</span> <span class='ocrx_word' id='word_1_20' title='bbox 670 257 915 311; x_wconf 78' lang='lat' dir='ltr'>opinionibus</span> <span class='ocrx_word' id='word_1_21' title='bbox 943 257 1120 310; x_wconf 87' lang='lat' dir='ltr'>maloque</span> <span class='ocrx_word' id='word_1_22' title='bbox 1143 270 1250 295; x_wconf 85' lang='lat' dir='ltr'>more</span> <span class='ocrx_word' id='word_1_23' title='bbox 1277 256 1482 296; x_wconf 89' lang='lat' dir='ltr'>delenitum</span> <span class='ocrx_word' id='word_1_24' title='bbox 1499 259 1518 283; x_wconf 85' lang='lat'>⁷</span> <span class='ocrx_word' id='word_1_25' title='bbox 1543 255 1793 296; x_wconf 88' lang='lat' dir='ltr'>mollivimuS.</span> 
     </span>
     <span class='ocr_line' id='line_1_5' title="bbox 236 328 1792 389; baseline -0.004 -14"><span class='ocrx_word' id='word_1_26' title='bbox 236 335 518 389; x_wconf 82' lang='lat' dir='ltr'>Aegyptiorum</span> <span class='ocrx_word' id='word_1_27' title='bbox 535 345 682 372; x_wconf 88' lang='lat' dir='ltr'>morem</span> <span class='ocrx_word' id='word_1_28' title='bbox 701 331 785 384; x_wconf 87' lang='lat' dir='ltr'>quis</span> <span class='ocrx_word' id='word_1_29' title='bbox 806 330 985 383; x_wconf 75' lang='lat' dir='ltr'>ignorat?</span> <span class='ocrx_word' id='word_1_30' title='bbox 1011 343 1172 382; x_wconf 86' lang='lat' dir='ltr'>quorum</span> <span class='ocrx_word' id='word_1_31' title='bbox 1193 329 1361 369; x_wconf 79' lang='lat' dir='ltr'>imbutae</span> <span class='ocrx_word' id='word_1_32' title='bbox 1382 336 1531 369; x_wconf 90' lang='lat' dir='ltr'>mentes</span> <span class='ocrx_word' id='word_1_33' title='bbox 1554 328 1756 382; x_wconf 89' lang='lat' dir='ltr'>pravitatis</span> <span class='ocrx_word' id='word_1_34' title='bbox 1773 330 1792 353; x_wconf 87' lang='lat'><strong>⁸</strong></span> 
     </span>
     <span class='ocr_line' id='line_1_6' title="bbox 234 401 1797 459; baseline -0.003 -12"><span class='ocrx_word' id='word_1_35' title='bbox 234 408 431 448; x_wconf 82' lang='lat' dir='ltr'>erroribus</span> <span class='ocrx_word' id='word_1_36' title='bbox 450 405 624 459; x_wconf 84' lang='lat' dir='ltr'>quamvis</span> <span class='ocrx_word' id='word_1_37' title='bbox 651 403 912 444; x_wconf 83' lang='lat' dir='ltr'>carnificinam</span> <span class='ocrx_word' id='word_1_38' title='bbox 940 403 1045 457; x_wconf 91' lang='lat' dir='ltr'>prius</span> <span class='ocrx_word' id='word_1_39' title='bbox 1072 402 1278 452; x_wconf 73' lang='lat' dir='ltr'>subierint,</span> <span class='ocrx_word' id='word_1_40' title='bbox 1303 416 1416 456; x_wconf 90' lang='lat' dir='ltr'>quam</span> <span class='ocrx_word' id='word_1_41' title='bbox 1434 402 1522 442; x_wconf 87' lang='lat' dir='ltr'>ibim</span> <span class='ocrx_word' id='word_1_42' title='bbox 1542 409 1606 441; x_wconf 90' lang='lat' dir='ltr'>aut</span> <span class='ocrx_word' id='word_1_43' title='bbox 1624 401 1797 455; x_wconf 82' lang='lat' dir='ltr'>aspidem</span> 
     </span>
     <span class='ocr_line' id='line_1_7' title="bbox 233 475 1798 529; baseline -0.004 -8"><span class='ocrx_word' id='word_1_44' title='bbox 233 488 298 521; x_wconf 88' lang='lat' dir='ltr'>aut</span> <span class='ocrx_word' id='word_1_45' title='bbox 326 480 441 520; x_wconf 83' lang='lat' dir='ltr'>felem</span> <span class='ocrx_word' id='word_1_46' title='bbox 464 485 530 518; x_wconf 88' lang='lat' dir='ltr'>aut</span> <span class='ocrx_word' id='word_1_47' title='bbox 552 491 686 518; x_wconf 87' lang='lat' dir='ltr'>canem</span> <span class='ocrx_word' id='word_1_48' title='bbox 715 484 781 517; x_wconf 85' lang='lat' dir='ltr'>aut</span> <span class='ocrx_word' id='word_1_49' title='bbox 804 477 1040 516; x_wconf 80' lang='lat' dir='ltr'>crocodilum</span> <span class='ocrx_word' id='word_1_50' title='bbox 1064 476 1234 525; x_wconf 79' lang='lat' dir='ltr'>violent,</span> <span class='ocrx_word' id='word_1_51' title='bbox 1269 490 1429 529; x_wconf 89' lang='lat' dir='ltr'>quornm</span> <span class='ocrx_word' id='word_1_52' title='bbox 1459 476 1573 515; x_wconf 87' lang='lat' dir='ltr'>etiam</span> <span class='ocrx_word' id='word_1_53' title='bbox 1598 475 1629 514; x_wconf 91' lang='lat' dir='ltr'>si</span> <span class='ocrx_word' id='word_1_54' title='bbox 1654 475 1798 529; x_wconf 86' lang='lat' dir='ltr'>impru-</span> 
     </span>
     <span class='ocr_line' id='line_1_8' title="bbox 1446 547 1798 589; baseline -0.006 0"><span class='ocrx_word' id='word_1_55' title='bbox 1446 555 1513 589; x_wconf 89' lang='grc'>79.</span> <span class='ocrx_word' id='word_1_56' title='bbox 1548 547 1608 587; x_wconf 92' lang='lat' dir='ltr'>De</span> <span class='ocrx_word' id='word_1_57' title='bbox 1634 548 1798 588; x_wconf 89' lang='lat' dir='ltr'>homini-</span> 
     </span>
     <span class='ocr_line' id='line_1_9' title="bbox 537 622 1797 677; baseline -0.002 -13"><span class='ocrx_word' id='word_1_58' title='bbox 537 623 639 677; x_wconf 83' lang='lat' dir='ltr'>Quid</span> <span class='ocrx_word' id='word_1_59' title='bbox 662 623 838 664; x_wconf 83' lang='lat' dir='ltr'>bestiae?</span> <span class='ocrx_word' id='word_1_60' title='bbox 869 637 944 663; x_wconf 92' lang='lat' dir='ltr'>non</span> <span class='ocrx_word' id='word_1_61' title='bbox 977 623 1114 675; x_wconf 76' lang='lat' dir='ltr'>frigus,</span> <span class='ocrx_word' id='word_1_62' title='bbox 1150 636 1227 661; x_wconf 91' lang='lat' dir='ltr'>non</span> <span class='ocrx_word' id='word_1_63' title='bbox 1258 623 1413 672; x_wconf 88' lang='lat' dir='ltr'>famem,</span> <span class='ocrx_word' id='word_1_64' title='bbox 1448 636 1524 661; x_wconf 92' lang='lat' dir='ltr'>non</span> <span class='ocrx_word' id='word_1_65' title='bbox 1550 622 1797 675; x_wconf 73' lang='lat' dir='ltr'>montivagos</span> 
     </span>
    </p>
   </div>
   <div class='ocr_carea' id='block_1_5' title="bbox 230 549 1797 1110">
    <p class='ocr_par' dir='ltr' id='par_1_5' title="bbox 230 549 1797 1042">
     <span class='ocr_line' id='line_1_10' title="bbox 233 549 1383 606; baseline -0.003 -14"><span class='ocrx_word' id='word_1_66' title='bbox 233 554 368 593; x_wconf 90' lang='lat' dir='ltr'>dentes</span> <span class='ocrx_word' id='word_1_67' title='bbox 394 550 585 606; x_wconf 85' lang='lat' dir='ltr'>quidpiam</span> <span class='ocrx_word' id='word_1_68' title='bbox 616 550 797 601; x_wconf 85' lang='lat' dir='ltr'>fecerint,</span> <span class='ocrx_word' id='word_1_69' title='bbox 832 564 993 605; x_wconf 80' lang='lat' dir='ltr'>poenam</span> <span class='ocrx_word' id='word_1_70' title='bbox 1021 549 1160 589; x_wconf 89' lang='lat' dir='ltr'>nullam</span> <span class='ocrx_word' id='word_1_71' title='bbox 1185 555 1383 589; x_wconf 81' lang='lat' dir='ltr'>recusent.</span> 
     </span>
     <span class='ocr_line' id='line_1_11' title="bbox 230 625 473 679; baseline -0.004 -14"><span class='ocrx_word' id='word_1_72' title='bbox 230 625 302 665; x_wconf 91' lang='lat' dir='ltr'>bus</span> <span class='ocrx_word' id='word_1_73' title='bbox 322 626 473 679; x_wconf 91' lang='lat' dir='ltr'>loquor.</span> 
     </span>
     <span class='ocr_line' id='line_1_12' title="bbox 233 689 1797 752; baseline -0.004 -13"><span class='ocrx_word' id='word_1_74' title='bbox 233 706 347 752; x_wconf 84' lang='lat' dir='ltr'>atque</span> <span class='ocrx_word' id='word_1_75' title='bbox 372 699 576 739; x_wconf 86' lang='lat' dir='ltr'>silvestres</span> <span class='ocrx_word' id='word_1_76' title='bbox 597 689 734 737; x_wconf 84' lang='lat' dir='ltr'>cursus</span> <span class='ocrx_word' id='word_1_77' title='bbox 751 700 768 723; x_wconf 79' lang='lat'>⁹</span> <span class='ocrx_word' id='word_1_78' title='bbox 794 696 1123 749; x_wconf 69' lang='lat' dir='ltr'>lustrationesque</span> <span class='ocrx_word' id='word_1_79' title='bbox 1152 696 1373 750; x_wconf 83' lang='lat' dir='ltr'>patiuntur?</span> <span class='ocrx_word' id='word_1_80' title='bbox 1405 708 1481 734; x_wconf 91' lang='lat' dir='ltr'>non</span> <span class='ocrx_word' id='word_1_81' title='bbox 1507 708 1574 748; x_wconf 92' lang='lat' dir='ltr'>pro</span> <span class='ocrx_word' id='word_1_82' title='bbox 1596 708 1668 734; x_wconf 93' lang='lat' dir='ltr'>suo</span> <span class='ocrx_word' id='word_1_83' title='bbox 1688 702 1797 749; x_wconf 84' lang='lat' dir='ltr'>partu</span> 
     </span>
     <span class='ocr_line' id='line_1_13' title="bbox 233 767 1797 825; baseline -0.002 -14"><span class='ocrx_word' id='word_1_84' title='bbox 233 772 284 811; x_wconf 89' lang='lat' dir='ltr'>ita</span> <span class='ocrx_word' id='word_1_85' title='bbox 315 777 583 825; x_wconf 77' lang='lat' dir='ltr'>propugnant,</span> <span class='ocrx_word' id='word_1_86' title='bbox 618 777 657 810; x_wconf 92' lang='lat' dir='ltr'>ut</span> <span class='ocrx_word' id='word_1_87' title='bbox 687 770 850 811; x_wconf 84' lang='lat' dir='ltr'>vulnera</span> <span class='ocrx_word' id='word_1_88' title='bbox 884 769 1105 823; x_wconf 78' lang='lat' dir='ltr'>excipiant,</span> <span class='ocrx_word' id='word_1_89' title='bbox 1151 769 1277 808; x_wconf 89' lang='lat' dir='ltr'>nullos</span> <span class='ocrx_word' id='word_1_90' title='bbox 1313 768 1500 822; x_wconf 89' lang='lat' dir='ltr'>impetus,</span> <span class='ocrx_word' id='word_1_91' title='bbox 1544 767 1670 808; x_wconf 89' lang='lat' dir='ltr'>nullos</span> <span class='ocrx_word' id='word_1_92' title='bbox 1697 767 1797 808; x_wconf 89' lang='lat' dir='ltr'>ictus</span> 
     </span>
     <span class='ocr_line' id='line_1_14' title="bbox 232 840 1794 897; baseline -0.003 -13"><span class='ocrx_word' id='word_1_93' title='bbox 232 845 502 885; x_wconf 79' lang='lat' dir='ltr'>reformident.</span> <span class='ocrx_word' id='word_1_94' title='bbox 576 841 749 893; x_wconf 88' lang='lat' dir='ltr'>Omitto,</span> <span class='ocrx_word' id='word_1_95' title='bbox 794 857 891 897; x_wconf 89' lang='lat' dir='ltr'>quae</span> <span class='ocrx_word' id='word_1_96' title='bbox 926 843 1123 897; x_wconf 84' lang='lat' dir='ltr'>perferant</span> <span class='ocrx_word' id='word_1_97' title='bbox 1157 855 1331 896; x_wconf 87' lang='lat' dir='ltr'>quaeque</span> <span class='ocrx_word' id='word_1_98' title='bbox 1371 841 1565 896; x_wconf 84' lang='lat' dir='ltr'>patiantur</span> <span class='ocrx_word' id='word_1_99' title='bbox 1601 840 1794 881; x_wconf 88' lang='lat' dir='ltr'>ambitiosi</span> 
     </span>
     <span class='ocr_line' id='line_1_15' title="bbox 231 913 1796 969; baseline -0.003 -12"><span class='ocrx_word' id='word_1_100' title='bbox 231 917 392 958; x_wconf 88' lang='lat' dir='ltr'>honoris</span> <span class='ocrx_word' id='word_1_101' title='bbox 418 930 577 966; x_wconf 85' lang='lat' dir='ltr'>caussa,</span> <span class='ocrx_word' id='word_1_102' title='bbox 623 916 747 956; x_wconf 86' lang='lat' dir='ltr'>laudis</span> <span class='ocrx_word' id='word_1_103' title='bbox 774 915 938 956; x_wconf 85' lang='lat' dir='ltr'>studiosi</span> <span class='ocrx_word' id='word_1_104' title='bbox 966 915 1115 968; x_wconf 81' lang='lat' dir='ltr'>gloriae</span> <span class='ocrx_word' id='word_1_105' title='bbox 1138 915 1264 969; x_wconf 83' lang='lat' dir='ltr'>gratia</span> <span class='ocrx_word' id='word_1_106' title='bbox 1285 916 1321 965; x_wconf 80' lang='lat'>1,</span> <span class='ocrx_word' id='word_1_107' title='bbox 1355 928 1489 954; x_wconf 85' lang='lat' dir='ltr'>amore</span> <span class='ocrx_word' id='word_1_108' title='bbox 1515 914 1666 954; x_wconf 88' lang='lat' dir='ltr'>incensi</span> <span class='ocrx_word' id='word_1_109' title='bbox 1689 913 1796 969; x_wconf 86' lang='lat' dir='ltr'>cupi-</span> 
     </span>
     <span class='ocr_line' id='line_1_16' title="bbox 232 988 1080 1042; baseline -0.004 -13"><span class='ocrx_word' id='word_1_110' title='bbox 232 990 377 1030; x_wconf 87' lang='lat' dir='ltr'>ditatis.</span> <span class='ocrx_word' id='word_1_111' title='bbox 440 988 561 1028; x_wconf 90' lang='lat' dir='ltr'>Pleua</span> <span class='ocrx_word' id='word_1_112' title='bbox 592 989 671 1028; x_wconf 84' lang='lat' dir='ltr'>vita</span> <span class='ocrx_word' id='word_1_113' title='bbox 706 988 973 1042; x_wconf 82' lang='lat' dir='ltr'>exemplorum</span> <span class='ocrx_word' id='word_1_114' title='bbox 1007 995 1080 1027; x_wconf 88' lang='lat' dir='ltr'>est.</span> 
     </span>
    </p>

    <p class='ocr_par' dir='ltr' id='par_1_6' title="bbox 344 1058 1795 1110">
     <span class='ocr_line' id='line_1_17' title="bbox 344 1058 1795 1110; baseline -0.001 -8"><span class='ocrx_word' id='word_1_115' title='bbox 344 1059 547 1103; x_wconf 89' lang='lat' dir='ltr'>XXVllI.</span> <span class='ocrx_word' id='word_1_116' title='bbox 602 1068 671 1102; x_wconf 86' lang='lat'>80.</span> <span class='ocrx_word' id='word_1_117' title='bbox 705 1059 785 1101; x_wconf 91' lang='lat' dir='ltr'>Sed</span> <span class='ocrx_word' id='word_1_118' title='bbox 810 1060 991 1100; x_wconf 87' lang='lat' dir='ltr'>adhibeat</span> <span class='ocrx_word' id='word_1_119' title='bbox 1013 1061 1139 1100; x_wconf 87' lang='lat' dir='ltr'>oratio</span> <span class='ocrx_word' id='word_1_120' title='bbox 1160 1060 1314 1100; x_wconf 89' lang='lat' dir='ltr'>modum</span> <span class='ocrx_word' id='word_1_121' title='bbox 1338 1066 1377 1100; x_wconf 88' lang='lat' dir='ltr'>et</span> <span class='ocrx_word' id='word_1_122' title='bbox 1400 1060 1533 1100; x_wconf 84' lang='lat' dir='ltr'>redeat</span> <span class='ocrx_word' id='word_1_123' title='bbox 1554 1058 1660 1110; x_wconf 84' lang='lat' dir='ltr'>illuc,</span> <span class='ocrx_word' id='word_1_124' title='bbox 1693 1060 1795 1101; x_wconf 89' lang='lat' dir='ltr'>unde</span> 
     </span>
    </p>
   </div>
   <div class='ocr_carea' id='block_1_6' title="bbox 232 1133 1793 1187">
    <p class='ocr_par' dir='ltr' id='par_1_7' title="bbox 232 1133 1793 1187">
     <span class='ocr_line' id='line_1_18' title="bbox 232 1133 1793 1187; baseline -0.001 -11"><span class='ocrx_word' id='word_1_125' title='bbox 232 1134 444 1176; x_wconf 82' lang='lat' dir='ltr'>deflexitl.</span> <span class='ocrx_word' id='word_1_126' title='bbox 507 1133 646 1184; x_wconf 87' lang='lat' dir='ltr'>Dabit,</span> <span class='ocrx_word' id='word_1_127' title='bbox 683 1134 847 1184; x_wconf 79' lang='lat' dir='ltr'>dabit2,</span> <span class='ocrx_word' id='word_1_128' title='bbox 879 1134 1034 1187; x_wconf 86' lang='lat' dir='ltr'>inquam</span> <span class='ocrx_word' id='word_1_129' title='bbox 1055 1165 1065 1184; x_wconf 95' lang='lat'>,</span> <span class='ocrx_word' id='word_1_130' title='bbox 1108 1147 1150 1173; x_wconf 89' lang='lat' dir='ltr'>se</span> <span class='ocrx_word' id='word_1_131' title='bbox 1177 1133 1214 1173; x_wconf 91' lang='lat' dir='ltr'>in</span> <span class='ocrx_word' id='word_1_132' title='bbox 1248 1140 1438 1173; x_wconf 85' lang='lat' dir='ltr'>tormenta</span> <span class='ocrx_word' id='word_1_133' title='bbox 1470 1133 1550 1173; x_wconf 84' lang='lat' dir='ltr'>vita</span> <span class='ocrx_word' id='word_1_134' title='bbox 1579 1133 1690 1173; x_wconf 88' lang='lat' dir='ltr'>beata</span> <span class='ocrx_word' id='word_1_135' title='bbox 1721 1147 1793 1174; x_wconf 87' lang='lat' dir='ltr'>nec</span> 
     </span>
    </p>
   </div>
   <div class='ocr_carea' id='block_1_7' title="bbox 235 1227 1791 1315">
    <p class='ocr_par' dir='ltr' id='par_1_8' title="bbox 235 1227 1791 1315">
     <span class='ocr_line' id='line_1_19' title="bbox 321 1227 1791 1272; baseline -0.001 -11"><span class='ocrx_word' id='word_1_136' title='bbox 321 1230 342 1264; x_wconf 79' lang='lat'><strong>7</strong></span> <span class='ocrx_word' id='word_1_137' title='bbox 367 1231 421 1261; x_wconf 90' lang='lat' dir='ltr'>Sic</span> <span class='ocrx_word' id='word_1_138' title='bbox 444 1232 498 1261; x_wconf 88' lang='lat' dir='ltr'>Or.</span> <span class='ocrx_word' id='word_1_139' title='bbox 513 1242 539 1261; x_wconf 90' lang='lat' dir='ltr'>c.</span> <span class='ocrx_word' id='word_1_140' title='bbox 559 1231 596 1261; x_wconf 74' lang='lat' dir='ltr'>R.</span> <span class='ocrx_word' id='word_1_141' title='bbox 615 1230 647 1261; x_wconf 82' lang='grc' dir='ltr'><strong>Ρ.</strong></span> <span class='ocrx_word' id='word_1_142' title='bbox 673 1228 758 1260; x_wconf 88' lang='lat' dir='ltr'>Gnd.</span> <span class='ocrx_word' id='word_1_143' title='bbox 778 1229 803 1261; x_wconf 89' lang='lat' dir='ltr'>l.</span> <span class='ocrx_word' id='word_1_144' title='bbox 830 1228 935 1259; x_wconf 73' lang='lat' dir='ltr'>Rehd.</span> <span class='ocrx_word' id='word_1_145' title='bbox 954 1229 1003 1260; x_wconf 83' lang='lat' dir='ltr'>ed.</span> <span class='ocrx_word' id='word_1_146' title='bbox 1021 1230 1058 1259; x_wconf 91' lang='lat' dir='ltr'>l).</span> <span class='ocrx_word' id='word_1_147' title='bbox 1074 1241 1134 1272; x_wconf 89' lang='lat' dir='ltr'>pro</span> <span class='ocrx_word' id='word_1_148' title='bbox 1158 1229 1245 1271; x_wconf 70' lang='lat' dir='ltr'>vulg.</span> <span class='ocrx_word' id='word_1_149' title='bbox 1259 1231 1351 1260; x_wconf 69' lang='lat' dir='ltr'>deliri.</span> <span class='ocrx_word' id='word_1_150' title='bbox 1398 1228 1420 1261; x_wconf 76' lang='grc'>8</span> <span class='ocrx_word' id='word_1_151' title='bbox 1444 1241 1474 1260; x_wconf 89' lang='lat' dir='ltr'>v.</span> <span class='ocrx_word' id='word_1_152' title='bbox 1492 1228 1574 1259; x_wconf 77' lang='lat' dir='ltr'>Adn.</span> <span class='ocrx_word' id='word_1_153' title='bbox 1621 1227 1642 1261; x_wconf 84' lang='grc'>9</span> <span class='ocrx_word' id='word_1_154' title='bbox 1666 1228 1791 1260; x_wconf 86' lang='lat' dir='ltr'>Victor.</span> 
     </span>
     <span class='ocr_line' id='line_1_20' title="bbox 235 1274 1791 1315; baseline -0.001 -8"><span class='ocrx_word' id='word_1_155' title='bbox 235 1278 273 1307; x_wconf 87' lang='lat' dir='ltr'>V.</span> <span class='ocrx_word' id='word_1_156' title='bbox 289 1276 327 1306; x_wconf 93' lang='lat' dir='ltr'>L.</span> <span class='ocrx_word' id='word_1_157' title='bbox 356 1277 379 1314; x_wconf 88' lang='lat'>1,</span> <span class='ocrx_word' id='word_1_158' title='bbox 403 1275 453 1307; x_wconf 70' lang='lat'>16.</span> <span class='ocrx_word' id='word_1_159' title='bbox 480 1282 621 1306; x_wconf 82' lang='lat' dir='ltr'>testatur</span> <span class='ocrx_word' id='word_1_160' title='bbox 645 1275 677 1305; x_wconf 88' lang='lat' dir='ltr'>in</span> <span class='ocrx_word' id='word_1_161' title='bbox 704 1281 770 1305; x_wconf 89' lang='lat' dir='ltr'>vet.</span> <span class='ocrx_word' id='word_1_162' title='bbox 795 1274 867 1305; x_wconf 88' lang='lat' dir='ltr'>cod.</span> <span class='ocrx_word' id='word_1_163' title='bbox 891 1274 953 1315; x_wconf 78' lang='lat' dir='ltr'>legi</span> <span class='ocrx_word' id='word_1_164' title='bbox 974 1277 1232 1306; x_wconf 68' lang='lat' dir='ltr'>sili-estricursus:</span> <span class='ocrx_word' id='word_1_165' title='bbox 1252 1274 1328 1305; x_wconf 86' lang='lat' dir='ltr'>hinc</span> <span class='ocrx_word' id='word_1_166' title='bbox 1353 1281 1385 1304; x_wconf 86' lang='lat' dir='ltr'>et</span> <span class='ocrx_word' id='word_1_167' title='bbox 1412 1285 1450 1304; x_wconf 79' lang='lat' dir='ltr'>ex</span> <span class='ocrx_word' id='word_1_168' title='bbox 1473 1285 1501 1304; x_wconf 83' lang='lat' dir='ltr'>v.</span> <span class='ocrx_word' id='word_1_169' title='bbox 1518 1276 1712 1313; x_wconf 65' lang='lat' dir='ltr'>montivagos</span> <span class='ocrx_word' id='word_1_170' title='bbox 1727 1275 1791 1305; x_wconf 77' lang='lat' dir='ltr'>Fa-</span> 
     </span>
    </p>
   </div>
   <div class='ocr_carea' id='block_1_8' title="bbox 233 1318 1790 1450">
    <p class='ocr_par' dir='ltr' id='par_1_9' title="bbox 233 1318 1790 1450">
     <span class='ocr_line' id='line_1_21' title="bbox 233 1318 1595 1362; baseline -0.001 -10"><span class='ocrx_word' id='word_1_171' title='bbox 233 1320 352 1352; x_wconf 78' lang='lat' dir='ltr'>bricius</span> <span class='ocrx_word' id='word_1_172' title='bbox 381 1320 583 1362; x_wconf 67' lang='lat' dir='ltr'>suspicatur,</span> <span class='ocrx_word' id='word_1_173' title='bbox 622 1327 729 1351; x_wconf 84' lang='lat' dir='ltr'>totum</span> <span class='ocrx_word' id='word_1_174' title='bbox 754 1319 862 1350; x_wconf 80' lang='lat' dir='ltr'>locum</span> <span class='ocrx_word' id='word_1_175' title='bbox 888 1331 925 1349; x_wconf 80' lang='lat' dir='ltr'>ex</span> <span class='ocrx_word' id='word_1_176' title='bbox 951 1319 1060 1361; x_wconf 81' lang='lat' dir='ltr'>aliquo</span> <span class='ocrx_word' id='word_1_177' title='bbox 1086 1326 1199 1350; x_wconf 75' lang='lat' dir='ltr'>vetere</span> <span class='ocrx_word' id='word_1_178' title='bbox 1224 1327 1322 1361; x_wconf 79' lang='lat' dir='ltr'>poeta</span> <span class='ocrx_word' id='word_1_179' title='bbox 1352 1318 1489 1361; x_wconf 74' lang='lat' dir='ltr'>petitum</span> <span class='ocrx_word' id='word_1_180' title='bbox 1516 1330 1595 1351; x_wconf 72' lang='lat' dir='ltr'>esse.</span> 
     </span>
     <span class='ocr_line' id='line_1_22' title="bbox 590 1363 1790 1405; baseline -0.002 -9"><span class='ocrx_word' id='word_1_181' title='bbox 590 1368 599 1396; x_wconf 84' lang='lat' dir='ltr'>l</span> <span class='ocrx_word' id='word_1_182' title='bbox 632 1365 756 1395; x_wconf 60' lang='lat' dir='ltr'>&#39;N&#39;lultae</span> <span class='ocrx_word' id='word_1_183' title='bbox 784 1363 857 1394; x_wconf 71' lang='lat' dir='ltr'>edd.</span> <span class='ocrx_word' id='word_1_184' title='bbox 887 1371 967 1394; x_wconf 75' lang='lat' dir='ltr'>veit.</span> <span class='ocrx_word' id='word_1_185' title='bbox 994 1375 1127 1401; x_wconf 75' lang='lat' dir='ltr'>caussa,·</span> <span class='ocrx_word' id='word_1_186' title='bbox 1163 1365 1294 1395; x_wconf 85' lang='lat' dir='ltr'>suerunt</span> <span class='ocrx_word' id='word_1_187' title='bbox 1311 1389 1318 1401; x_wconf 74' lang='lat'>,</span> <span class='ocrx_word' id='word_1_188' title='bbox 1355 1364 1409 1405; x_wconf 86' lang='lat' dir='ltr'>qui</span> <span class='ocrx_word' id='word_1_189' title='bbox 1435 1364 1476 1394; x_wconf 76' lang='lat' dir='ltr'>ob</span> <span class='ocrx_word' id='word_1_190' title='bbox 1502 1363 1652 1395; x_wconf 75' lang='lat' dir='ltr'>anteced.</span> <span class='ocrx_word' id='word_1_191' title='bbox 1679 1374 1790 1396; x_wconf 78' lang='lat' dir='ltr'>caussa</span> 
     </span>
     <span class='ocr_line' id='line_1_23' title="bbox 888 1409 1190 1450; baseline 0.003 -12"><span class='ocrx_word' id='word_1_192' title='bbox 888 1410 1071 1450; x_wconf 84' lang='lat' dir='ltr'>Utrumque</span> <span class='ocrx_word' id='word_1_193' title='bbox 1096 1409 1190 1439; x_wconf 82' lang='lat' dir='ltr'>mule.</span> 
     </span>
    </p>
   </div>
   <div class='ocr_carea' id='block_1_9' title="bbox 233 1365 837 1448">
    <p class='ocr_par' dir='ltr' id='par_1_10' title="bbox 233 1365 837 1448">
     <span class='ocr_line' id='line_1_24' title="bbox 233 1365 536 1398; baseline -0.007 0"><span class='ocrx_word' id='word_1_194' title='bbox 233 1366 318 1398; x_wconf 80' lang='lat' dir='ltr'>ratio</span> <span class='ocrx_word' id='word_1_195' title='bbox 343 1365 447 1396; x_wconf 82' lang='lat' dir='ltr'>inanis</span> <span class='ocrx_word' id='word_1_196' title='bbox 474 1372 536 1396; x_wconf 67' lang='lat' dir='ltr'>est.</span> 
     </span>
     <span class='ocr_line' id='line_1_25' title="bbox 233 1409 837 1448; baseline -0.003 -7"><span class='ocrx_word' id='word_1_197' title='bbox 233 1410 409 1441; x_wconf 85' lang='lat' dir='ltr'>delendum</span> <span class='ocrx_word' id='word_1_198' title='bbox 435 1416 607 1441; x_wconf 75' lang='lat' dir='ltr'>censerent</span> <span class='ocrx_word' id='word_1_199' title='bbox 631 1409 697 1440; x_wconf 90' lang='lat' dir='ltr'>h.l.</span> <span class='ocrx_word' id='word_1_200' title='bbox 721 1411 837 1448; x_wconf 73' lang='lat' dir='ltr'>9ralz‘a.</span> 
     </span>
    </p>
   </div>
   <div class='ocr_carea' id='block_1_10' title="bbox 234 1453 1116 1496">
    <p class='ocr_par' dir='ltr' id='par_1_11' title="bbox 234 1453 1116 1496">
     <span class='ocr_line' id='line_1_26' title="bbox 234 1453 1116 1496; baseline -0.002 -10"><span class='ocrx_word' id='word_1_201' title='bbox 234 1456 285 1487; x_wconf 79' lang='lat' dir='ltr'>ed.</span> <span class='ocrx_word' id='word_1_202' title='bbox 313 1456 395 1485; x_wconf 87' lang='lat' dir='ltr'>lunt.</span> <span class='ocrx_word' id='word_1_203' title='bbox 421 1457 571 1494; x_wconf 70' lang='lat' dir='ltr'>defluxit:</span> <span class='ocrx_word' id='word_1_204' title='bbox 609 1454 697 1496; x_wconf 86' lang='lat' dir='ltr'>quod</span> <span class='ocrx_word' id='word_1_205' title='bbox 722 1453 761 1484; x_wconf 81' lang='lat' dir='ltr'>ab</span> <span class='ocrx_word' id='word_1_206' title='bbox 788 1453 819 1484; x_wconf 88' lang='lat' dir='ltr'>h.</span> <span class='ocrx_word' id='word_1_207' title='bbox 845 1453 866 1483; x_wconf 93' lang='lat' dir='ltr'>l.</span> <span class='ocrx_word' id='word_1_208' title='bbox 892 1453 1031 1483; x_wconf 73' lang='lat' dir='ltr'>alienum</span> <span class='ocrx_word' id='word_1_209' title='bbox 1058 1460 1116 1485; x_wconf 77' lang='lat' dir='ltr'>est.</span> 
     </span>
    </p>
   </div>
   <div class='ocr_carea' id='block_1_11' title="bbox 520 1498 704 1530">
    <p class='ocr_par' dir='ltr' id='par_1_12' title="bbox 520 1498 704 1530">
     <span class='ocr_line' id='line_1_27' title="bbox 520 1498 704 1530; baseline -0.011 0"><span class='ocrx_word' id='word_1_210' title='bbox 520 1500 540 1530; x_wconf 65' lang='lat'><strong>2</strong></span> <span class='ocrx_word' id='word_1_211' title='bbox 566 1510 595 1530; x_wconf 78' lang='lat' dir='ltr'>V.</span> <span class='ocrx_word' id='word_1_212' title='bbox 622 1498 704 1529; x_wconf 74' lang='lat' dir='ltr'>Adn.</span> 
     </span>
    </p>
   </div>
   <div class='ocr_carea' id='block_1_12' title="bbox 232 1501 471 1537">
    <p class='ocr_par' dir='ltr' id='par_1_13' title="bbox 232 1501 471 1537">
     <span class='ocr_line' id='line_1_28' title="bbox 232 1501 471 1537; baseline -0.008 -6"><span class='ocrx_word' id='word_1_213' title='bbox 232 1501 369 1537; x_wconf 74' lang='lat' dir='ltr'>XXVI,</span> <span class='ocrx_word' id='word_1_214' title='bbox 400 1501 471 1530; x_wconf 75' lang='lat' dir='ltr'>ico.</span> 
     </span>
    </p>
   </div>
   <div class='ocr_carea' id='block_1_13' title="bbox 231 1565 994 2993">
    <p class='ocr_par' dir='ltr' id='par_1_14' title="bbox 231 1565 994 2680">
     <span class='ocr_line' id='line_1_29' title="bbox 234 1565 994 1609; baseline -0.003 -11"><span class='ocrx_word' id='word_1_215' title='bbox 234 1567 417 1609; x_wconf 76' lang='lat' dir='ltr'>scripturn,</span> <span class='ocrx_word' id='word_1_216' title='bbox 454 1565 515 1596; x_wconf 81' lang='lat' dir='ltr'>nisi</span> <span class='ocrx_word' id='word_1_217' title='bbox 550 1565 637 1607; x_wconf 83' lang='lat' dir='ltr'>quod</span> <span class='ocrx_word' id='word_1_218' title='bbox 664 1565 756 1596; x_wconf 85' lang='lat' dir='ltr'>Leid.</span> <span class='ocrx_word' id='word_1_219' title='bbox 782 1565 901 1596; x_wconf 79' lang='lat' dir='ltr'>habet:</span> <span class='ocrx_word' id='word_1_220' title='bbox 936 1568 994 1596; x_wconf 75' lang='lat' dir='ltr'>illa</span> 
     </span>
     <span class='ocr_line' id='line_1_30' title="bbox 233 1610 993 1643; baseline -0.004 0"><span class='ocrx_word' id='word_1_221' title='bbox 233 1615 297 1643; x_wconf 77' lang='lat' dir='ltr'>alia</span> <span class='ocrx_word' id='word_1_222' title='bbox 319 1614 412 1642; x_wconf 71' lang='lat' dir='ltr'>victa.</span> <span class='ocrx_word' id='word_1_223' title='bbox 450 1610 596 1641; x_wconf 77' lang='lat' dir='ltr'>Davisius</span> <span class='ocrx_word' id='word_1_224' title='bbox 621 1621 697 1641; x_wconf 83' lang='lat' dir='ltr'>vero</span> <span class='ocrx_word' id='word_1_225' title='bbox 719 1622 735 1641; x_wconf 83' lang='lat' dir='ltr'>e</span> <span class='ocrx_word' id='word_1_226' title='bbox 751 1610 886 1641; x_wconf 73' lang='lat' dir='ltr'>Bentleii</span> <span class='ocrx_word' id='word_1_227' title='bbox 911 1622 993 1641; x_wconf 80' lang='lat' dir='ltr'>con—</span> 
     </span>
     <span class='ocr_line' id='line_1_31' title="bbox 233 1655 994 1687; baseline -0.001 0"><span class='ocrx_word' id='word_1_228' title='bbox 233 1656 357 1687; x_wconf 76' lang='lat' dir='ltr'>iectura</span> <span class='ocrx_word' id='word_1_229' title='bbox 378 1655 488 1687; x_wconf 75' lang='lat' dir='ltr'>dedit:</span> <span class='ocrx_word' id='word_1_230' title='bbox 523 1658 594 1686; x_wconf 73' lang='lat' dir='ltr'>illae</span> <span class='ocrx_word' id='word_1_231' title='bbox 619 1658 717 1686; x_wconf 65' lang='lat' dir='ltr'>victae</span> <span class='ocrx_word' id='word_1_232' title='bbox 742 1660 873 1686; x_wconf 71' lang='lat' dir='ltr'>moestae</span> <span class='ocrx_word' id='word_1_233' title='bbox 898 1657 994 1686; x_wconf 69' lang='lat' dir='ltr'>disce-</span> 
     </span>
     <span class='ocr_line' id='line_1_32' title="bbox 236 1700 992 1742; baseline -0.004 -9"><span class='ocrx_word' id='word_1_234' title='bbox 236 1704 332 1740; x_wconf 69' lang='lat' dir='ltr'>dunt,</span> <span class='ocrx_word' id='word_1_235' title='bbox 371 1712 467 1742; x_wconf 86' lang='lat' dir='ltr'>quum</span> <span class='ocrx_word' id='word_1_236' title='bbox 503 1701 612 1742; x_wconf 74' lang='lat' dir='ltr'>paullo</span> <span class='ocrx_word' id='word_1_237' title='bbox 647 1706 725 1730; x_wconf 83' lang='lat' dir='ltr'>ante</span> <span class='ocrx_word' id='word_1_238' title='bbox 749 1700 872 1730; x_wconf 78' lang='lat' dir='ltr'>dictum</span> <span class='ocrx_word' id='word_1_239' title='bbox 898 1708 992 1736; x_wconf 79' lang='lat' dir='ltr'>esset,</span> 
     </span>
     <span class='ocr_line' id='line_1_33' title="bbox 231 1745 993 1786; baseline -0.003 -9"><span class='ocrx_word' id='word_1_240' title='bbox 231 1749 335 1786; x_wconf 73' lang='lat' dir='ltr'>plures</span> <span class='ocrx_word' id='word_1_241' title='bbox 367 1748 496 1785; x_wconf 65' lang='lat' dir='ltr'>singulis</span> <span class='ocrx_word' id='word_1_242' title='bbox 529 1748 623 1776; x_wconf 82' lang='lat' dir='ltr'>solere</span> <span class='ocrx_word' id='word_1_243' title='bbox 656 1755 717 1775; x_wconf 69' lang='lat' dir='ltr'>esse</span> <span class='ocrx_word' id='word_1_244' title='bbox 752 1749 876 1784; x_wconf 73' lang='lat' dir='ltr'>nuptas.</span> <span class='ocrx_word' id='word_1_245' title='bbox 934 1745 993 1775; x_wconf 74' lang='lat' dir='ltr'>Alii</span> 
     </span>
     <span class='ocr_line' id='line_1_34' title="bbox 233 1790 994 1831; baseline -0.001 -10"><span class='ocrx_word' id='word_1_246' title='bbox 233 1790 431 1825; x_wconf 74' lang='lat' dir='ltr'>statuebant,</span> <span class='ocrx_word' id='word_1_247' title='bbox 459 1790 537 1820; x_wconf 88' lang='lat' dir='ltr'>duas</span> <span class='ocrx_word' id='word_1_248' title='bbox 562 1796 689 1820; x_wconf 81' lang='lat' dir='ltr'>tantum</span> <span class='ocrx_word' id='word_1_249' title='bbox 717 1790 850 1831; x_wconf 76' lang='lat' dir='ltr'>siugulis</span> <span class='ocrx_word' id='word_1_250' title='bbox 876 1796 994 1831; x_wconf 76' lang='lat' dir='ltr'>nuptas</span> 
     </span>
     <span class='ocr_line' id='line_1_35' title="bbox 234 1834 994 1866; baseline -0.003 0"><span class='ocrx_word' id='word_1_251' title='bbox 234 1836 352 1866; x_wconf 83' lang='lat' dir='ltr'>fuisse:</span> <span class='ocrx_word' id='word_1_252' title='bbox 393 1834 441 1865; x_wconf 88' lang='lat' dir='ltr'>cui</span> <span class='ocrx_word' id='word_1_253' title='bbox 466 1835 649 1865; x_wconf 71' lang='lat' dir='ltr'>sententiae</span> <span class='ocrx_word' id='word_1_254' title='bbox 674 1834 839 1865; x_wconf 79' lang='lat' dir='ltr'>adversari</span> <span class='ocrx_word' id='word_1_255' title='bbox 866 1834 994 1865; x_wconf 80' lang='lat' dir='ltr'>videtur</span> 
     </span>
     <span class='ocr_line' id='line_1_36' title="bbox 233 1879 993 1921; baseline -0.001 -10"><span class='ocrx_word' id='word_1_256' title='bbox 233 1892 296 1911; x_wconf 78' lang='lat' dir='ltr'>vox</span> <span class='ocrx_word' id='word_1_257' title='bbox 310 1882 424 1919; x_wconf 65' lang='lat' dir='ltr'>plures,</span> <span class='ocrx_word' id='word_1_258' title='bbox 440 1879 584 1921; x_wconf 76' lang='lat' dir='ltr'>itemque</span> <span class='ocrx_word' id='word_1_259' title='bbox 599 1890 691 1919; x_wconf 76' lang='lat' dir='ltr'>qunm</span> <span class='ocrx_word' id='word_1_260' title='bbox 705 1881 884 1918; x_wconf 75' lang='lat' dir='ltr'>plurimum.</span> <span class='ocrx_word' id='word_1_261' title='bbox 922 1880 993 1909; x_wconf 83' lang='lat' dir='ltr'>Oli—</span> 
     </span>
     <span class='ocr_line' id='line_1_37' title="bbox 233 1924 993 1966; baseline -0.001 -10"><span class='ocrx_word' id='word_1_262' title='bbox 233 1932 298 1956; x_wconf 82' lang='lat' dir='ltr'>vet.</span> <span class='ocrx_word' id='word_1_263' title='bbox 325 1925 392 1954; x_wconf 84' lang='lat' dir='ltr'>Ecl.</span> <span class='ocrx_word' id='word_1_264' title='bbox 422 1924 487 1955; x_wconf 52' lang='lat' dir='ltr'>(fic.</span> <span class='ocrx_word' id='word_1_265' title='bbox 515 1924 534 1955; x_wconf 89' lang='lat' dir='ltr'>l.</span> <span class='ocrx_word' id='word_1_266' title='bbox 561 1924 590 1954; x_wconf 87' lang='lat' dir='ltr'>d.</span> <span class='ocrx_word' id='word_1_267' title='bbox 628 1924 769 1966; x_wconf 78' lang='lat' dir='ltr'>explicat</span> <span class='ocrx_word' id='word_1_268' title='bbox 803 1927 857 1955; x_wconf 77' lang='lat' dir='ltr'>illa</span> <span class='ocrx_word' id='word_1_269' title='bbox 890 1927 993 1955; x_wconf 77' lang='lat' dir='ltr'>victa:</span> 
     </span>
     <span class='ocr_line' id='line_1_38' title="bbox 232 1972 993 2008; baseline 0 -8"><span class='ocrx_word' id='word_1_270' title='bbox 232 1975 346 2001; x_wconf 72' lang='lat' dir='ltr'>ceterae</span> <span class='ocrx_word' id='word_1_271' title='bbox 370 1979 473 2000; x_wconf 78' lang='lat' dir='ltr'>omnes</span> <span class='ocrx_word' id='word_1_272' title='bbox 496 1979 509 2000; x_wconf 87' lang='lat' dir='ltr'>s</span> <span class='ocrx_word' id='word_1_273' title='bbox 547 1979 744 2008; x_wconf 71' lang='lat' dir='ltr'>qtcuecunque</span> <span class='ocrx_word' id='word_1_274' title='bbox 766 1972 848 2000; x_wconf 65' lang='lat' dir='ltr'>victa</span> <span class='ocrx_word' id='word_1_275' title='bbox 873 1973 925 2000; x_wconf 76' lang='lat' dir='ltr'>est.</span> <span class='ocrx_word' id='word_1_276' title='bbox 952 1988 993 1993; x_wconf 91' lang='lat'>-—-</span> 
     </span>
     <span class='ocr_line' id='line_1_39' title="bbox 235 2014 992 2055; baseline -0.003 -9"><span class='ocrx_word' id='word_1_277' title='bbox 235 2017 294 2047; x_wconf 74' lang='lat' dir='ltr'>Illa</span> <span class='ocrx_word' id='word_1_278' title='bbox 317 2014 416 2055; x_wconf 69' lang='lat' dir='ltr'>igitur</span> <span class='ocrx_word' id='word_1_279' title='bbox 442 2014 633 2051; x_wconf 70' lang='lat' dir='ltr'>collective,</span> <span class='ocrx_word' id='word_1_280' title='bbox 666 2021 700 2043; x_wconf 90' lang='lat' dir='ltr'>ut</span> <span class='ocrx_word' id='word_1_281' title='bbox 724 2014 832 2052; x_wconf 83' lang='lat' dir='ltr'>aiunt,</span> <span class='ocrx_word' id='word_1_282' title='bbox 858 2026 992 2044; x_wconf 85' lang='lat' dir='ltr'>sumen—</span> 
     </span>
     <span class='ocr_line' id='line_1_40' title="bbox 233 2058 992 2093; baseline 0 -4"><span class='ocrx_word' id='word_1_283' title='bbox 233 2060 309 2089; x_wconf 88' lang='lat' dir='ltr'>dum</span> <span class='ocrx_word' id='word_1_284' title='bbox 336 2058 474 2093; x_wconf 81' lang='lat' dir='ltr'>videtur,</span> <span class='ocrx_word' id='word_1_285' title='bbox 502 2065 534 2088; x_wconf 86' lang='lat' dir='ltr'>ut</span> <span class='ocrx_word' id='word_1_286' title='bbox 559 2065 687 2088; x_wconf 72' lang='lat' dir='ltr'>ceterae</span> <span class='ocrx_word' id='word_1_287' title='bbox 713 2059 863 2089; x_wconf 83' lang='lat' dir='ltr'>mulieres</span> <span class='ocrx_word' id='word_1_288' title='bbox 887 2059 992 2089; x_wconf 70' lang='lat' dir='ltr'>victae</span> 
     </span>
     <span class='ocr_line' id='line_1_41' title="bbox 233 2102 991 2144; baseline 0 -11"><span class='ocrx_word' id='word_1_289' title='bbox 233 2111 387 2144; x_wconf 79' lang='lat' dir='ltr'>tanquam</span> <span class='ocrx_word' id='word_1_290' title='bbox 432 2114 493 2132; x_wconf 78' lang='lat' dir='ltr'>unu</span> <span class='ocrx_word' id='word_1_291' title='bbox 527 2110 738 2144; x_wconf 74' lang='lat' dir='ltr'>opponuntur</span> <span class='ocrx_word' id='word_1_292' title='bbox 773 2103 827 2132; x_wconf 88' lang='lat' dir='ltr'>nui</span> <span class='ocrx_word' id='word_1_293' title='bbox 864 2102 991 2133; x_wconf 90' lang='lat' dir='ltr'>mulieri</span> 
     </span>
     <span class='ocr_line' id='line_1_42' title="bbox 232 2147 991 2189; baseline 0 -11"><span class='ocrx_word' id='word_1_294' title='bbox 232 2147 368 2178; x_wconf 81' lang='lat' dir='ltr'>victrici.</span> <span class='ocrx_word' id='word_1_295' title='bbox 420 2148 602 2177; x_wconf 75' lang='lat' dir='ltr'>l&#39;ronomen</span> <span class='ocrx_word' id='word_1_296' title='bbox 628 2153 736 2177; x_wconf 80' lang='lat' dir='ltr'>autem</span> <span class='ocrx_word' id='word_1_297' title='bbox 762 2150 812 2178; x_wconf 76' lang='lat' dir='ltr'>ille</span> <span class='ocrx_word' id='word_1_298' title='bbox 836 2159 934 2189; x_wconf 83' lang='lat' dir='ltr'>saepe</span> <span class='ocrx_word' id='word_1_299' title='bbox 959 2147 991 2178; x_wconf 88' lang='lat' dir='ltr'>vi</span> 
     </span>
     <span class='ocr_line' id='line_1_43' title="bbox 233 2192 990 2234; baseline -0.004 -9"><span class='ocrx_word' id='word_1_300' title='bbox 233 2192 384 2234; x_wconf 71' lang='grc' dir='ltr'>’δεικτικῇ</span> <span class='ocrx_word' id='word_1_301' title='bbox 422 2203 489 2222; x_wconf 77' lang='lat' dir='ltr'>rem</span> <span class='ocrx_word' id='word_1_302' title='bbox 520 2198 616 2222; x_wconf 78' lang='lat' dir='ltr'>antea</span> <span class='ocrx_word' id='word_1_303' title='bbox 642 2192 772 2233; x_wconf 87' lang='lat' dir='ltr'>quidem</span> <span class='ocrx_word' id='word_1_304' title='bbox 806 2203 871 2222; x_wconf 88' lang='lat' dir='ltr'>non</span> <span class='ocrx_word' id='word_1_305' title='bbox 898 2203 990 2222; x_wconf 86' lang='lat' dir='ltr'>com—</span> 
     </span>
     <span class='ocr_line' id='line_1_44' title="bbox 232 2236 990 2277; baseline -0.001 -9"><span class='ocrx_word' id='word_1_306' title='bbox 232 2243 466 2274; x_wconf 79' lang='lat' dir='ltr'>memoratam,</span> <span class='ocrx_word' id='word_1_307' title='bbox 498 2236 556 2267; x_wconf 88' lang='lat' dir='ltr'>sed</span> <span class='ocrx_word' id='word_1_308' title='bbox 581 2243 714 2274; x_wconf 77' lang='lat' dir='ltr'>notam,</span> <span class='ocrx_word' id='word_1_309' title='bbox 750 2236 808 2267; x_wconf 88' lang='lat' dir='ltr'>sed</span> <span class='ocrx_word' id='word_1_310' title='bbox 833 2236 990 2277; x_wconf 74' lang='lat' dir='ltr'>insignem</span> 
     </span>
     <span class='ocr_line' id='line_1_45' title="bbox 233 2281 990 2324; baseline 0 -13"><span class='ocrx_word' id='word_1_311' title='bbox 233 2288 332 2324; x_wconf 83' lang='lat' dir='ltr'>atque</span> <span class='ocrx_word' id='word_1_312' title='bbox 374 2281 531 2312; x_wconf 80' lang='lat' dir='ltr'>illustrem</span> <span class='ocrx_word' id='word_1_313' title='bbox 568 2281 702 2312; x_wconf 85' lang='lat' dir='ltr'>indicat.</span> <span class='ocrx_word' id='word_1_314' title='bbox 761 2282 856 2312; x_wconf 85' lang='lat' dir='ltr'>Hune</span> <span class='ocrx_word' id='word_1_315' title='bbox 900 2293 990 2312; x_wconf 90' lang='lat' dir='ltr'>usum</span> 
     </span>
     <span class='ocr_line' id='line_1_46' title="bbox 232 2326 990 2368; baseline 0.001 -12"><span class='ocrx_word' id='word_1_316' title='bbox 232 2326 377 2368; x_wconf 86' lang='lat' dir='ltr'>pluribus</span> <span class='ocrx_word' id='word_1_317' title='bbox 405 2329 537 2358; x_wconf 77' lang='lat' dir='ltr'>Orellius</span> <span class='ocrx_word' id='word_1_318' title='bbox 558 2326 733 2357; x_wconf 76' lang='lat' dir='ltr'>illustravit</span> <span class='ocrx_word' id='word_1_319' title='bbox 756 2326 930 2368; x_wconf 76' lang='lat' dir='ltr'>exempliS,</span> <span class='ocrx_word' id='word_1_320' title='bbox 957 2333 990 2357; x_wconf 89' lang='lat' dir='ltr'>ut</span> 
     </span>
     <span class='ocr_line' id='line_1_47' title="bbox 233 2371 989 2413; baseline 0 -12"><span class='ocrx_word' id='word_1_321' title='bbox 233 2371 298 2403; x_wconf 86' lang='lat' dir='ltr'>Cic.</span> <span class='ocrx_word' id='word_1_322' title='bbox 313 2373 402 2403; x_wconf 83' lang='lat' dir='ltr'>Orat.</span> <span class='ocrx_word' id='word_1_323' title='bbox 425 2373 448 2407; x_wconf 90' lang='lat' dir='ltr'>l,</span> <span class='ocrx_word' id='word_1_324' title='bbox 471 2375 510 2402; x_wconf 66' lang='lat'>4:</span> <span class='ocrx_word' id='word_1_325' title='bbox 543 2371 659 2413; x_wconf 82' lang='lat' dir='ltr'>quodsi</span> <span class='ocrx_word' id='word_1_326' title='bbox 679 2383 772 2413; x_wconf 86' lang='lat' dir='ltr'>quem</span> <span class='ocrx_word' id='word_1_327' title='bbox 796 2378 851 2402; x_wconf 79' lang='lat' dir='ltr'>aut</span> <span class='ocrx_word' id='word_1_328' title='bbox 875 2378 989 2402; x_wconf 78' lang='lat' dir='ltr'>natura</span> 
     </span>
     <span class='ocr_line' id='line_1_48' title="bbox 232 2416 990 2458; baseline 0.001 -12"><span class='ocrx_word' id='word_1_329' title='bbox 232 2428 288 2446; x_wconf 81' lang='lat' dir='ltr'>sua</span> <span class='ocrx_word' id='word_1_330' title='bbox 314 2423 368 2446; x_wconf 87' lang='lat' dir='ltr'>aut</span> <span class='ocrx_word' id='word_1_331' title='bbox 392 2418 447 2447; x_wconf 77' lang='lat' dir='ltr'>illa</span> <span class='ocrx_word' id='word_1_332' title='bbox 472 2416 668 2457; x_wconf 80' lang='lat' dir='ltr'>praestantis</span> <span class='ocrx_word' id='word_1_333' title='bbox 692 2416 813 2458; x_wconf 80' lang='lat' dir='ltr'>ingenii</span> <span class='ocrx_word' id='word_1_334' title='bbox 840 2416 886 2446; x_wconf 80' lang='lat' dir='ltr'>vis</span> <span class='ocrx_word' id='word_1_335' title='bbox 903 2417 990 2447; x_wconf 74' lang='lat' dir='ltr'>forte</span> 
     </span>
     <span class='ocr_line' id='line_1_49' title="bbox 234 2460 990 2502; baseline 0.003 -12"><span class='ocrx_word' id='word_1_336' title='bbox 234 2460 363 2491; x_wconf 75' lang='lat' dir='ltr'>deliciet</span> <span class='ocrx_word' id='word_1_337' title='bbox 390 2463 517 2502; x_wconf 61' lang='lat' dir='ltr'>(ingenii</span> <span class='ocrx_word' id='word_1_338' title='bbox 536 2464 582 2492; x_wconf 70' lang='lat' dir='ltr'>vis</span> <span class='ocrx_word' id='word_1_339' title='bbox 608 2472 673 2491; x_wconf 87' lang='lat' dir='ltr'>non</span> <span class='ocrx_word' id='word_1_340' title='bbox 694 2468 763 2491; x_wconf 82' lang='lat' dir='ltr'>erat</span> <span class='ocrx_word' id='word_1_341' title='bbox 785 2473 990 2493; x_wconf 88' lang='lat' dir='ltr'>commemo—</span> 
     </span>
     <span class='ocr_line' id='line_1_50' title="bbox 233 2505 991 2547; baseline 0.003 -13"><span class='ocrx_word' id='word_1_342' title='bbox 233 2512 314 2545; x_wconf 83' lang='lat' dir='ltr'>rata,</span> <span class='ocrx_word' id='word_1_343' title='bbox 339 2517 437 2546; x_wconf 76' lang='lat' dir='ltr'>ergo:</span> <span class='ocrx_word' id='word_1_344' title='bbox 469 2505 539 2543; x_wconf 84' lang='lat' dir='ltr'>jene</span> <span class='ocrx_word' id='word_1_345' title='bbox 559 2506 827 2547; x_wconf 76' lang='lat' dir='ltr'>ausgezeichnete</span> <span class='ocrx_word' id='word_1_346' title='bbox 841 2506 991 2537; x_wconf 87' lang='lat' dir='ltr'>Geistes-</span> 
     </span>
     <span class='ocr_line' id='line_1_51' title="bbox 233 2549 991 2582; baseline 0.004 -3"><span class='ocrx_word' id='word_1_347' title='bbox 233 2549 347 2581; x_wconf 61' lang='lat' dir='ltr'>kral&#39;tl.</span> <span class='ocrx_word' id='word_1_348' title='bbox 384 2550 489 2580; x_wconf 69' lang='lat' dir='ltr'>Tacit.</span> <span class='ocrx_word' id='word_1_349' title='bbox 508 2552 618 2581; x_wconf 88' lang='lat' dir='ltr'>Germ.</span> <span class='ocrx_word' id='word_1_350' title='bbox 643 2562 670 2581; x_wconf 90' lang='lat' dir='ltr'>c.</span> <span class='ocrx_word' id='word_1_351' title='bbox 689 2550 745 2582; x_wconf 71' lang='lat' dir='ltr'>l-l:</span> <span class='ocrx_word' id='word_1_352' title='bbox 771 2554 859 2582; x_wconf 84' lang='lat' dir='ltr'>illum</span> <span class='ocrx_word' id='word_1_353' title='bbox 884 2551 991 2582; x_wconf 79' lang='lat' dir='ltr'>bella—</span> 
     </span>
     <span class='ocr_line' id='line_1_52' title="bbox 235 2596 991 2634; baseline 0.004 -10"><span class='ocrx_word' id='word_1_354' title='bbox 235 2600 340 2624; x_wconf 72' lang='lat' dir='ltr'>torem</span> <span class='ocrx_word' id='word_1_355' title='bbox 362 2605 489 2634; x_wconf 79' lang='lat' dir='ltr'>equum,</span> <span class='ocrx_word' id='word_1_356' title='bbox 513 2598 600 2626; x_wconf 35' lang='lat' dir='ltr'>&#39;illam</span> <span class='ocrx_word' id='word_1_357' title='bbox 622 2602 787 2626; x_wconf 78' lang='lat' dir='ltr'>cruentam</span> <span class='ocrx_word' id='word_1_358' title='bbox 802 2596 991 2627; x_wconf 79' lang='lat' dir='ltr'>victricem—</span> 
     </span>
     <span class='ocr_line' id='line_1_53' title="bbox 233 2638 488 2680; baseline 0 -13"><span class='ocrx_word' id='word_1_359' title='bbox 233 2649 295 2680; x_wconf 85' lang='lat' dir='ltr'>que</span> <span class='ocrx_word' id='word_1_360' title='bbox 321 2638 488 2668; x_wconf 72' lang='lat' dir='ltr'>frameam.</span> 
     </span>
    </p>

    <p class='ocr_par' dir='ltr' id='par_1_15' title="bbox 298 2682 720 2723">
     <span class='ocr_line' id='line_1_54' title="bbox 298 2682 720 2723; baseline 0.002 -9"><span class='ocrx_word' id='word_1_361' title='bbox 298 2683 429 2723; x_wconf 66' lang='lat' dir='ltr'>umbris]</span> <span class='ocrx_word' id='word_1_362' title='bbox 455 2682 522 2713; x_wconf 75' lang='lat' dir='ltr'>vitu</span> <span class='ocrx_word' id='word_1_363' title='bbox 546 2684 720 2716; x_wconf 77' lang='lat' dir='ltr'>umbratili.</span> 
     </span>
    </p>

    <p class='ocr_par' dir='ltr' id='par_1_16' title="bbox 234 2729 991 2993">
     <span class='ocr_line' id='line_1_55' title="bbox 300 2729 990 2768; baseline 0.006 -11"><span class='ocrx_word' id='word_1_364' title='bbox 300 2729 467 2766; x_wconf 73' lang='lat' dir='ltr'>pravitatis</span> <span class='ocrx_word' id='word_1_365' title='bbox 490 2730 654 2768; x_wconf 52' lang='lat' dir='ltr'>erroribus}</span> <span class='ocrx_word' id='word_1_366' title='bbox 692 2730 733 2759; x_wconf 83' lang='lat' dir='ltr'>H.</span> <span class='ocrx_word' id='word_1_367' title='bbox 760 2742 786 2760; x_wconf 83' lang='lat' dir='ltr'>e.</span> <span class='ocrx_word' id='word_1_368' title='bbox 816 2730 990 2767; x_wconf 84' lang='lat' dir='ltr'>erroribus,</span> 
     </span>
     <span class='ocr_line' id='line_1_56' title="bbox 235 2772 990 2814; baseline 0.007 -13"><span class='ocrx_word' id='word_1_369' title='bbox 235 2772 289 2814; x_wconf 80' lang='lat' dir='ltr'>qui</span> <span class='ocrx_word' id='word_1_370' title='bbox 315 2778 491 2802; x_wconf 83' lang='lat' dir='ltr'>nascuntur</span> <span class='ocrx_word' id='word_1_371' title='bbox 515 2783 553 2801; x_wconf 80' lang='lat' dir='ltr'>ex</span> <span class='ocrx_word' id='word_1_372' title='bbox 580 2773 753 2812; x_wconf 76' lang='lat' dir='ltr'>pravitate.</span> <span class='ocrx_word' id='word_1_373' title='bbox 802 2776 841 2805; x_wconf 93' lang='lat' dir='ltr'>V.</span> <span class='ocrx_word' id='word_1_374' title='bbox 868 2775 909 2805; x_wconf 88' lang='lat' dir='ltr'>ad</span> <span class='ocrx_word' id='word_1_375' title='bbox 936 2777 990 2807; x_wconf 87' lang='lat' dir='ltr'>Ill.</span> 
     </span>
     <span class='ocr_line' id='line_1_57' title="bbox 240 2816 990 2861; baseline 0.005 -15"><span class='ocrx_word' id='word_1_376' title='bbox 240 2822 267 2853; x_wconf 80' lang='lat' dir='ltr'>l,</span> <span class='ocrx_word' id='word_1_377' title='bbox 292 2818 328 2849; x_wconf 82' lang='lat'>1:</span> <span class='ocrx_word' id='word_1_378' title='bbox 356 2816 487 2858; x_wconf 81' lang='lat' dir='ltr'>eiusque</span> <span class='ocrx_word' id='word_1_379' title='bbox 512 2816 644 2846; x_wconf 69' lang='lat' dir='ltr'>utilitas.</span> <span class='ocrx_word' id='word_1_380' title='bbox 684 2818 990 2861; x_wconf 75' lang='lat' dir='ltr'>Nullomodoopus</span> 
     </span>
     <span class='ocr_line' id='line_1_58' title="bbox 235 2860 991 2903; baseline 0.005 -11"><span class='ocrx_word' id='word_1_381' title='bbox 235 2868 283 2892; x_wconf 77' lang='lat' dir='ltr'>est</span> <span class='ocrx_word' id='word_1_382' title='bbox 307 2872 380 2892; x_wconf 87' lang='lat' dir='ltr'>cnm</span> <span class='ocrx_word' id='word_1_383' title='bbox 394 2860 553 2891; x_wconf 79' lang='lat' dir='ltr'>Lambino</span> <span class='ocrx_word' id='word_1_384' title='bbox 575 2860 683 2902; x_wconf 81' lang='lat' dir='ltr'>legere</span> <span class='ocrx_word' id='word_1_385' title='bbox 699 2865 808 2900; x_wconf 75' lang='lat' dir='ltr'>pravis</span> <span class='ocrx_word' id='word_1_386' title='bbox 829 2867 991 2903; x_wconf 69' lang='grc' dir='ltr'>σννογῐὺιιε,</span> 
     </span>
     <span class='ocr_line' id='line_1_59' title="bbox 236 2905 989 2945; baseline 0.004 -9"><span class='ocrx_word' id='word_1_387' title='bbox 236 2913 266 2936; x_wconf 81' lang='lat' dir='ltr'>ut</span> <span class='ocrx_word' id='word_1_388' title='bbox 294 2912 342 2936; x_wconf 81' lang='lat' dir='ltr'>est</span> <span class='ocrx_word' id='word_1_389' title='bbox 359 2906 391 2936; x_wconf 90' lang='lat' dir='ltr'>in</span> <span class='ocrx_word' id='word_1_390' title='bbox 415 2905 514 2937; x_wconf 90' lang='lat' dir='ltr'>duob.</span> <span class='ocrx_word' id='word_1_391' title='bbox 529 2907 608 2937; x_wconf 83' lang='lat' dir='ltr'>Oxx.</span> <span class='ocrx_word' id='word_1_392' title='bbox 643 2906 693 2937; x_wconf 76' lang='lat' dir='ltr'>Cf.</span> <span class='ocrx_word' id='word_1_393' title='bbox 711 2908 989 2945; x_wconf 58' lang='lat' dir='ltr'>lt&#39;ophens.1aectt,</span> 
     </span>
     <span class='ocr_line' id='line_1_60' title="bbox 234 2950 583 2993; baseline -0.006 -10"><span class='ocrx_word' id='word_1_394' title='bbox 234 2950 321 2983; x_wconf 90' lang='lat' dir='ltr'>Tull.</span> <span class='ocrx_word' id='word_1_395' title='bbox 346 2962 377 2992; x_wconf 85' lang='lat' dir='ltr'>p.</span> <span class='ocrx_word' id='word_1_396' title='bbox 396 2950 455 2983; x_wconf 73' lang='lat'>152</span> <span class='ocrx_word' id='word_1_397' title='bbox 470 2962 517 2993; x_wconf 90' lang='lat' dir='ltr'>sq.</span> <span class='ocrx_word' id='word_1_398' title='bbox 543 2951 583 2981; x_wconf 88' lang='lat' dir='ltr'>H.</span> 
     </span>
    </p>
   </div>
   <div class='ocr_carea' id='block_1_14' title="bbox 1644 1320 1791 1361">
    <p class='ocr_par' dir='ltr' id='par_1_17' title="bbox 1644 1320 1791 1361">
     <span class='ocr_line' id='line_1_61' title="bbox 1644 1320 1791 1361; baseline 0 -12"><span class='ocrx_word' id='word_1_399' title='bbox 1644 1320 1791 1361; x_wconf 78' lang='lat' dir='ltr'>Utraque</span> 
     </span>
    </p>
   </div>
   <div class='ocr_carea' id='block_1_15' title="bbox 1178 1409 1790 1495">
    <p class='ocr_par' dir='ltr' id='par_1_18' title="bbox 1178 1409 1790 1495">
     <span class='ocr_line' id='line_1_62' title="bbox 1238 1409 1790 1440; baseline 0 -1"><span class='ocrx_word' id='word_1_400' title='bbox 1238 1410 1398 1439; x_wconf 66' lang='lat' dir='ltr'>XXVIII.</span> <span class='ocrx_word' id='word_1_401' title='bbox 1443 1409 1454 1439; x_wconf 85' lang='lat' dir='ltr'>l</span> <span class='ocrx_word' id='word_1_402' title='bbox 1486 1410 1560 1440; x_wconf 82' lang='lat' dir='ltr'>Eru.</span> <span class='ocrx_word' id='word_1_403' title='bbox 1586 1420 1603 1439; x_wconf 87' lang='lat' dir='ltr'>e</span> <span class='ocrx_word' id='word_1_404' title='bbox 1626 1409 1736 1439; x_wconf 79' lang='lat' dir='ltr'>Guelf.</span> <span class='ocrx_word' id='word_1_405' title='bbox 1758 1414 1790 1439; x_wconf 86' lang='lat' dir='ltr'>et</span> 
     </span>
     <span class='ocr_line' id='line_1_63' title="bbox 1178 1453 1787 1495; baseline 0 -11"><span class='ocrx_word' id='word_1_406' title='bbox 1178 1453 1299 1484; x_wconf 80' lang='lat' dir='ltr'>Eadem</span> <span class='ocrx_word' id='word_1_407' title='bbox 1324 1453 1506 1495; x_wconf 78' lang='lat' dir='ltr'>sciipturae</span> <span class='ocrx_word' id='word_1_408' title='bbox 1531 1453 1670 1484; x_wconf 81' lang='lat' dir='ltr'>varietas</span> <span class='ocrx_word' id='word_1_409' title='bbox 1697 1453 1787 1484; x_wconf 87' lang='lat' dir='ltr'>Lael.</span> 
     </span>
    </p>
   </div>
   <div class='ocr_carea' id='block_1_16' title="bbox 1024 1564 1789 2994">
    <p class='ocr_par' dir='ltr' id='par_1_19' title="bbox 1026 1564 1789 2225">
     <span class='ocr_line' id='line_1_64' title="bbox 1097 1564 1787 1607; baseline 0 -10"><span class='ocrx_word' id='word_1_410' title='bbox 1097 1569 1170 1597; x_wconf 75' lang='lat' dir='ltr'>ibim</span> <span class='ocrx_word' id='word_1_411' title='bbox 1196 1585 1232 1589; x_wconf 90' lang='lat'>—</span> <span class='ocrx_word' id='word_1_412' title='bbox 1262 1565 1387 1607; x_wconf 73' lang='lat' dir='ltr'>violent]</span> <span class='ocrx_word' id='word_1_413' title='bbox 1424 1565 1525 1596; x_wconf 80' lang='lat' dir='ltr'>Cicer.</span> <span class='ocrx_word' id='word_1_414' title='bbox 1553 1566 1592 1596; x_wconf 77' lang='lat' dir='ltr'>N.</span> <span class='ocrx_word' id='word_1_415' title='bbox 1620 1566 1657 1595; x_wconf 92' lang='lat' dir='ltr'>D.</span> <span class='ocrx_word' id='word_1_416' title='bbox 1686 1566 1709 1596; x_wconf 81' lang='grc' dir='ltr'><strong>Ι.</strong></span> <span class='ocrx_word' id='word_1_417' title='bbox 1733 1564 1787 1603; x_wconf 74' lang='lat'>29,</span> 
     </span>
     <span class='ocr_line' id='line_1_65' title="bbox 1028 1609 1789 1652; baseline 0 -11"><span class='ocrx_word' id='word_1_418' title='bbox 1028 1612 1091 1642; x_wconf 58' lang='lat'>&gt;523</span> <span class='ocrx_word' id='word_1_419' title='bbox 1121 1613 1169 1641; x_wconf 68' lang='lat' dir='ltr'>&#39;Ne</span> <span class='ocrx_word' id='word_1_420' title='bbox 1194 1611 1295 1642; x_wconf 76' lang='lat' dir='ltr'>fando</span> <span class='ocrx_word' id='word_1_421' title='bbox 1320 1610 1449 1652; x_wconf 86' lang='lat' dir='ltr'>quidem</span> <span class='ocrx_word' id='word_1_422' title='bbox 1475 1609 1622 1641; x_wconf 76' lang='lat' dir='ltr'>auditum</span> <span class='ocrx_word' id='word_1_423' title='bbox 1644 1616 1692 1641; x_wconf 82' lang='lat' dir='ltr'>est</span> <span class='ocrx_word' id='word_1_424' title='bbox 1713 1621 1789 1641; x_wconf 86' lang='lat' dir='ltr'>cro—</span> 
     </span>
     <span class='ocr_line' id='line_1_66' title="bbox 1030 1654 1787 1686; baseline 0 0"><span class='ocrx_word' id='word_1_425' title='bbox 1030 1656 1171 1686; x_wconf 74' lang='lat' dir='ltr'>codilum</span> <span class='ocrx_word' id='word_1_426' title='bbox 1193 1664 1247 1686; x_wconf 76' lang='lat' dir='ltr'>aut</span> <span class='ocrx_word' id='word_1_427' title='bbox 1271 1655 1348 1685; x_wconf 88' lang='lat' dir='ltr'>ibim</span> <span class='ocrx_word' id='word_1_428' title='bbox 1372 1662 1427 1685; x_wconf 77' lang='lat' dir='ltr'>aut</span> <span class='ocrx_word' id='word_1_429' title='bbox 1451 1655 1549 1685; x_wconf 72' lang='lat' dir='ltr'>felem</span> <span class='ocrx_word' id='word_1_430' title='bbox 1574 1654 1730 1685; x_wconf 73' lang='lat' dir='ltr'>violatum</span> <span class='ocrx_word' id='word_1_431' title='bbox 1747 1655 1787 1686; x_wconf 77' lang='lat' dir='ltr'>ab</span> 
     </span>
     <span class='ocr_line' id='line_1_67' title="bbox 1033 1699 1788 1743; baseline 0.001 -13"><span class='ocrx_word' id='word_1_432' title='bbox 1033 1701 1213 1743; x_wconf 59' lang='lat' dir='ltr'>Aegyptio:</span> <span class='ocrx_word' id='word_1_433' title='bbox 1253 1712 1324 1731; x_wconf 87' lang='lat' dir='ltr'>cum</span> <span class='ocrx_word' id='word_1_434' title='bbox 1359 1712 1423 1742; x_wconf 81' lang='lat' dir='ltr'>quo</span> <span class='ocrx_word' id='word_1_435' title='bbox 1453 1699 1560 1730; x_wconf 74' lang='lat' dir='ltr'>Duris.</span> <span class='ocrx_word' id='word_1_436' title='bbox 1586 1700 1788 1742; x_wconf 79' lang='lat' dir='ltr'>comparavit</span> 
     </span>
     <span class='ocr_line' id='line_1_68' title="bbox 1030 1744 1786 1779; baseline 0 -4"><span class='ocrx_word' id='word_1_437' title='bbox 1030 1745 1193 1776; x_wconf 72' lang='lat' dir='ltr'>H‹›=-‹»‹1‹›t.</span> <span class='ocrx_word' id='word_1_438' title='bbox 1214 1748 1243 1779; x_wconf 53' lang='grc' dir='ltr'>ζ’.</span> <span class='ocrx_word' id='word_1_439' title='bbox 1267 1746 1326 1776; x_wconf 57' lang='lat' dir='ltr'>os:</span> <span class='ocrx_word' id='word_1_440' title='bbox 1354 1745 1405 1775; x_wconf 89' lang='lat' dir='ltr'>nbi</span> <span class='ocrx_word' id='word_1_441' title='bbox 1430 1757 1458 1774; x_wconf 88' lang='lat' dir='ltr'>v.</span> <span class='ocrx_word' id='word_1_442' title='bbox 1475 1747 1586 1776; x_wconf 76' lang='lat' dir='ltr'>Buehr.</span> <span class='ocrx_word' id='word_1_443' title='bbox 1604 1744 1700 1776; x_wconf 84' lang='lat' dir='ltr'>Diod.</span> <span class='ocrx_word' id='word_1_444' title='bbox 1723 1745 1786 1778; x_wconf 87' lang='lat' dir='ltr'>Sic.</span> 
     </span>
     <span class='ocr_line' id='line_1_69' title="bbox 1033 1789 1788 1832; baseline 0.001 -12"><span class='ocrx_word' id='word_1_445' title='bbox 1033 1793 1052 1821; x_wconf 92' lang='lat' dir='ltr'>l.</span> <span class='ocrx_word' id='word_1_446' title='bbox 1079 1802 1108 1832; x_wconf 81' lang='lat' dir='ltr'>p.</span> <span class='ocrx_word' id='word_1_447' title='bbox 1126 1791 1177 1823; x_wconf 72' lang='lat'>74.</span> <span class='ocrx_word' id='word_1_448' title='bbox 1201 1789 1374 1832; x_wconf 71' lang='lat' dir='ltr'>Origenin</span> <span class='ocrx_word' id='word_1_449' title='bbox 1401 1789 1482 1819; x_wconf 72' lang='lat' dir='ltr'>Cels.</span> <span class='ocrx_word' id='word_1_450' title='bbox 1512 1791 1530 1819; x_wconf 89' lang='lat' dir='ltr'>l.</span> <span class='ocrx_word' id='word_1_451' title='bbox 1555 1801 1585 1831; x_wconf 86' lang='lat' dir='ltr'>p.</span> <span class='ocrx_word' id='word_1_452' title='bbox 1598 1794 1650 1820; x_wconf 73' lang='lat' dir='ltr'>4u.</span> <span class='ocrx_word' id='word_1_453' title='bbox 1673 1790 1788 1821; x_wconf 81' lang='lat' dir='ltr'>Timo-</span> 
     </span>
     <span class='ocr_line' id='line_1_70' title="bbox 1031 1833 1787 1877; baseline -0.003 -11"><span class='ocrx_word' id='word_1_454' title='bbox 1031 1836 1123 1866; x_wconf 79' lang='lat' dir='ltr'>clcm.</span> <span class='ocrx_word' id='word_1_455' title='bbox 1139 1848 1190 1877; x_wconf 77' lang='lat' dir='ltr'>up.</span> <span class='ocrx_word' id='word_1_456' title='bbox 1208 1836 1325 1866; x_wconf 61' lang='lat' dir='ltr'>Athen.</span> <span class='ocrx_word' id='word_1_457' title='bbox 1339 1836 1409 1865; x_wconf 76' lang='lat' dir='ltr'>VII.</span> <span class='ocrx_word' id='word_1_458' title='bbox 1433 1847 1462 1876; x_wconf 82' lang='lat' dir='ltr'>p.</span> <span class='ocrx_word' id='word_1_459' title='bbox 1477 1837 1552 1865; x_wconf 50' lang='lat'>510.</span> <span class='ocrx_word' id='word_1_460' title='bbox 1580 1837 1677 1866; x_wconf 75' lang='lat' dir='ltr'>Moser</span> <span class='ocrx_word' id='word_1_461' title='bbox 1694 1833 1787 1865; x_wconf 83' lang='lat' dir='ltr'>addit</span> 
     </span>
     <span class='ocr_line' id='line_1_71' title="bbox 1029 1879 1786 1921; baseline -0.001 -11"><span class='ocrx_word' id='word_1_462' title='bbox 1029 1883 1062 1911; x_wconf 91' lang='lat' dir='ltr'>F.</span> <span class='ocrx_word' id='word_1_463' title='bbox 1079 1883 1110 1912; x_wconf 84' lang='lat' dir='ltr'>S.</span> <span class='ocrx_word' id='word_1_464' title='bbox 1127 1883 1255 1912; x_wconf 71' lang='lat' dir='ltr'>Zichleri</span> <span class='ocrx_word' id='word_1_465' title='bbox 1278 1881 1378 1911; x_wconf 76' lang='lat' dir='ltr'>Diatr.</span> <span class='ocrx_word' id='word_1_466' title='bbox 1403 1879 1443 1910; x_wconf 81' lang='lat' dir='ltr'>(le</span> <span class='ocrx_word' id='word_1_467' title='bbox 1470 1879 1636 1921; x_wconf 68' lang='lat' dir='ltr'>Aegyptiis</span> <span class='ocrx_word' id='word_1_468' title='bbox 1661 1879 1786 1910; x_wconf 76' lang='lat' dir='ltr'>bestiu—</span> 
     </span>
     <span class='ocr_line' id='line_1_72' title="bbox 1029 1921 1786 1968; baseline -0.005 -12"><span class='ocrx_word' id='word_1_469' title='bbox 1029 1938 1097 1956; x_wconf 86' lang='lat' dir='ltr'>rum</span> <span class='ocrx_word' id='word_1_470' title='bbox 1125 1925 1302 1957; x_wconf 74' lang='lat' dir='ltr'>cultoribus</span> <span class='ocrx_word' id='word_1_471' title='bbox 1328 1926 1394 1968; x_wconf 40' lang='lat' dir='ltr'>Iex-i.</span> <span class='ocrx_word' id='word_1_472' title='bbox 1425 1924 1517 1957; x_wconf 69' lang='lat'>1750.</span> <span class='ocrx_word' id='word_1_473' title='bbox 1546 1921 1667 1965; x_wconf 57' lang='lat' dir='ltr'>§.45sp</span> <span class='ocrx_word' id='word_1_474' title='bbox 1695 1936 1724 1965; x_wconf 82' lang='lat' dir='ltr'>p.</span> <span class='ocrx_word' id='word_1_475' title='bbox 1747 1925 1786 1955; x_wconf 69' lang='lat' dir='ltr'>ll.)</span> 
     </span>
     <span class='ocr_line' id='line_1_73' title="bbox 1027 1964 1786 2002; baseline -0.005 0"><span class='ocrx_word' id='word_1_476' title='bbox 1027 1990 1069 1994; x_wconf 97' lang='lat'>—</span> <span class='ocrx_word' id='word_1_477' title='bbox 1090 1971 1137 2002; x_wconf 67' lang='lat'>19.</span> <span class='ocrx_word' id='word_1_478' title='bbox 1186 1973 1325 2001; x_wconf 78' lang='lat' dir='ltr'>Meiners.</span> <span class='ocrx_word' id='word_1_479' title='bbox 1351 1964 1443 2000; x_wconf 67' lang='lat' dir='ltr'>&#39;Uber</span> <span class='ocrx_word' id='word_1_480' title='bbox 1465 1968 1495 2001; x_wconf 92' lang='lat' dir='ltr'>d.</span> <span class='ocrx_word' id='word_1_481' title='bbox 1519 1968 1731 2000; x_wconf 78' lang='lat' dir='ltr'>&#39;Phierdienst</span> <span class='ocrx_word' id='word_1_482' title='bbox 1753 1968 1786 1999; x_wconf 80' lang='lat' dir='ltr'>(l.</span> 
     </span>
     <span class='ocr_line' id='line_1_74' title="bbox 1030 2012 1784 2057; baseline -0.003 -12"><span class='ocrx_word' id='word_1_483' title='bbox 1030 2020 1106 2057; x_wconf 69' lang='lat' dir='ltr'>Aeg.</span> <span class='ocrx_word' id='word_1_484' title='bbox 1121 2015 1152 2045; x_wconf 88' lang='lat' dir='ltr'>in</span> <span class='ocrx_word' id='word_1_485' title='bbox 1171 2015 1209 2045; x_wconf 91' lang='lat' dir='ltr'>ei.</span> <span class='ocrx_word' id='word_1_486' title='bbox 1227 2013 1494 2046; x_wconf 82' lang='lat' dir='ltr'>Philos.Seh1-ift.</span> <span class='ocrx_word' id='word_1_487' title='bbox 1512 2014 1537 2044; x_wconf 82' lang='grc' dir='ltr'><strong>ἶ.</strong></span> <span class='ocrx_word' id='word_1_488' title='bbox 1553 2025 1582 2055; x_wconf 88' lang='lat' dir='ltr'>p.</span> <span class='ocrx_word' id='word_1_489' title='bbox 1601 2012 1784 2046; x_wconf 74' lang='lat'>192—250.</span> 
     </span>
     <span class='ocr_line' id='line_1_75' title="bbox 1028 2058 1785 2101; baseline -0.003 -10"><span class='ocrx_word' id='word_1_490' title='bbox 1028 2060 1129 2091; x_wconf 89' lang='lat' dir='ltr'>eiusd.</span> <span class='ocrx_word' id='word_1_491' title='bbox 1152 2061 1235 2090; x_wconf 82' lang='lat' dir='ltr'>Hist.</span> <span class='ocrx_word' id='word_1_492' title='bbox 1252 2059 1292 2090; x_wconf 90' lang='lat' dir='ltr'>de</span> <span class='ocrx_word' id='word_1_493' title='bbox 1317 2070 1395 2091; x_wconf 87' lang='lat' dir='ltr'>vero</span> <span class='ocrx_word' id='word_1_494' title='bbox 1421 2058 1485 2089; x_wconf 88' lang='lat' dir='ltr'>deo</span> <span class='ocrx_word' id='word_1_495' title='bbox 1507 2060 1531 2092; x_wconf 90' lang='grc' dir='ltr'>Ι.</span> <span class='ocrx_word' id='word_1_496' title='bbox 1551 2058 1594 2090; x_wconf 73' lang='lat'>23</span> <span class='ocrx_word' id='word_1_497' title='bbox 1605 2070 1655 2101; x_wconf 89' lang='lat' dir='ltr'>sq.</span> <span class='ocrx_word' id='word_1_498' title='bbox 1692 2060 1785 2090; x_wconf 85' lang='lat' dir='ltr'>Creu-</span> 
     </span>
     <span class='ocr_line' id='line_1_76' title="bbox 1027 2103 1783 2146; baseline -0.003 -10"><span class='ocrx_word' id='word_1_499' title='bbox 1027 2108 1088 2136; x_wconf 76' lang='lat' dir='ltr'>zerz&#39;</span> <span class='ocrx_word' id='word_1_500' title='bbox 1124 2105 1322 2135; x_wconf 78' lang='lat' dir='ltr'>Commentt.</span> <span class='ocrx_word' id='word_1_501' title='bbox 1349 2103 1525 2134; x_wconf 82' lang='lat' dir='ltr'>Herodott.</span> <span class='ocrx_word' id='word_1_502' title='bbox 1551 2104 1576 2134; x_wconf 90' lang='grc' dir='ltr'>Ι.</span> <span class='ocrx_word' id='word_1_503' title='bbox 1610 2115 1643 2146; x_wconf 92' lang='lat' dir='ltr'>p.</span> <span class='ocrx_word' id='word_1_504' title='bbox 1669 2103 1783 2135; x_wconf 83' lang='lat'>110—</span> 
     </span>
     <span class='ocr_line' id='line_1_77' title="bbox 1031 2146 1785 2192; baseline -0.001 -12"><span class='ocrx_word' id='word_1_505' title='bbox 1031 2147 1101 2181; x_wconf 58' lang='grc'><strong>1134.</strong></span> <span class='ocrx_word' id='word_1_506' title='bbox 1127 2149 1228 2179; x_wconf 74' lang='lat' dir='ltr'>eiusd.</span> <span class='ocrx_word' id='word_1_507' title='bbox 1251 2149 1361 2192; x_wconf 83' lang='lat' dir='ltr'>Symb.</span> <span class='ocrx_word' id='word_1_508' title='bbox 1386 2160 1416 2179; x_wconf 89' lang='lat' dir='ltr'>u.</span> <span class='ocrx_word' id='word_1_509' title='bbox 1441 2147 1550 2190; x_wconf 80' lang='lat' dir='ltr'>Myth.</span> <span class='ocrx_word' id='word_1_510' title='bbox 1572 2149 1597 2179; x_wconf 81' lang='grc' dir='ltr'><strong>Ι.</strong></span> <span class='ocrx_word' id='word_1_511' title='bbox 1622 2159 1653 2190; x_wconf 91' lang='lat' dir='ltr'>p.</span> <span class='ocrx_word' id='word_1_512' title='bbox 1666 2146 1785 2180; x_wconf 70' lang='lat'>&#39;475—</span> 
     </span>
     <span class='ocr_line' id='line_1_78' title="bbox 1026 2192 1228 2225; baseline -0.015 0"><span class='ocrx_word' id='word_1_513' title='bbox 1026 2192 1102 2225; x_wconf 65' lang='lat'>493.</span> <span class='ocrx_word' id='word_1_514' title='bbox 1130 2194 1180 2223; x_wconf 87' lang='lat' dir='ltr'>ed.</span> <span class='ocrx_word' id='word_1_515' title='bbox 1197 2196 1228 2225; x_wconf 68' lang='lat'>2.</span> 
     </span>
    </p>

    <p class='ocr_par' dir='ltr' id='par_1_20' title="bbox 1024 2238 1784 2591">
     <span class='ocr_line' id='line_1_79' title="bbox 1092 2238 1781 2280; baseline -0.003 -11"><span class='ocrx_word' id='word_1_516' title='bbox 1092 2249 1222 2277; x_wconf 78' lang='lat' dir='ltr'>quorum</span> <span class='ocrx_word' id='word_1_517' title='bbox 1245 2256 1288 2260; x_wconf 92' lang='grc'>--</span> <span class='ocrx_word' id='word_1_518' title='bbox 1321 2240 1348 2269; x_wconf 73' lang='lat' dir='ltr'>si</span> <span class='ocrx_word' id='word_1_519' title='bbox 1370 2254 1414 2259; x_wconf 80' lang='lat'>—</span> <span class='ocrx_word' id='word_1_520' title='bbox 1438 2238 1599 2276; x_wconf 76' lang='lat' dir='ltr'>quidpiam</span> <span class='ocrx_word' id='word_1_521' title='bbox 1635 2238 1781 2280; x_wconf 77' lang='lat' dir='ltr'>fecerint]</span> 
     </span>
     <span class='ocr_line' id='line_1_80' title="bbox 1024 2281 1784 2324; baseline -0.001 -11"><span class='ocrx_word' id='word_1_522' title='bbox 1024 2293 1156 2322; x_wconf 80' lang='lat' dir='ltr'>quorum</span> <span class='ocrx_word' id='word_1_523' title='bbox 1180 2283 1199 2313; x_wconf 90' lang='lat' dir='ltr'>i.</span> <span class='ocrx_word' id='word_1_524' title='bbox 1215 2294 1242 2313; x_wconf 89' lang='lat' dir='ltr'>e.</span> <span class='ocrx_word' id='word_1_525' title='bbox 1260 2293 1394 2324; x_wconf 83' lang='lat' dir='ltr'>quarum</span> <span class='ocrx_word' id='word_1_526' title='bbox 1416 2293 1520 2312; x_wconf 87' lang='lat' dir='ltr'>rerum</span> <span class='ocrx_word' id='word_1_527' title='bbox 1547 2281 1685 2323; x_wconf 75' lang='lat' dir='ltr'>(violare</span> <span class='ocrx_word' id='word_1_528' title='bbox 1705 2281 1784 2312; x_wconf 87' lang='lat' dir='ltr'>ibim</span> 
     </span>
     <span class='ocr_line' id='line_1_81' title="bbox 1025 2326 1784 2369; baseline 0 -12"><span class='ocrx_word' id='word_1_529' title='bbox 1025 2334 1079 2357; x_wconf 77' lang='lat' dir='ltr'>aut</span> <span class='ocrx_word' id='word_1_530' title='bbox 1104 2339 1172 2369; x_wconf 80' lang='lat' dir='ltr'>usp.</span> <span class='ocrx_word' id='word_1_531' title='bbox 1197 2335 1252 2358; x_wconf 83' lang='lat' dir='ltr'>aut</span> <span class='ocrx_word' id='word_1_532' title='bbox 1278 2327 1377 2357; x_wconf 84' lang='lat' dir='ltr'>felem</span> <span class='ocrx_word' id='word_1_533' title='bbox 1399 2327 1489 2366; x_wconf 57' lang='lat' dir='ltr'>eta).</span> <span class='ocrx_word' id='word_1_534' title='bbox 1541 2328 1665 2366; x_wconf 81' lang='lat' dir='ltr'>Wolfius</span> <span class='ocrx_word' id='word_1_535' title='bbox 1679 2326 1784 2357; x_wconf 83' lang='lat' dir='ltr'>refert</span> 
     </span>
     <span class='ocr_line' id='line_1_82' title="bbox 1024 2372 1784 2412; baseline -0.003 -9"><span class='ocrx_word' id='word_1_536' title='bbox 1024 2383 1156 2412; x_wconf 84' lang='lat' dir='ltr'>quorum</span> <span class='ocrx_word' id='word_1_537' title='bbox 1189 2372 1231 2403; x_wconf 87' lang='lat' dir='ltr'>ad</span> <span class='ocrx_word' id='word_1_538' title='bbox 1265 2372 1386 2402; x_wconf 76' lang='lat' dir='ltr'>bestias</span> <span class='ocrx_word' id='word_1_539' title='bbox 1420 2378 1710 2409; x_wconf 78' lang='lat' dir='ltr'>commemoratas,</span> <span class='ocrx_word' id='word_1_540' title='bbox 1748 2377 1784 2401; x_wconf 84' lang='lat' dir='ltr'>ut</span> 
     </span>
     <span class='ocr_line' id='line_1_83' title="bbox 1026 2416 1783 2458; baseline -0.001 -11"><span class='ocrx_word' id='word_1_541' title='bbox 1026 2417 1107 2448; x_wconf 77' lang='lat' dir='ltr'>haec</span> <span class='ocrx_word' id='word_1_542' title='bbox 1130 2417 1173 2447; x_wconf 68' lang='lat' dir='ltr'>sit</span> <span class='ocrx_word' id='word_1_543' title='bbox 1197 2416 1378 2448; x_wconf 78' lang='lat' dir='ltr'>sententia:</span> <span class='ocrx_word' id='word_1_544' title='bbox 1412 2416 1438 2447; x_wconf 89' lang='lat' dir='ltr'>si</span> <span class='ocrx_word' id='word_1_545' title='bbox 1463 2428 1558 2458; x_wconf 88' lang='lat' dir='ltr'>quam</span> <span class='ocrx_word' id='word_1_546' title='bbox 1583 2416 1697 2446; x_wconf 82' lang='lat' dir='ltr'>liarum</span> <span class='ocrx_word' id='word_1_547' title='bbox 1721 2416 1783 2447; x_wconf 90' lang='lat' dir='ltr'>be-</span> 
     </span>
     <span class='ocr_line' id='line_1_84' title="bbox 1026 2461 1783 2503; baseline 0 -11"><span class='ocrx_word' id='word_1_548' title='bbox 1026 2462 1159 2492; x_wconf 78' lang='lat' dir='ltr'>stiarum</span> <span class='ocrx_word' id='word_1_549' title='bbox 1181 2462 1386 2499; x_wconf 80' lang='lat' dir='ltr'>violaverint,</span> <span class='ocrx_word' id='word_1_550' title='bbox 1412 2468 1443 2492; x_wconf 87' lang='lat' dir='ltr'>et</span> <span class='ocrx_word' id='word_1_551' title='bbox 1466 2461 1553 2492; x_wconf 81' lang='lat' dir='ltr'>verb.</span> <span class='ocrx_word' id='word_1_552' title='bbox 1575 2463 1700 2500; x_wconf 69' lang='lat' dir='ltr'>fecerint</span> <span class='ocrx_word' id='word_1_553' title='bbox 1722 2472 1783 2503; x_wconf 81' lang='lat' dir='ltr'>plo</span> 
     </span>
     <span class='ocr_line' id='line_1_85' title="bbox 1024 2505 1782 2548; baseline -0.004 -10"><span class='ocrx_word' id='word_1_554' title='bbox 1024 2509 1207 2539; x_wconf 71' lang='lat' dir='ltr'>violaverint</span> <span class='ocrx_word' id='word_1_555' title='bbox 1228 2507 1350 2537; x_wconf 89' lang='lat' dir='ltr'>dictum</span> <span class='ocrx_word' id='word_1_556' title='bbox 1374 2506 1433 2537; x_wconf 79' lang='lat' dir='ltr'>sit:</span> <span class='ocrx_word' id='word_1_557' title='bbox 1459 2506 1500 2536; x_wconf 84' lang='lat' dir='ltr'>‹le</span> <span class='ocrx_word' id='word_1_558' title='bbox 1522 2517 1585 2548; x_wconf 90' lang='lat' dir='ltr'>quo</span> <span class='ocrx_word' id='word_1_559' title='bbox 1609 2517 1664 2536; x_wconf 87' lang='lat' dir='ltr'>usu</span> <span class='ocrx_word' id='word_1_560' title='bbox 1688 2517 1716 2538; x_wconf 85' lang='lat' dir='ltr'>v.</span> <span class='ocrx_word' id='word_1_561' title='bbox 1740 2505 1782 2536; x_wconf 83' lang='lat' dir='ltr'>ad</span> 
     </span>
     <span class='ocr_line' id='line_1_86' title="bbox 1028 2550 1779 2591; baseline -0.003 -9"><span class='ocrx_word' id='word_1_562' title='bbox 1028 2553 1082 2582; x_wconf 83' lang='lat' dir='ltr'>IV.</span> <span class='ocrx_word' id='word_1_563' title='bbox 1101 2552 1215 2588; x_wconf 70' lang='lat'>14‚51.</span> <span class='ocrx_word' id='word_1_564' title='bbox 1244 2551 1308 2582; x_wconf 74' lang='lat' dir='ltr'>Sed</span> <span class='ocrx_word' id='word_1_565' title='bbox 1331 2552 1412 2582; x_wconf 84' lang='lat' dir='ltr'>haec</span> <span class='ocrx_word' id='word_1_566' title='bbox 1432 2551 1513 2582; x_wconf 83' lang='lat' dir='ltr'>ratio</span> <span class='ocrx_word' id='word_1_567' title='bbox 1535 2551 1638 2580; x_wconf 88' lang='lat' dir='ltr'>minus</span> <span class='ocrx_word' id='word_1_568' title='bbox 1663 2550 1779 2591; x_wconf 80' lang='lat' dir='ltr'>placet.</span> 
     </span>
    </p>

    <p class='ocr_par' dir='ltr' id='par_1_21' title="bbox 1026 2596 1780 2683">
     <span class='ocr_line' id='line_1_87' title="bbox 1095 2596 1780 2638; baseline -0.001 -12"><span class='ocrx_word' id='word_1_569' title='bbox 1095 2596 1343 2627; x_wconf 56' lang='lat' dir='ltr'>CAvXXVffl.</span> <span class='ocrx_word' id='word_1_570' title='bbox 1380 2597 1475 2638; x_wconf 49' lang='lat' dir='ltr'>§.15st</span> <span class='ocrx_word' id='word_1_571' title='bbox 1508 2598 1600 2634; x_wconf 82' lang='lat' dir='ltr'>illuc,</span> <span class='ocrx_word' id='word_1_572' title='bbox 1624 2596 1704 2626; x_wconf 82' lang='lat' dir='ltr'>unde</span> <span class='ocrx_word' id='word_1_573' title='bbox 1729 2596 1780 2625; x_wconf 81' lang='lat' dir='ltr'>de-</span> 
     </span>
     <span class='ocr_line' id='line_1_88' title="bbox 1026 2642 1254 2683; baseline -0.004 -11"><span class='ocrx_word' id='word_1_574' title='bbox 1026 2642 1123 2683; x_wconf 68' lang='lat' dir='ltr'>flexis]</span> <span class='ocrx_word' id='word_1_575' title='bbox 1153 2653 1179 2671; x_wconf 87' lang='lat' dir='ltr'>c.</span> <span class='ocrx_word' id='word_1_576' title='bbox 1201 2644 1254 2672; x_wconf 59' lang='lat'>20.</span> 
     </span>
    </p>

    <p class='ocr_par' dir='ltr' id='par_1_22' title="bbox 1026 2686 1782 2994">
     <span class='ocr_line' id='line_1_89' title="bbox 1096 2686 1779 2728; baseline -0.004 -11"><span class='ocrx_word' id='word_1_577' title='bbox 1096 2689 1208 2725; x_wconf 76' lang='lat' dir='ltr'>Dabit,</span> <span class='ocrx_word' id='word_1_578' title='bbox 1242 2686 1341 2728; x_wconf 69' lang='lat' dir='ltr'>dabit]</span> <span class='ocrx_word' id='word_1_579' title='bbox 1379 2688 1497 2715; x_wconf 66' lang='lat' dir='ltr'>Omnes</span> <span class='ocrx_word' id='word_1_580' title='bbox 1531 2690 1659 2726; x_wconf 79' lang='lat' dir='ltr'>praeter</span> <span class='ocrx_word' id='word_1_581' title='bbox 1682 2695 1779 2714; x_wconf 83' lang='lat' dir='ltr'>unum</span> 
     </span>
     <span class='ocr_line' id='line_1_90' title="bbox 1028 2730 1781 2767; baseline -0.001 -6"><span class='ocrx_word' id='word_1_582' title='bbox 1028 2733 1085 2761; x_wconf 76' lang='lat' dir='ltr'>Ox.</span> <span class='ocrx_word' id='word_1_583' title='bbox 1115 2730 1211 2762; x_wconf 77' lang='lat' dir='ltr'>codd.</span> <span class='ocrx_word' id='word_1_584' title='bbox 1249 2742 1311 2761; x_wconf 85' lang='lat' dir='ltr'>om.</span> <span class='ocrx_word' id='word_1_585' title='bbox 1349 2730 1487 2760; x_wconf 80' lang='lat' dir='ltr'>alterum</span> <span class='ocrx_word' id='word_1_586' title='bbox 1521 2731 1626 2767; x_wconf 76' lang='lat' dir='ltr'>dabit;</span> <span class='ocrx_word' id='word_1_587' title='bbox 1666 2735 1781 2760; x_wconf 76' lang='lat' dir='ltr'>contra</span> 
     </span>
     <span class='ocr_line' id='line_1_91' title="bbox 1026 2773 1780 2817; baseline -0.001 -12"><span class='ocrx_word' id='word_1_588' title='bbox 1026 2775 1149 2806; x_wconf 77' lang='lat' dir='ltr'>hubent</span> <span class='ocrx_word' id='word_1_589' title='bbox 1171 2787 1284 2806; x_wconf 83' lang='lat' dir='ltr'>omnes</span> <span class='ocrx_word' id='word_1_590' title='bbox 1306 2781 1437 2817; x_wconf 78' lang='lat' dir='ltr'>praeter</span> <span class='ocrx_word' id='word_1_591' title='bbox 1459 2776 1490 2803; x_wconf 83' lang='lat' dir='ltr'>S.</span> <span class='ocrx_word' id='word_1_592' title='bbox 1515 2780 1547 2803; x_wconf 89' lang='lat' dir='ltr'>et</span> <span class='ocrx_word' id='word_1_593' title='bbox 1562 2774 1595 2803; x_wconf 77' lang='lat' dir='ltr'>E.</span> <span class='ocrx_word' id='word_1_594' title='bbox 1612 2773 1687 2805; x_wconf 69' lang='lat' dir='ltr'>edd.</span> <span class='ocrx_word' id='word_1_595' title='bbox 1699 2780 1780 2804; x_wconf 85' lang='lat' dir='ltr'>vett.</span> 
     </span>
     <span class='ocr_line' id='line_1_92' title="bbox 1028 2817 1780 2860; baseline -0.001 -10"><span class='ocrx_word' id='word_1_596' title='bbox 1028 2821 1127 2850; x_wconf 79' lang='lat' dir='ltr'>Recte</span> <span class='ocrx_word' id='word_1_597' title='bbox 1152 2827 1263 2851; x_wconf 85' lang='lat' dir='ltr'>monet</span> <span class='ocrx_word' id='word_1_598' title='bbox 1289 2822 1387 2851; x_wconf 75' lang='lat' dir='ltr'>Moser</span> <span class='ocrx_word' id='word_1_599' title='bbox 1412 2818 1487 2848; x_wconf 78' lang='lat' dir='ltr'>talia</span> <span class='ocrx_word' id='word_1_600' title='bbox 1518 2817 1616 2848; x_wconf 80' lang='lat' dir='ltr'>verbu</span> <span class='ocrx_word' id='word_1_601' title='bbox 1642 2818 1780 2860; x_wconf 76' lang='lat' dir='ltr'>repetita</span> 
     </span>
     <span class='ocr_line' id='line_1_93' title="bbox 1026 2862 1782 2906; baseline -0.003 -11"><span class='ocrx_word' id='word_1_602' title='bbox 1026 2864 1213 2906; x_wconf 75' lang='lat' dir='ltr'>saepissime</span> <span class='ocrx_word' id='word_1_603' title='bbox 1238 2864 1388 2895; x_wconf 83' lang='lat' dir='ltr'>excidere</span> <span class='ocrx_word' id='word_1_604' title='bbox 1412 2862 1624 2904; x_wconf 78' lang='lat' dir='ltr'>additumque</span> <span class='ocrx_word' id='word_1_605' title='bbox 1654 2865 1782 2902; x_wconf 77' lang='lat' dir='ltr'>inquam</span> 
     </span>
     <span class='ocr_line' id='line_1_94' title="bbox 1026 2907 1781 2949; baseline -0.003 -9"><span class='ocrx_word' id='word_1_606' title='bbox 1026 2910 1104 2941; x_wconf 84' lang='lat' dir='ltr'>satis</span> <span class='ocrx_word' id='word_1_607' title='bbox 1130 2910 1212 2940; x_wconf 88' lang='lat' dir='ltr'>tueri</span> <span class='ocrx_word' id='word_1_608' title='bbox 1237 2909 1369 2940; x_wconf 84' lang='lat' dir='ltr'>verbum</span> <span class='ocrx_word' id='word_1_609' title='bbox 1392 2907 1471 2937; x_wconf 88' lang='lat' dir='ltr'>illud</span> <span class='ocrx_word' id='word_1_610' title='bbox 1496 2907 1683 2949; x_wconf 78' lang='lat' dir='ltr'>repetitum.</span> <span class='ocrx_word' id='word_1_611' title='bbox 1708 2909 1781 2938; x_wconf 80' lang='lat' dir='ltr'>Klo-</span> 
     </span>
     <span class='ocr_line' id='line_1_95' title="bbox 1026 2952 1781 2994; baseline -0.009 -9"><span class='ocrx_word' id='word_1_612' title='bbox 1026 2957 1115 2994; x_wconf 71' lang='lat' dir='ltr'>tzius,</span> <span class='ocrx_word' id='word_1_613' title='bbox 1140 2965 1235 2993; x_wconf 85' lang='lat' dir='ltr'>quem</span> <span class='ocrx_word' id='word_1_614' title='bbox 1258 2959 1387 2984; x_wconf 78' lang='lat' dir='ltr'>secutus</span> <span class='ocrx_word' id='word_1_615' title='bbox 1410 2958 1458 2982; x_wconf 83' lang='lat' dir='ltr'>est</span> <span class='ocrx_word' id='word_1_616' title='bbox 1484 2954 1635 2992; x_wconf 71' lang='lat' dir='ltr'>Tregder,</span> <span class='ocrx_word' id='word_1_617' title='bbox 1660 2952 1781 2983; x_wconf 56' lang='lat' dir='ltr'>(leli-vit</span> 
     </span>
    </p>
   </div>
  </div>
 </body>
</html>
