1832 3137
642 113 804 147 menn
828 115 886 147 111.
910 113 952 154 3,
978 112 1010 146 6.
1522 106 1605 150 253

47 194 118 235 bus
139 191 288 233 duobus
314 191 475 242 morbis,
510 192 570 244 (ut
597 192 770 232 omittam
792 192 938 245 alios,)
958 191 1201 248 aegritudine
1226 199 1264 234 et
1283 194 1507 248 cupiditate,
1541 196 1607 250 qui

47 265 200 306 tandem
220 271 384 319 possunt
402 264 441 303 in
464 277 628 318 corpore
650 278 738 305 esse
761 265 994 319 graviores?
1054 264 1131 319 Qui
1156 280 1252 308 vero
1276 267 1432 321 probari
1457 274 1601 322 potest,

46 345 87 379 ut
113 337 185 378 sibi
209 336 354 377 mederi
389 336 540 377 animus
575 352 651 377 non
679 337 824 392 possit,
867 352 982 391 quum
1016 338 1135 391 ipsam
1170 339 1398 380 medicinam
1431 338 1608 395 corporis

45 410 193 451 animus
210 409 428 459 invenerit,
463 424 654 464 quumque
674 411 717 450 ad
742 423 949 464 corporum
970 412 1211 451 sanationem
1230 413 1390 453 multum
1413 413 1498 468 ipsa
1519 428 1606 455 cor-

47 497 141 538 pora
164 489 203 523 et
222 489 361 522 natura
380 482 537 522 valeatl
555 514 566 534 ,
601 496 672 522 uec
696 496 855 532 omnes,
890 482 953 536 qui
975 483 1102 523 curari
1125 498 1168 524 se
1189 486 1290 539 passi
1315 486 1425 527 sint2
1440 518 1451 538 ,
1484 487 1608 527 conti-

46 570 124 596 nuo
148 555 263 595 etiam
289 555 581 606 convalescant,
614 554 730 595 animi
754 562 900 604 autem,
935 554 998 608 qui
1022 569 1065 595 se
1088 558 1218 596 sanari
1234 560 1250 584 ³
1279 559 1475 600 voluerint
1497 573 1609 614 prae-

47 629 246 683 ceptisque
265 628 495 682 sapientium
519 627 736 682 paruerint,
762 627 846 668 sine
864 627 941 668 ulla
965 627 1202 668 dubitatione
1225 633 1439 672 sanentur?
1469 638 1511 673 6.
1535 632 1611 674 Est

47 702 222 756 proiecto
248 700 366 741 animi
389 700 594 750 medicina,
629 700 887 754 philosophia,
921 700 1032 741 cuius
1053 701 1242 741 auxilium
1265 716 1340 742 non
1355 734 1365 753 ,
1401 704 1499 745 utin
1523 720 1610 746 cor—

48 774 152 829 poris
175 773 344 823 morbis,
390 773 595 827 petendum
624 780 684 813 est
709 773 828 824 foris3
869 772 1125 827 omnibusque
1151 773 1286 827 opibus
1311 775 1521 828 viribus4,
1568 785 1612 819 ut

137 875 194 906 ΙΙΙ.
243 872 260 905 1
288 885 318 905 v.
343 872 427 906 Adn.

475 872 496 904 2
522 873 575 906 Sic
595 873 711 916 scripsi
734 884 751 904 e
778 884 861 905 corr.
888 875 1033 913 Tregderi
1055 885 1116 916 pro
1140 878 1210 906 sunt
1232 874 1274 906 ob
1297 886 1389 918 seqq.
1415 879 1469 916 qui
1493 895 1538 901 —
1557 888 1611 910 vo-

46 921 157 951 luerint
178 937 222 942 —-
242 921 414 958 paruerim.
461 916 482 950 3
506 918 666 949 Nonnulli
690 917 871 950 deteriores
896 918 993 950 codd.
1015 924 1049 950 et
1069 919 1220 951 nonnull.
1245 919 1320 951 edd.
1335 927 1418 953 vett.
1442 921 1550 956 omitt.
1572 932 1612 955 se.

47 965 89 997 v.
108 963 151 995 ad
171 964 196 995 1.
220 961 283 1003 41,
307 960 362 994 98.
408 960 430 994 4
453 975 484 994 v.
505 963 590 995 Adn.

47 1031 160 1070 quendi
171 1054 181 1070 ,
204 1031 406 1069 consequendi
426 1030 512 1061 hanc
534 1029 701 1072 duplicem
722 1037 812 1062 stru-

50 1082 176 1107 cturam
210 1074 398 1106 admittunt.
446 1076 486 1106 V.
522 1085 583 1105 nos
617 1075 651 1105 in
687 1075 744 1106 Gr.
771 1076 809 1105 L.

52 1121 81 1160 ξ.
108 1118 190 1157 142,
216 1120 247 1151 2.
277 1119 307 1160 a)
347 1116 482 1162 §.142‚
506 1118 539 1152 6.
595 1121 735 1159 Madviy.
770 1119 812 1150 ad

49 1163 121 1196 Fin.
154 1165 204 1201 11,
230 1163 261 1197 3.
299 1175 331 1206 p.
360 1161 420 1195 145
443 1174 491 1205 sq.
549 1163 746 1195 Particulam
781 1168 814 1195 ut

50 1209 148 1240 etiam
170 1208 204 1239 in
226 1207 295 1246 his,
335 1207 382 1238 uti
407 1207 440 1239 in
467 1208 584 1245 ceteris
608 1208 812 1240 enuntiatio-

50 1253 166 1290 nibus,
213 1253 381 1295 propriam
414 1264 504 1284 suam
539 1252 813 1294 significationem

52 1299 238 1340 (quomodo,
267 1300 345 1336 wie,
383 1293 457 1339 ὥς,
494 1293 623 1337 ὅπως)
659 1297 812 1336 retinere,

50 1341 214 1374 subtiliter
257 1343 428 1373 Eduardus
466 1343 643 1373 Wunder
673 1341 704 1372 in
741 1345 813 1372 An-

49 1386 114 1418 nal.
137 1385 243 1418 Iahnii
267 1386 322 1417 IV.
345 1387 377 1416 2.
416 1385 644 1417 demonstrare
679 1385 812 1417 studet:

49 1442 145 1474 quam
190 1429 387 1461 sententiam
430 1429 603 1472 impugnat
635 1432 816 1471 Madvigius

49 1475 71 1507 l.
94 1475 126 1508 d.
175 1475 300 1512 Etiam,
338 1486 420 1517 quae
444 1477 590 1507 Handius
620 1474 662 1506 ad
686 1475 812 1517 Wopk.

50 1521 145 1551 Lect.
167 1531 199 1562 p.
216 1517 292 1552 404.
315 1526 430 1550 contra
450 1520 543 1551 illum
564 1527 689 1560 monet,
716 1519 815 1562 digna

50 1571 125 1596 sunt
149 1575 232 1607 quae
256 1564 485 1606 respiciantur.

117 1619 249 1649 corpora
281 1613 308 1640 et
340 1613 455 1640 natura
486 1608 603 1651 valeat]
639 1609 732 1640 Haec
767 1616 816 1640 est

51 1654 184 1696 vulgata
219 1653 401 1695 scriptura,
442 1653 536 1695 Regii
573 1664 720 1696 quoque,
758 1654 816 1685 Pi-

52 1697 206 1738 thoeani,
234 1697 318 1729 Gud.
345 1698 393 1735 l.,
423 1698 593 1729 Beruensis
617 1698 817 1730 auctoritate

51 1743 195 1780 munita,
233 1754 329 1786 quam
361 1749 452 1774 recte
483 1750 724 1774 revocaverunt
746 1744 816 1783 W„

53 1791 107 1821 Or.
122 1814 130 1827 ,
154 1794 294 1819 recentt.
315 1786 391 1819 edd.
434 1787 602 1819 Ernestius
632 1787 736 1819 edidit
759 1798 816 1820 υα-

53 1836 146 1873 leant,
167 1832 256 1875 quod
274 1832 394 1874 legitur
412 1832 444 1863 in
466 1832 565 1864 duob.
581 1834 660 1863 Oxx.
673 1832 772 1863 Vind.
790 1833 816 1863 l.

53 1882 135 1920 Aug.
162 1877 274 1908 Duisb.
308 1883 340 1908 et
374 1877 483 1919 paucis
512 1876 587 1908 edd.
614 1883 693 1907 vett.
743 1875 818 1907 Sci-

53 1922 143 1963 licet,
171 1921 198 1953 si
216 1921 304 1953 inter
322 1921 417 1963 plura
436 1921 583 1952 subiecta
605 1933 703 1952 unum
719 1932 818 1963 prae-

53 1966 192 1998 stantius
213 1972 273 2004 est,
300 1972 356 1997 aut
379 1977 442 1996 uno
463 1972 571 1997 cetera
596 1965 817 2003 continentur,

53 2011 279 2054 praedicatum
304 2017 336 2041 et
369 2010 546 2052 apponitur
568 2010 596 2041 ei
622 2016 654 2041 et
678 2010 819 2041 eundem

55 2067 151 2098 quem
184 2054 265 2086 illud
298 2054 398 2086 habet
433 2066 602 2085 numerum
637 2061 671 2085 et
704 2066 817 2097 genus.

55 2100 110 2131 Sic
131 2100 163 2131 h.
188 2099 210 2130 l.
242 2103 357 2130 natura
390 2098 527 2129 includit
558 2109 688 2139 corpora
720 2106 819 2141 atque

55 2144 237 2175 subiectum
260 2143 478 2186 praestantius
504 2151 564 2175 est.
612 2144 706 2175 Plura
726 2144 820 2175 huius

54 2189 224 2220 iuncturae
244 2188 392 2230 exempla
413 2188 673 2230 suppeditabunt
687 2191 820 2220 Ellendt.

55 2233 98 2266 ad
132 2233 173 2264 de
205 2234 258 2265 Or.
283 2234 306 2264 Ι.
329 2234 367 2265 o‘i
383 2257 393 2271 ‚
418 2233 493 2266 257.
528 2233 602 2266 Vol.
626 2234 664 2263 ΙΙ.
692 2244 724 2275 p.
745 2231 818 2265 153.

54 2279 239 2311 Ramshorn.
260 2278 298 2309 L.
322 2278 377 2308 Gr.
403 2279 429 2320 §.
446 2276 499 2310 96.
549 2279 676 2310 Kithner
701 2280 727 2320 ᾗ.
746 2277 819 2317 103,

56 2321 88 2357 6.
113 2323 155 2363 ο).
206 2321 341 2352 Diversa
366 2321 533 2363 exempla,
571 2333 653 2364 quae
683 2333 821 2353 accura-

56 2366 121 2398 tius
151 2365 368 2396 discernenda
399 2372 512 2407 erant,
550 2366 715 2408 congessit
745 2368 822 2397 Goe-

57 2421 139 2442 renz.
159 2409 201 2441 ad
215 2409 314 2441 Acad.
339 2411 376 2441 ΙΙ.
396 2410 422 2446 1,
444 2408 474 2441 3.
498 2421 530 2451 p.
549 2410 597 2441 10.
633 2412 680 2441 De
696 2411 822 2441 Graeca

58 2455 169 2497 lingua
193 2454 235 2485 cf.
262 2454 350 2485 Xen.
379 2453 414 2483 R.
439 2453 515 2484 Ath.
547 2455 581 2491 l,
607 2454 648 2485 2:
681 2453 823 2495 πένητες

60 2499 119 2533 καὶ
138 2500 248 2541 δῆμος
262 2497 356 2531 πλέον
378 2496 457 2540 ἔχει.
493 2498 534 2528 V.
550 2508 608 2528 nos
630 2498 660 2529 in
677 2499 822 2530 Gramm.

61 2545 119 2576 Gr.
145 2544 185 2576 T.
201 2545 240 2577 11.
266 2544 293 2586 ἕ.
312 2541 388 2581 433,
410 2543 441 2574 2.
479 2542 552 2584 (Gr.
577 2542 681 2574 schol.
705 2541 822 2585 §.24¹2,

126 2588 308 2673 duruerint,
337 2634 400 2663 sine
423 2633 489 2662 nlla
512 2632 716 2672 dubitatione]
746 2631 826 2662 Cum

63 2678 284 2717 Stitrenburyio
306 2676 337 2707 in
366 2676 585 2707 Commentat.
613 2677 636 2706 Ι.
663 2675 704 2706 ad
730 2675 827 2706 Offic.

64 2732 97 2763 p.
113 2721 185 2754 135.
212 2732 338 2752 comma
368 2728 445 2763 post
466 2724 628 2760 paruerint
652 2719 827 2751 delendum

65 2770 99 2795 et
130 2771 206 2807 post
235 2767 425 2798 dubitatione
456 2766 646 2807 ponendum
679 2764 826 2801 videtur3

67 2809 282 2850 respiciuntur
302 2810 387 2841 enim
409 2810 507 2841 verba
527 2809 757 2841 antecedentia
775 2811 828 2849 qui

67 2856 171 2884 curari
187 2863 217 2885 se
234 2857 321 2894 passi
339 2857 421 2895 sinl;
446 2866 551 2897 neque
572 2855 638 2885 ullo
660 2854 735 2885 loco
756 2865 828 2884 ver-

65 2896 108 2930 ba
139 2899 203 2930 sirie
225 2900 412 2931 dubitatione
443 2900 494 2931 vel
527 2902 592 2931 sine
616 2901 679 2930 ulla
705 2900 825 2930 dubila—

65 2944 143 2974 tione
166 2941 253 2974 idem
275 2943 398 2983 valent,
424 2944 511 2986 quod
534 2946 599 2976 sine
620 2945 713 2975 dubio
740 2944 828 2984 (ohne

848 1030 998 1073 Zweifel),
1023 1030 1081 1062 sed
1104 1042 1236 1074 semper
1258 1031 1444 1074 significant
1465 1035 1541 1066 ohne
1555 1036 1613 1067 Be-

847 1077 983 1115 denhen,
1014 1078 1089 1107 ohne
1113 1079 1188 1107 alles
1210 1079 1381 1110 Bedenken.
1430 1078 1528 1117 Quod
1552 1090 1614 1110 au—

847 1126 935 1158 tem,
971 1126 1006 1150 ut
1039 1120 1073 1151 id
1107 1120 1198 1163 quasi
1224 1121 1424 1163 praeteriens
1448 1134 1613 1164 moneam,

847 1164 1085 1195 recentioribus
1104 1176 1203 1208 saepe
1225 1173 1398 1208 usurpatur
1418 1169 1505 1199 haud
1522 1170 1614 1200 dubie

848 1219 909 1251 pro
933 1211 996 1240 sine
1019 1211 1122 1249 dubio,
1146 1210 1180 1240 id
1204 1210 1377 1241 barbarum
1399 1218 1459 1242 est.
1506 1213 1616 1245 Verba

850 1252 936 1284 enim
964 1255 1051 1288 haud
1071 1256 1162 1285 dubie
1185 1266 1203 1285 a
1225 1255 1389 1286 veteribus
1414 1267 1544 1299 semper
1566 1257 1614 1289 ita

848 1304 1036 1339 ponuntur,
1072 1305 1107 1329 ut
1129 1298 1315 1330 referantur
1342 1299 1384 1331 ad
1406 1311 1475 1331 rem
1498 1301 1614 1344 ipsam,

851 1352 933 1383 quae
954 1349 1116 1381 narratur,
1140 1343 1388 1387 significentque
1409 1347 1495 1377 haud
1519 1348 1615 1378 dubia

848 1388 987 1425 ratione,
1012 1389 1090 1418 satis
1110 1391 1211 1426 cerlo,
1236 1392 1312 1419 salis
1333 1393 1448 1429 aperte,
1471 1396 1523 1421 ut:
1548 1391 1614 1423 ho-

849 1436 916 1461 stes
939 1432 1025 1462 haud
1046 1432 1136 1462 dubie
1158 1431 1245 1470 vicit,
1271 1432 1302 1464 h.
1319 1445 1346 1464 e.
1372 1433 1458 1464 haud
1480 1434 1615 1466 dubium

851 1481 920 1513 est,
955 1475 1030 1517 quin
1057 1488 1116 1513 -3
1155 1476 1255 1508 verba
1286 1484 1398 1508 autem
1430 1480 1494 1510 sine
1523 1481 1616 1511 dubio

850 1530 982 1561 semper
1002 1520 1049 1550 ita
1073 1528 1288 1562 usurpantur,
1327 1528 1362 1552 ut
1383 1533 1449 1553 non
1474 1522 1517 1554 ad
1547 1535 1618 1555 rem

850 1563 975 1606 ipsam,
1009 1564 1068 1595 sed
1088 1565 1130 1595 ad
1155 1565 1320 1608 loquentis
1345 1566 1500 1598 iudicium
1524 1569 1618 1600 refe-

851 1615 967 1640 rantur
1010 1610 1299 1653 respondeantque
1343 1612 1440 1654 plane
1478 1619 1617 1646 nostro.-

851 1655 927 1685 ohne
945 1656 1089 1693 Zweifez‚
1115 1661 1166 1685 ut:
1192 1656 1305 1687 hostes
1326 1659 1390 1688 sine
1413 1658 1507 1690 dubio
1527 1657 1617 1700 vicit,

851 1697 884 1730 h.
899 1709 928 1729 e.
953 1709 1019 1729 non
1040 1698 1176 1737 dubito,
1203 1701 1280 1743 quin
1302 1720 1341 1724 —
1365 1701 1416 1732 vel
1438 1701 1517 1733 mihi
1537 1714 1619 1744 per-

852 1742 949 1780 suasi,
973 1754 1046 1774 eum
1067 1763 1110 1767 —
1131 1744 1257 1778 vicisse.
1295 1746 1411 1788 Neque
1432 1746 1497 1778 hoc
1518 1759 1619 1790 prae-

852 1787 1123 1826 termittendum,
1173 1789 1260 1831 apud
1296 1790 1490 1822 Ciceronem
1528 1792 1619 1824 nullo

851 1831 928 1863 loco
952 1832 1091 1863 inveniri
1114 1835 1200 1865 haud
1225 1836 1336 1874 dubie,
1364 1835 1466 1866 semel
1489 1841 1620 1868 tantum

852 1876 894 1907 ad
914 1877 1003 1909 Fam.
1028 1878 1105 1908 XV.
1130 1879 1157 1916 1,
1187 1879 1215 1909 1.
1241 1889 1302 1910 non
1328 1880 1420 1910 dubie
1444 1879 1477 1921 (i.
1496 1891 1525 1911 e.
1551 1892 1620 1912 non

853 1920 952 1951 dubia
984 1920 1131 1959 ratione,
1175 1923 1293 1962 certo).
1349 1923 1620 1957 Enucleatissime

855 1965 895 1995 de
920 1965 982 1996 hac
1006 1976 1041 1996 re
1066 1966 1217 2007 exposuit
1242 1969 1443 2008 Stiirenburgy.
1470 1968 1492 2001 l.
1516 1968 1550 2000 d.

933 2012 961 2050 ὁ.
987 2009 1019 2042 6.
1069 2012 1121 2041 Est.
1152 2013 1288 2051 profecto
1323 2015 1421 2044 animi
1455 2015 1621 2055 medicina,

851 2054 1063 2097 philosophia]
1086 2055 1164 2086 Post
1184 2067 1213 2085 v.
1230 2058 1386 2088 medicina
1405 2068 1532 2089 comma
1554 2071 1621 2102 po-

854 2099 921 2136 sui,
959 2098 1017 2136 „id
1051 2098 1137 2129 enim
1163 2099 1278 2131 Cicero
1311 2101 1519 2142 potissimum
1552 2104 1622 2135 vult

855 2144 976 2175 docere
997 2149 1097 2185 atque
1120 2143 1253 2175 efficere
1267 2169 1274 2183 ,
1300 2156 1372 2176 esse
1394 2146 1492 2177 animi
1511 2148 1621 2179 medi-

856 2188 960 2220 cinam
975 2212 982 2225 ,
1008 2198 1145 2230 eamque
1165 2188 1427 2231 philosophiam,
1454 2203 1521 2223 non
1542 2204 1621 2224 vero

855 2232 954 2264 animi
968 2231 1163 2264 medicinam
1178 2244 1248 2264 esse
1262 2234 1516 2277 philosophiam,
1533 2237 1623 2278 quod

855 2288 922 2309 non
946 2277 1033 2319 prius
1054 2284 1187 2319 poterat
1204 2278 1404 2309 contendere
1419 2291 1457 2310 ac
1479 2280 1623 2312 demon—

855 2329 982 2358 strare,
1021 2332 1118 2363 quam
1151 2322 1336 2360 docuisset,
1376 2334 1447 2354 esse
1481 2324 1622 2365 primum

856 2365 956 2398 animi
979 2366 1193 2403 medicinam3
1231 2366 1320 2408 quod
1344 2377 1443 2408 quum
1465 2368 1622 2411 collegis—

856 2417 927 2448 set,
953 2410 1157 2448 necessario,
1184 2421 1254 2440 eam
1274 2421 1345 2441 esse
1366 2411 1621 2455 philosophiam,

859 2455 1081 2496 cogebatur.“
1148 2456 1248 2485 Klotz.
1289 2455 1437 2493 Quaestt.
1471 2457 1559 2491 Tull.
1595 2460 1621 2490 Ι.

858 2511 889 2542 p.
920 2499 992 2531 107.

927 2541 1141 2584 omnibusque]
1178 2543 1228 2574 De
1250 2543 1411 2585 particula
1441 2556 1498 2586 que
1528 2559 1558 2579 v.
1581 2548 1624 2580 ad

860 2589 885 2619 1.
911 2588 951 2625 2,
977 2585 1008 2617 4.
1032 2589 1201 2626 iacentque.

928 2633 1037 2670 opibus
1059 2633 1189 2672 viribus]
1226 2631 1280 2664 Sic
1309 2635 1442 2666 Orellius
1475 2647 1500 2667 c.
1524 2636 1562 2668 R.
1586 2638 1622 2669 P.

863 2674 950 2707 Gud.
970 2676 997 2706 l.
1019 2674 1118 2706 duob.
1134 2678 1214 2707 Oxx.
1229 2677 1335 2709 Marb.
1358 2680 1448 2711 Mon.
1466 2680 1494 2712 1.
1516 2681 1622 2714 Rehd.

863 2719 914 2751 ed.
937 2719 1044 2751 Gebh.
1070 2731 1261 2763 comparans
1280 2724 1504 2765 proverbiales
1526 2725 1621 2757 locu-

861 2764 987 2795 tiones:
1022 2767 1106 2804 equis
1124 2768 1219 2805 viris,
1243 2770 1337 2799 remis
1355 2771 1449 2808 velis,
1484 2769 1525 2800 de
1549 2770 1623 2812 qui-

862 2809 922 2840 bus
955 2819 984 2841 v.
1018 2820 1078 2840 nos
1111 2809 1151 2840 ad
1180 2811 1221 2842 11.
1249 2811 1304 2850 11,
1330 2811 1384 2844 25.
1436 2815 1562 2853 Wolfius
1595 2826 1623 2845 c.

863 2852 974 2896 paucis
999 2853 1116 2893 codd.,
1154 2856 1195 2886 D.
1221 2855 1305 2887 Lall.
1328 2855 1408 2898 legit
1440 2861 1466 2888 el
1496 2860 1623 2891 viribus.

863 2898 1040 2940 Pleraeque
1072 2899 1147 2931 edd.
1183 2907 1264 2931 vett.
1299 2906 1331 2931 et
1358 2901 1468 2931 Duisb.
1501 2901 1625 2934 habent

862 2945 1046 2982 viribusque.
1083 2946 1109 2975 A
1134 2944 1296 2987 Gryphio,
1324 2946 1431 2981 Rern„
1458 2956 1523 2977 uno
1539 2946 1623 2979 Lall.
