1863 3221
584 806 701 845 VIRO
734 804 1038 845 CLARISSIMO

197 916 823 985 LUDOLPHO
884 911 1424 984 DISSENIO

715 1061 750 1091 S.
788 1060 828 1090 P.
866 1059 909 1089 D.

498 1143 802 1200 RAPHAEL
840 1145 1019 1199 KUHN
1021 1153 1121 1198 ER.

160 1353 435 1401 Recordanti
458 1352 566 1399 mihi
592 1352 958 1399 iucundissimum
989 1352 1101 1399 illud
1123 1356 1322 1414 tempus,
1369 1351 1488 1411 quod
1508 1366 1588 1413 ego

24 1449 124 1491 ante
145 1460 307 1505 paucos
329 1460 468 1491 annos
493 1442 744 1506 Gottingae,
779 1445 995 1490 bonarum
1015 1442 1177 1489 artium
1201 1441 1588 1501 doctrinarumque

22 1535 209 1592 nutrice,
237 1534 517 1595 antiquarum
537 1534 788 1581 litterarum
810 1533 970 1580 studiis
994 1533 1185 1591 deditus,
1213 1531 1427 1594 transegi,
1455 1547 1587 1592 quum

25 1624 109 1670 alia
137 1625 274 1670 multa
300 1630 559 1683 occurrunt,
599 1640 707 1685 quae
731 1624 924 1670 animum
951 1623 1213 1670 suavissime
1242 1621 1458 1681 afficiant,
1493 1626 1587 1668 tum

23 1713 263 1775 singularis
290 1719 386 1772 tua,
423 1714 803 1777 praestantissime
832 1714 927 1772 vir,
960 1713 1270 1760 benevolentia
1300 1728 1404 1775 erga
1425 1727 1493 1758 me
1519 1716 1586 1758 at-

24 1819 106 1863 que
132 1803 404 1851 humanitas:
451 1821 636 1865 quarum
662 1821 714 1851 ex
739 1820 788 1851 eo
817 1809 1041 1865 tempore,
1088 1819 1172 1863 quo
1195 1803 1461 1849 curriculum
1487 1817 1586 1848 aca-

23 1893 238 1940 demicum
274 1894 506 1956 ingressus
542 1894 632 1952 fui,
679 1898 747 1939 tot
772 1898 863 1939 tam
893 1893 1115 1938 luculenta
1151 1892 1416 1938 exstiterunt
1450 1892 1585 1937 docu-

23 1987 193 2040 menta,
227 1988 277 2029 ut
298 1983 569 2029 incredibilis
599 1982 774 2042 quidam
799 1986 842 2027 et
864 1981 930 2027 tui
957 1996 1080 2026 amor
1107 1985 1150 2026 et
1170 1985 1347 2027 tuarum
1368 1980 1584 2028 virtutum

21 2072 252 2118 admiratio
274 2073 321 2118 in
344 2088 411 2118 me
435 2072 714 2118 excitaretur.
784 2069 963 2117 Etenim
987 2075 1036 2117 tu
1056 2070 1095 2117 is
1117 2069 1265 2129 fuisti,
1302 2070 1377 2131 qui
1397 2086 1488 2117 non
1509 2087 1584 2118 so-

20 2161 110 2207 lum
136 2177 288 2207 eorum
313 2162 584 2220 studiorum,
622 2176 730 2221 quae
752 2161 979 2223 praeclaro
1001 2160 1286 2208 humanitatis
1306 2162 1483 2207 nomine
1508 2177 1584 2208 or-

20 2255 209 2309 nantur,
256 2251 614 2298 ardentissimum
635 2251 742 2297 mihi
768 2266 963 2298 amorem
986 2250 1264 2312 inspiravisti
1291 2251 1346 2297 ad
1378 2267 1514 2311 eaque
1541 2256 1584 2297 et

22 2344 137 2385 recte
169 2340 458 2401 ingredienda
491 2346 534 2388 et
569 2342 772 2403 gnaviter
804 2341 1111 2403 persequenda
1145 2340 1283 2387 facem
1317 2340 1583 2401 praetulisti,

24 2428 100 2474 sed
134 2429 263 2475 etiam
293 2430 341 2475 in
376 2434 470 2476 tota
507 2432 755 2478 studiorum
779 2431 950 2478 ratione
975 2430 1100 2476 rudis
1141 2433 1183 2475 et
1206 2430 1374 2476 indocti
1408 2430 1582 2478 iuvenis

23 2533 224 2580 gressum
248 2519 417 2565 rexisti.
489 2519 622 2579 Nam,
664 2525 715 2567 ut
742 2521 938 2567 omittam
959 2519 1154 2580 publicas
1180 2519 1379 2579 scholas,
1424 2521 1582 2582 quibus

21 2607 304 2655 humanitatis
328 2609 603 2671 disciplinam
623 2609 866 2668 iuventuti,
901 2610 1114 2656 bonarum
1136 2610 1387 2657 litterarum
1410 2611 1582 2657 studio-

22 2713 120 2755 sae,
165 2699 331 2757 tradis,
379 2715 486 2759 quae
525 2704 693 2746 norunt
735 2714 886 2745 omnes
925 2715 1054 2760 quam
1094 2705 1373 2761 praestantes
1411 2700 1502 2747 sint
1538 2705 1581 2746 et

22 2786 295 2847 fructuosae,
344 2789 526 2852 contigit
574 2788 703 2835 etiam
747 2788 877 2848 mihi,
932 2794 981 2836 ut
1024 2789 1236 2837 interiore
1286 2790 1471 2852 quadam
1512 2794 1579 2835 te-

22 2891 118 2923 cum
143 2879 430 2942 coniungerer
461 2878 772 2928 familiaritatis
798 2879 1030 2927 societate:
1066 2895 1115 2927 ex
1144 2898 1227 2941 qua
1258 2897 1390 2941 quum
1412 2895 1580 2926 mecum
