1863 3221
207 138 289 182 158
789 143 954 176 LIBER
981 140 1096 182 1.42,
1125 143 1197 175 100.

207 234 336 268 autem
357 224 494 265 melius
517 229 720 264 extremo:
757 220 872 272 „Sed
893 229 1042 276 tempus
1065 227 1147 271 est,
1181 221 1317 275 inquit,
1352 222 1426 263 iam
1450 222 1538 262 hinc
1558 222 1666 263 abire
1687 236 1766 273 me,

208 307 248 341 ut
271 298 441 348 moriar,
475 311 571 348 vos,
605 304 647 336 ut
673 297 791 336 vitam
821 294 962 349 agatis.
1024 293 1164 336 Utrum
1190 301 1317 334 autem
1346 296 1396 335 sit
1423 295 1585 345 melius,
1626 296 1677 335 dii
1698 297 1769 337 im-

207 372 390 413 mortales
422 370 572 420 sciunt3
605 369 798 409 hominem
832 368 984 422 quidem
1016 367 1118 408 scire
1150 367 1320 408 arbitror
1350 368 1599 408 nemine111.“

321 442 460 484 XLII.
494 441 582 483 Nae
609 456 683 495 ego
712 441 812 482 haud
836 441 962 496 paullo
989 441 1088 481 hunc
1113 440 1281 480 animum
1310 441 1462 491 malim,
1497 455 1608 494 quam
1635 454 1770 481 eorum

208 518 377 559 omnium
403 518 603 566 fortunas,
641 515 703 569 qui
732 516 777 555 de
805 515 878 555 hoc
900 514 1196 564 iudicaverunt3
1230 514 1328 565 etsi,
1370 514 1468 567 quod
1497 521 1654 568 praeter
1677 514 1770 554 deos

207 598 324 645 negat
345 590 448 630 scire
480 603 695 643 quenquam
711 591 734 638 ,θ
765 588 801 628 id
830 588 904 628 scit
929 588 1035 642 ipse,
1077 594 1202 627 utrum
1237 589 1288 626 sit
1315 587 1513 638 melius¹;
1556 601 1642 627 nam
1673 586 1770 627 dixit

208 672 320 714 ante3
354 664 423 703 sed
442 677 552 703 suum
572 662 679 713 illud,
712 661 805 701 nihil
826 668 866 701 ut
885 662 1062 710 affirmet,
1085 668 1193 700 tenet
1209 660 1255 700 ad
1275 667 1510 700 extremum.
1561 665 1656 700 100.
1684 658 1772 700 Nos

208 745 335 778 autem
358 744 581 785 teneamus,
615 741 658 774 ut
684 735 775 774 nihil
804 748 1035 774 censeamus
1060 747 1149 774 esse
1174 733 1313 773 malum
1330 764 1340 783 ,
1387 733 1487 787 quod
1514 733 1565 773 sit
1588 747 1611 773 a
1633 740 1772 773 natura

209 811 339 851 datum
366 808 568 859 omnibus,
602 807 963 861 intelligamusque,
997 807 1029 847 si
1052 821 1156 846 mors
1176 807 1316 846 malum
1343 806 1418 856 sit,
1453 820 1542 846 esse
1567 806 1773 860 sempiter-

209 898 299 924 num
324 883 481 923 malum.
542 880 646 921 Nam
666 880 771 922 vitae
794 881 963 920 miserae
982 894 1086 919 mors
1108 879 1194 919 finis
1218 893 1306 919 esse
1323 879 1500 919 videtur:
1533 893 1639 919 mors
1660 879 1691 919 si
1713 885 1774 919 est

209 957 367 1007 misera,
401 955 487 995 {inis
504 957 524 980 ²
550 967 637 994 esse
658 954 785 993 nullus
805 960 947 1007 potest.
1013 951 1091 992 Sed
1113 953 1200 1005 quid
1221 966 1292 1006 ego
1313 951 1517 993 Socratem
1537 959 1602 992 aut
1620 951 1773 992 Thera-

210 1043 361 1070 menem
377 1060 387 1078 ,
420 1034 665 1082 praestantes
688 1026 796 1065 viros
824 1025 981 1065 virtutis
1006 1032 1045 1065 et
1068 1024 1283 1079 sapientiae
1303 1024 1450 1078 gloria,
1485 1024 1774 1064 commemoro?

209 1115 325 1156 quum
350 1099 689 1140 Lacedaemonius
714 1098 865 1151 quidam
883 1129 893 1148 ,
928 1098 1037 1138 cuius
1062 1111 1110 1137 ue
1133 1111 1274 1137 nomen
1302 1097 1455 1150 quidem
1481 1097 1673 1151 proditum
1695 1103 1771 1148 cst,

209 1181 372 1215 mortem
396 1179 502 1213 tanto
524 1185 643 1227 opere
661 1171 954 1226 contempserit,
990 1177 1046 1222 ut,
1082 1184 1195 1224 quum
1218 1171 1264 1210 ad
1286 1184 1371 1210 eam
1390 1170 1599 1211 duceretur
1617 1170 1773 1211 damna-

300 1303 406 1334 XLII.

209 1347 230 1381 '2
255 1361 285 1381 v.
310 1347 395 1380 Adn.

272 1424 364 1469 §.99.
381 1427 535 1457 hominem
547 1425 685 1465 quidem]
701 1425 740 1454 V.
750 1422 791 1454 ad
805 1424 843 1454 II.
861 1421 973 1463 1241.

269 1471 346 1502 Cap.
368 1471 476 1502 XLII.
519 1472 572 1501 etsi
590 1487 632 1492 —
654 1469 723 1510 sed]
750 1469 788 1499 V.
810 1468 843 1499 in
869 1479 897 1499 c.
918 1468 973 1507 37,

279 1570 370 1592 suum
387 1560 481 1600 illud]
508 1559 549 1590 V.
572 1569 654 1601 quae
678 1557 719 1589 de
732 1556 876 1589 Socratis
896 1556 975 1599 phi—

211 1604 409 1647 losophandi
443 1615 563 1645 genere
592 1602 799 1645 exposuimus
833 1601 865 1633 in
890 1602 974 1633 libro

213 1650 245 1682 d.
269 1652 306 1682 de
331 1651 484 1681 Ciceronis
513 1651 545 1680 in
566 1649 640 1687 phil.
661 1658 736 1679 mer.
771 1659 801 1689 p.
829 1647 889 1679 13&
901 1658 973 1689 sqq.

213 1696 263 1727 De
278 1693 498 1727 collocatione
513 1690 664 1724 vocabuli
678 1696 711 1723 ui
729 1703 759 1722 v.
776 1691 818 1722 ad
834 1693 857 1722 I.
874 1691 906 1730 8,
927 1692 973 1724 lb'.

281 1742 307 1777 δ.
331 1740 398 1770 100.
418 1742 586 1776 teneamus,
603 1738 650 1778 ui]
676 1737 715 1768 V.
736 1736 777 1767 ad
801 1737 839 1767 V.
859 1734 975 1774 11‚34.

279 1786 351 1824 finis
383 1793 445 1814 esse
480 1784 582 1813 nullus
612 1782 723 1823 potest]
762 1781 839 1813 Scil.
871 1783 977 1812 mortis

211 1831 353 1861 miserae.
400 1829 483 1858 Mors
507 1829 621 1858 misera
644 1832 692 1857 est
728 1826 825 1857 miser
858 1831 975 1863 status,

212 1873 246 1905 in
271 1884 336 1916 quo
369 1872 490 1903 mortui
515 1878 697 1902 versantur.
745 1872 785 1901 V.
810 1870 976 1902 Adnotata

212 1919 245 1950 in
272 1919 344 1956 αδ,
368 1918 419 1950 15.
466 1917 542 1948 Non
568 1927 649 1958 opus
674 1922 723 1946 est
743 1915 844 1958 igitur
868 1926 894 1946 c.
921 1916 975 1947 Or.

213 1963 349 2005 aliisque
388 1961 500 2003 (etiam
534 1962 668 1993 I'Vesenb.
703 1962 744 1992 11.
779 1971 810 2002 p.
833 1960 901 1999 29.)
939 1971 977 1991 ex

213 2019 279 2039 uno
313 2006 385 2038 cod.
416 2006 504 2037 Med.
535 2005 645 2046 legere
674 2007 875 2036 miseriae
909 2007 980 2045 finis

215 2059 302 2090 etc.,
347 2062 453 2092 neque
490 2061 516 2080 c.
551 2049 653 2080 Bentl.
687 2061 704 2080 e
736 2049 834 2080 codd.
871 2049 977 2080 Gebh.

213 2098 384 2134 mortis,
408 2097 433 2125 si
457 2098 498 2126 est
521 2104 584 2132 m.,
608 2095 679 2133 finis
703 2100 766 2125 ete.

288 2141 350 2171 Sed
383 2141 472 2180 quid]
512 2140 579 2169 Iam
616 2145 796 2180 sequuntur
829 2137 978 2180 exempla

216 2184 320 2216 minus
345 2183 493 2214 illustria.

284 2231 371 2260 cuius
384 2237 420 2259 ne
433 2237 539 2259 nomen
553 2228 676 2266 quidem
690 2228 862 2268 proditum]
882 2226 978 2268 Apud

216 2273 378 2306 Plutarch.
406 2271 651 2314 Apophthegm.
687 2272 809 2302 Lacon.
848 2283 879 2313 p.
900 2271 976 2303 ¹:09.

216 2320 256 2350 Τ.
276 2318 364 2349 VIII.
388 2316 439 2347 ed.
463 2317 557 2347 Hutt.
582 2328 615 2358 p.
629 2317 707 2348 δόξ’).
733 2316 840 2357 p.370
851 2328 901 2358 sq.
926 2315 978 2348 ed.

215 2361 393 2405 VVyttenb.
415 2361 504 2403 Lips.
530 2367 666 2392 vocatur
689 2363 922 2400 TMctameues,
946 2367 978 2391 et

219 2407 352 2438 omnino
377 2418 426 2436 res
452 2405 562 2448 paullo
587 2405 683 2436 aliter
707 2412 866 2436 narratur.

284 2462 319 2483 ea
341 2461 441 2490 poena
463 2461 557 2490 quam
576 2452 639 2481 sine
659 2452 849 2481 mutuatione
871 2454 897 2481 et
916 2452 980 2481 sine

217 2505 347 2527 versura
369 2505 488 2533 possem
511 2496 690 2535 dissolvere]
718 2495 759 2526 H.
785 2506 811 2526 e.
836 2506 874 2526 ra
894 2506 978 2537 poe-

219 2552 283 2581 na,
328 2550 423 2581 quain
459 2539 637 2570 dissolvere
671 2551 801 2581 possem
834 2539 897 2578 ita,
944 2545 980 2570 ut

219 2583 350 2616 aliunde
374 2583 451 2613 mihi
475 2583 668 2614 sumendum
692 2596 758 2615 non
782 2592 886 2622 esset,
913 2595 977 2626 quo

220 2640 291 2661 eam
325 2627 546 2658 dissolverem.
606 2630 756 2660 Mutuatio
795 2629 881 2659 enim
918 2635 978 2668 est,

219 2685 317 2717 quum
343 2672 511 2714 pecuniam
536 2671 666 2702 aliunde
694 2684 800 2703 sumas
824 2676 980 2713 ,qraiuitffi

218 2727 367 2756 versura,
400 2727 496 2759 quum
523 2716 691 2756 pecuniam
716 2717 846 2748 aliunde
871 2730 978 2749 sumas

220 2765 331 2803 fenore.
368 2763 407 2792 V.
421 2763 551 2792 Erneslii
573 2760 661 2791 Clav.
676 2761 823 2793 Ciceron.
848 2763 878 2793 h.
890 2775 920 2793 v.
945 2769 980 2794 et

221 2809 412 2839 Salmasium
433 2807 481 2836 De
502 2804 601 2835 modo
624 2816 791 2836 usurarum
812 2818 842 2848 p.
856 2806 920 2840 297
930 2818 979 2849 sq.

220 2863 272 2894 ap.
295 2853 447 2882 Moserum
468 2849 608 2881 V01.111.
635 2860 665 2890 p.
678 2848 742 2882 367
753 2861 800 2891 sq.
845 2852 894 2881 De
916 2851 977 2882 im-

220 2896 372 2938 perfecto
395 2904 515 2934 possem
538 2905 568 2925 v.
592 2893 634 2924 ad
661 2905 686 2924 c.
709 2890 739 2931 4,
761 2894 791 2926 7.

289 2941 317 2982 ᾳ.
336 2942 405 2971 101.
428 2939 597 2979 principes]
625 2939 663 2969 V.
687 2937 729 2968 ad
754 2950 780 2968 c.
808 2938 856 2976 15,
882 2936 934 2971 34.

290 2985 380 3025 Cato]
408 2982 483 3015 Scil.
504 2983 536 3014 in
559 2981 753 3024 Originibus.
790 2983 871 3013 Cato
895 2983 979 3015 enim

458 1302 472 1333 l
500 1301 553 1332 Sic
586 1303 638 1332 Or.
664 1312 690 1331 c.
718 1301 756 1331 R.
784 1299 869 1331 Gud.
895 1300 923 1331 1.
952 1301 990 1332 lI.

1014 1299 1045 1331 2.
1078 1299 1214 1342 aliisque
1244 1299 1341 1331 codd.
1376 1311 1437 1342 pro
1473 1299 1560 1342 vulg.
1588 1302 1697 1332 melius
1724 1302 1773 1332 sil.

1009 1422 1096 1465 apud
1129 1423 1278 1453 Ciceron.
1311 1422 1351 1453 de
1372 1424 1504 1453 Senect.
1529 1422 1584 1461 ⁴20,
1605 1421 1668 1455 75:
1706 1421 1775 1452 Re-

1011 1467 1139 1505 cordor,
1162 1467 1278 1509 inquit,
1296 1487 1338 1490 —
1357 1467 1502 1509 legiones
1523 1473 1652 1498 nostras
1672 1466 1775 1509 (quod

1009 1512 1122 1554 scripsi
1139 1512 1171 1543 in
1189 1512 1386 1554 Originibus)
1409 1512 1441 1542 in
1461 1523 1533 1542 eum
1551 1523 1649 1554 saepe
1666 1512 1774 1543 locum

1010 1557 1177 1600 profectas
1202 1557 1300 1587 alacri
1325 1557 1433 1588 animo
1459 1563 1492 1587 et
1517 1563 1650 1595 erecto,
1689 1556 1775 1587 unde

1009 1613 1044 1633 se
1069 1613 1233 1644 nunquam
1260 1601 1419 1633 redituras
1444 1601 1692 1633 arbitrarentur.

1077 1649 1109 1679 in
1130 1657 1205 1686 quos
1227 1646 1416 1690 Simonides]
1441 1647 1578 1689 Legitur
1596 1646 1684 1689 apud
1706 1646 1777 1678 He-

1010 1691 1121 1723 rodot.
1145 1693 1225 1730 VII,
1250 1693 1335 1723 2215:

1050 1730 1100 1768 ἵΩ
1135 1733 1231 1778 ξεῖν’,
1277 1733 1447 1779 ἀγγέλλειν
1492 1735 1776 1778 Λακεδαιμονίοις,

1485 1777 1537 1815 ὅτι
1559 1782 1644 1824 τῇδε

1100 1825 1257 1868 Κείμεὲτα
1279 1829 1348 1863 τοῖς
1367 1825 1483 1858 κείνων
1505 1823 1637 1867 ῥήμασι
1658 1822 1774 1860 nam&

1488 1882 1588 1912 μενοι.

1013 1915 1122 1954 Alios,
1147 1915 1200 1958 qui
1224 1916 1288 1947 hoc
1310 1915 1510 1957 epigramma
1535 1926 1775 1946 commemora-

1013 1967 1149 1998 verunt,
1190 1961 1301 1991 attulit
1329 1963 1484 1992 Maeizner
1506 1959 1549 1990 ad
1575 1961 1715 2002 Lycurg.
1741 1959 1775 1990 in

1014 2006 1131 2037 Leocr.
1156 2006 1184 2047 ςῖ.
1206 2005 1277 2038 109.
1303 2017 1334 2047 p.
1349 2005 1426 2037 265).
1475 2006 1538 2036 Pro
1560 2007 1591 2036 in
1611 2014 1686 2044 quos
1711 2015 1776 2046 op-

1012 2050 1083 2080 timi
1117 2049 1213 2081 codd.
1238 2050 1275 2080 R.
1309 2054 1373 2092 (ap.
1399 2049 1537 2091 Tregd.)
1573 2055 1606 2080 et
1632 2049 1718 2080 Gud.
1745 2050 1773 2082 l.

1013 2095 1133 2136 aliique
1166 2094 1260 2125 multi
1295 2105 1451 2136 perverso
1487 2105 1617 2132 errore,
1658 2094 1712 2136 qui
1737 2105 1776 2125 ex

1014 2139 1148 2180 antiqua
1167 2139 1327 2180 scriptura
1343 2139 1697 2177 QVOSSIMONIDES
1713 2150 1776 2170 na-

1014 2190 1066 2213 tus
1090 2190 1151 2222 est,
1182 2183 1227 2213 uti
1252 2190 1340 2213 recte
1361 2182 1459 2213 docet
1478 2185 1587 2222 Moser,
1612 2183 1723 2225 legunt
1743 2185 1776 2214 in

1013 2238 1071 2267 quo
1094 2230 1127 2259 S.
1169 2229 1216 2258 De
1240 2227 1491 2269 praepositionis
1512 2230 1544 2258 in
1566 2239 1591 2257 c.
1608 2239 1675 2258 acc.
1698 2227 1775 2258 iun-

1015 2279 1087 2302 ctae
1110 2283 1178 2309 usu,
1205 2283 1269 2313 quo
1295 2283 1352 2313 pro
1375 2275 1407 2303 in
1425 2274 1558 2302 alicuius
1580 2273 1705 2303 laudem
1721 2271 1775 2302 di-

1015 2316 1106 2353 citur,
1132 2319 1166 2347 P.
1182 2318 1345 2347 Manucius
1369 2323 1536 2358 comparat
1556 2316 1595 2346 N.
1612 2318 1651 2346 D.
1675 2316 1773 2354 1,25:

1016 2361 1147 2392 Catulus
1169 2360 1284 2391 dilexit
1307 2361 1476 2392 Roscium:
1512 2363 1544 2392 in
1564 2370 1653 2400 quem
1676 2360 1774 2392 etiam

1013 2405 1093 2436 illud
1125 2412 1174 2436 est
1209 2405 1276 2436 eius
1305 2412 1367 2436 etc.
1406 2405 1447 2436 de
1481 2407 1609 2436 Senect.
1635 2405 1691 2439 17:
1740 2407 1774 2438 In

1013 2461 1123 2490 quem,
1155 2449 1278 2492 inquit,
1301 2450 1383 2481 illud
1404 2450 1546 2492 elogium
1567 2456 1630 2480 etc.
1679 2449 1774 2481 Adde

1013 2507 1110 2537 supra
1134 2507 1159 2526 c.
1174 2496 1227 2531 54,
1246 2493 1309 2527 0¹4:
1337 2494 1526 2526 Callimachi
1549 2494 1679 2536 quidem
1700 2494 1776 2536 epi-⁴

1012 2552 1156 2582 gramma
1177 2543 1209 2572 in
1224 2542 1452 2571 Ambraciotam
1466 2541 1687 2570 Cleombrotum
1711 2545 1771 2569 est.

1014 2585 1066 2617 Cf.
1091 2587 1194 2616 Haud.
1220 2584 1360 2616 Tursell.
1385 2583 1457 2614 Vol.
1480 2584 1535 2615 111.
1562 2594 1594 2624 p.
1613 2582 1688 2614 311.

1079 2632 1157 2661 dum
1180 2648 1222 2653 —
1243 2630 1447 2669 obsequimur]
1477 2626 1673 2658 Coniunctio
1696 2629 1772 2658 dum

1016 2674 1194 2717 (wiihrend,
1219 2673 1339 2711 indem,
1364 2672 1485 2711 indess]
1500 2696 1507 2709 ‚
1534 2671 1594 2702 etsi
1618 2672 1772 2703 enuntia-

1016 2719 1112 2750 tionis
1149 2718 1320 2760 primariae
1363 2716 1585 2759 praedicatum
1623 2722 1774 2758 tempore

1014 2763 1195 2806 praeterito
1228 2772 1414 2804 expressum
1449 2768 1518 2799 est,
1560 2760 1649 2801 iungi
1674 2761 1771 2799 solet,

1013 2808 1099 2850 apud
1123 2811 1237 2850 po'e‘tas
1255 2806 1304 2837 vel
1320 2805 1351 2836 in
1369 2805 1518 2837 oratione
1537 2805 1680 2847 obliqua,
1700 2817 1772 2836 cum

1013 2852 1192 2884 indicativo
1226 2850 1424 2893 praesenti&
1462 2861 1526 2892 quo
1557 2850 1662 2881 oratio
1686 2850 1772 2881 vivi—

1014 2897 1087 2928 dior
1111 2896 1293 2935 efficiatur,
1328 2905 1426 2937 quum
1450 2894 1669 2936 significatur,
1708 2905 1770 2925 non

1014 2948 1120 2972 totum
1143 2950 1282 2982 tempus,
1308 2950 1366 2981 per
1389 2938 1477 2981 quod
1501 2950 1552 2970 res
1568 2939 1770 2970 enuntiatio-

1014 2996 1055 3017 ne
1077 2986 1230 3028 primaria
1250 2983 1429 3026 significata
1452 2992 1540 3025 erat,
1565 2984 1624 3016 sed
1644 2989 1770 3026 partem
