1832 3137
625 151 790 184 Linea
816 152 872 186 iv.
897 149 961 194 24,
986 151 1040 186 53.
1525 142 1608 186 365

50 230 97 271 ad
134 228 424 280 fortitudinem,
469 229 602 270 utilem
634 230 752 271 etiam
780 231 1040 282 dementiam,
1085 231 1184 285 quod
1220 238 1259 272 et
1288 232 1416 272 insani
1445 239 1485 273 et
1515 232 1614 273 ebrii

48 302 168 343 multa
196 302 342 343 faciunt
366 315 482 356 saepe
518 302 804 344 vehementius.

50 382 180 416 tamen
211 375 251 415 in
284 375 440 415 surore:

869 301 1035 357 Semper
1060 303 1164 344 Aiax
1198 305 1334 356 sortis,
1381 306 1614 346 fortissimus

161 450 257 487 Nam
277 445 436 502 sticitms
464 451 555 502 fecit
584 445 795 488 ma'aeunmm
809 479 818 495 ,
853 463 963 500 quum
977 479 987 496 ,
1023 447 1164 489 Danais
1195 448 1473 500 inclinantibus,

162 518 350 561 Summdm
382 537 457 560 rem
484 524 650 575 perfecit
679 536 788 560 mmm
804 523 822 547 ⁵
840 551 850 568 ,
885 525 1058 561 restituit
1079 527 1264 574 proelium
1280 528 1297 551 6
1332 522 1534 579 ίηςάιζζοηε.

167 593 331 635 XXIV.
384 601 453 635 55.
490 593 674 635 Dicamus
699 594 815 648 igitur
836 594 967 634 utilem
991 594 1209 636 insaniam?
1252 597 1398 639 Tracta
1425 599 1615 640 definitio-

51 683 122 709 nes
137 671 152 695 ¹
179 667 431 718 fortitudinis,
465 667 659 721 intelliges
678 684 687 717 3
722 680 807 707 eam
831 667 1030 707 stomacho
1050 683 1126 708 non
1146 683 1279 722 egere.
1333 670 1536 712 Fortitudo
1555 679 1617 713 est

51 742 168 796 igitur
184 744 204 767 ²
231 740 386 781 affectio
411 741 526 780 animi
551 740 625 794 legi
647 753 821 780 summae
844 741 883 779 in
905 741 1166 795 perpetiendis
1189 743 1305 782 rebus
1325 744 1613 799 obtemperans,

54 815 116 855 vel
138 813 386 854 conservatio
410 813 560 852 stabilis
589 812 718 852 iudicii
743 812 781 852 in
807 813 864 853 eis
890 813 1006 854 rebus
1024 845 1034 863 ,
1069 828 1167 867 quae
1191 816 1464 856 formidolosae
1484 817 1617 857 viden-

53 895 129 938 tur,
163 886 373 927 subeundis
394 893 432 925 et
451 885 700 940 repellendis,
735 886 801 925 vel
828 887 992 926 scientia
1013 901 1143 927 rerum
1167 889 1505 930 formidolosarum
1526 905 1618 930 con-

52 960 371 1013 trariarumque³
411 966 475 999 aut
508 959 665 999 omnino
696 959 1014 1013 negligendarum
1042 975 1284 1002 conservans
1320 976 1454 1002 earum
1487 977 1619 1004 rerum

56 1033 193 1074 stabile
218 1033 424 1082 iudicium,
460 1032 521 1072 vel
542 1032 722 1082 brevius,
759 1039 797 1072 ut
819 1030 1087 1088 Chrysippus:
1115 1059 1167 1064 —
1188 1049 1273 1074 nam
1305 1037 1530 1089 superiores
1553 1037 1620 1077 de-

55 1106 249 1147 finitiones
278 1112 390 1146 erant
416 1103 605 1160 Sphaeri,
647 1104 813 1145 hominis
846 1105 884 1145 in
908 1106 1041 1160 primis
1072 1107 1171 1147 bene
1197 1107 1415 1148 definientis
1433 1141 1443 1160 ,
1487 1117 1528 1149 ut
1551 1124 1619 1164 pu-

57 1187 139 1220 tant
163 1178 311 1230 Stoici,
345 1185 435 1218 sunt
464 1179 563 1218 enim
581 1182 596 1206 ³
628 1179 785 1218 omuino
810 1193 945 1219 omnes
976 1180 1059 1220 sere
1088 1179 1257 1231 similes,
1292 1182 1359 1221 sed
1384 1182 1617 1223 declarant³

147 1309 167 1341 ὃ
192 1308 246 1340 Sic
268 1310 322 1340 Or.
346 1320 362 1340 e
383 1308 499 1340 Wolfii
524 1308 628 1346 coni.;
652 1308 830 1352 pleraeque
853 1309 928 1340 edd.
953 1316 1034 1341 vett.
1062 1312 1189 1350 perfecit
1211 1321 1344 1350 manus5
1367 1310 1441 1350 alii,
1467 1318 1503 1342 ut
1524 1312 1561 1344 R.
1587 1312 1620 1346 P.

58 1354 143 1387 Gud.
165 1354 212 1396 1.‚
236 1355 355 1394 perficit
373 1364 494 1385 manus.
542 1350 564 1385 6
587 1365 617 1385 v.
642 1353 726 1386 Adn.
773 1354 903 1386 XXIV.
954 1354 967 1386 1
996 1354 1049 1386 Sic
1073 1357 1126 1386 Or.
1152 1367 1178 1386 c.
1199 1356 1235 1389 R.
1259 1357 1292 1387 P.
1315 1356 1401 1388 Gud.
1427 1358 1456 1388 l.
1480 1358 1511 1389 b.
1537 1362 1619 1401 Aug.

56 1400 129 1432 mC.
150 1410 211 1442 pro
232 1398 319 1440 vulg.
341 1400 560 1438 definitionem.
608 1397 630 1430 2
654 1398 758 1431 Rehd.
783 1405 816 1429 et
842 1398 980 1430 Gud.11.
1007 1406 1040 1430 et
1063 1400 1212 1432 nonnull.
1238 1400 1314 1432 edd.
1339 1408 1419 1433 vett.
1442 1404 1537 1442 igitur
1557 1408 1623 1445 est3

58 1451 92 1476 at
119 1455 149 1476 v.
169 1443 211 1475 ad
233 1444 258 1474 Ι.
276 1442 331 1481 27,
356 1440 409 1474 66.
457 1442 479 1476 3
503 1455 535 1475 v.
556 1443 641 1475 Adn.

58 1523 113 1555 JV.
138 1521 193 1560 33,
220 1522 303 1564 qu.
351 1521 393 1552 N.
417 1522 458 1554 D.
486 1523 542 1553 ΙΙΙ.
563 1520 595 1562 6,
622 1523 660 1555 15
686 1528 767 1554 extr.
791 1528 825 1553 et
857 1522 953 1554 tioni.
1007 1523 1047 1555 V.
1079 1525 1328 1557 Schoemannum
1362 1525 1405 1556 ad
1438 1526 1480 1558 N.
1510 1527 1548 1558 D.
1585 1529 1623 1559 11.

59 1569 201 1608 Seyffert.
226 1566 268 1598 ad
293 1566 383 1597 Lael.
410 1578 441 1609 p.
459 1566 535 1599 299.
859 1567 922 1607 31,
948 1566 1002 1601 79.
1221 1572 1227 1578 ’

127 1611 330 1654 advocatam]
358 1612 396 1644 V.
422 1611 463 1642 ad
488 1612 527 1642 V.
551 1612 614 1650 315,
640 1612 711 1644 111.

127 1659 184 1688 isto
200 1658 291 1687 modo
304 1657 441 1699 quidem]
466 1657 642 1698 Exspectes
658 1659 715 1688 isto
733 1667 751 1697 q
762 1659 825 1688 ui-

61 1704 147 1734 dem
182 1702 294 1740 modo,
330 1700 375 1731 uti
404 1703 478 1733 H'es.
505 1702 574 1732 Em.
595 1703 617 1732 Ῐ.
646 1713 678 1744 p.
694 1702 748 1733 22.
774 1701 825 1732 le-

63 1745 204 1790 gendum
229 1752 358 1781 censet3
391 1745 449 1776 sed
472 1745 571 1777 verba
597 1748 655 1777 isto
678 1747 769 1777 modo
793 1745 825 1777 in

60 1803 160 1823 unum
185 1790 276 1833 quasi
302 1790 496 1822 vocabulum
522 1790 725 1822 coaluerunt.

130 1838 210 1868 Nam
232 1837 369 1877 facinus]
397 1835 625 1867 Suntiambici
643 1835 828 1867 tetrametri

63 1880 253 1919 acatalecti,
279 1891 344 1911 non
368 1891 406 1911 ex
429 1881 556 1912 comico
577 1880 719 1923 quodam
742 1884 828 1923 po'c‘-

61 1933 116 1964 ta,
143 1932 177 1957 ut
202 1931 313 1957 censet
339 1925 514 1965 Bentleius,
542 1926 596 1969 qui
617 1926 743 1957 scilicet
766 1937 826 1957 ne-

62 1977 120 2013 gat
144 1972 187 2013 (v.
211 1970 253 2001 ad
272 1971 312 2001 ΙΙ,
338 1969 393 2005 16,
420 1970 510 2012 δᾶ),
537 1971 677 2013 tragicos
701 1972 828 2003 Rorna-

62 2027 181 2048 norum
201 2014 266 2046 isto
288 2021 394 2045 metro
417 2026 490 2046 usos
510 2027 590 2053 esse,
614 2015 673 2047 sed
696 2028 734 2047 ex
756 2023 826 2047 ‘tra-

65 2060 140 2103 gico
176 2060 332 2102 (fortasse
358 2059 512 2097 Pacuvio]
547 2060 652 2103 petiti.
701 2063 828 2092 Secun—

62 2106 143 2136 dum
177 2116 305 2135 versum
339 2105 392 2134 Or.
425 2116 452 2135 c.
486 2106 541 2137 W.
577 2106 618 2137 de
651 2105 830 2137 Hermanni

68 2151 243 2192 (Element.
265 2149 371 2181 doctr.
394 2155 488 2180 metr.
510 2161 540 2192 p.
560 2149 642 2190 159.)
666 2150 830 2182 sententia

66 2194 190 2232 edidit3
227 2194 322 2226 codd.
352 2193 475 2225 habent
503 2197 656 2234 proelium
678 2198 830 2236 restituil3

67 2239 156 2283 quod
184 2251 210 2272 c.
233 2241 290 2271 Tr.
322 2238 546 2280 recipiendum
581 2247 691 2271 censet
717 2240 772 2273 Kl.
797 2240 830 2272 in

68 2284 152 2316 Add.
177 2296 208 2327 p.
227 2284 318 2323 171„
343 2283 538 2316 adversante
560 2291 678 2317 metro.
726 2287 829 2316 Bent-

67 2329 148 2361 leius
168 2332 302 2371 poetam
324 2328 454 2360 dedisse
479 2336 590 2372 putat:
626 2341 743 2370 manu,
765 2340 832 2362 rem

65 2376 197 2406 restituit
237 2376 404 2405 insaniens.
465 2374 590 2406 Multae
624 2375 709 2406 Edd.
749 2381 830 2406 vett.

65 2420 218 2459 proelium
241 2428 334 2457 quum
357 2423 427 2449 rest.
450 2421 509 2450 ins.

136 2464 258 2493 Danais
276 2462 507 2504 inclinantibus]
533 2474 630 2505 quum
647 2463 834 2495 incendium

70 2519 89 2539 a
115 2506 250 2538 navibus
285 2507 405 2537 avertit
437 2507 567 2550 vimque
599 2508 743 2539 hostium
778 2521 834 2539 re-

72 2551 202 2595 pressit.
262 2551 297 2583 ll.
327 2552 404 2582 XV.
444 2552 503 2583 sub
541 2552 648 2583 finem.
697 2555 834 2585 Neidius.

72 2599 295 2629 Inclinanlibus
317 2595 524 2628 intransitive
548 2597 670 2628 dictum
696 2604 765 2636 est,
802 2604 837 2629 ut

73 2653 172 2684 saepe
197 2641 238 2673 de
262 2641 418 2672 militibus
443 2642 644 2673 cedentibus.

143 2687 219 2718 ΟΜ».
245 2686 375 2718 XXIV.
401 2689 429 2729 ᾗ.
446 2688 499 2719 55.
532 2689 642 2719 Tracta
664 2706 728 2726 —,
752 2689 839 2718 intel-

75 2731 165 2773 liges]
192 2742 269 2774 pro:
306 2731 332 2761 si
358 2731 551 2763 tractaveris
575 2751 611 2755 —
630 2757 637 2770 ,
662 2731 839 2774 intelliges.

81 2774 131 2806 Cf.
157 2777 184 2817 ᾗ.
201 2774 255 2807 54.
276 2777 416 2808 Remove.
465 2778 503 2809 V.
527 2776 568 2807 ad
594 2778 632 2807 lt.
661 2777 718 2814 12,
742 2779 795 2809 26¹.

147 2821 325 2862 stomacho]
363 2822 546 2853 Stomachus
578 2833 675 2863 saepe
710 2820 842 2864 ponitur

81 2875 140 2907 pro
172 2863 240 2901 ira,
276 2865 559 2898 excandescentia.
608 2866 695 2897 Hinc
727 2878 842 2897 manu-

81 2914 155 2940 ruut
181 2907 363 2941 locutiones
387 2910 481 2942 illae:
518 2911 723 2942 stomachum
748 2910 842 2942 alicui

82 2964 216 2984 movere
240 2953 292 2985 vel
324 2954 443 2987 facere.
492 2957 529 2986 V.
557 2958 681 2988 Schinz.
704 2955 736 2986 in
761 2956 841 2987 Lex.

86 2997 188 3029 Cicer.
213 2997 244 3028 h.
272 3010 302 3030 v.
332 3019 365 3022 —<
418 3003 476 3041 le9i
502 3011 660 3039 summae,
689 3000 708 3031 i.
734 3012 761 3031 e.
789 3013 843 3032 ra—

927 1615 1218 1654 contrariarumque
1237 1618 1292 1646 aut
1311 1618 1434 1648 omnino
1452 1617 1548 1660 myk]
1572 1617 1626 1649 Sic

861 1669 899 1688 ex
925 1657 1057 1700 optimis
1083 1658 1180 1690 codd.
1207 1659 1244 1691 R.
1268 1661 1302 1693 P.
1331 1660 1416 1692 Gud.
1444 1662 1470 1693 l.
1498 1663 1626 1705 Gryph-

860 1702 997 1745 aliisque
1022 1710 1055 1734 et
1078 1703 1189 1734 multis
1216 1703 1290 1735 edd.
1316 1712 1396 1737 vett.
1423 1717 1494 1737 cum
1518 1708 1627 1750 Treg-

861 1747 942 1778 dero
967 1747 1076 1786 edidi,
1104 1748 1158 1790 qui
1182 1749 1214 1779 in
1241 1750 1346 1791 praef.
1371 1761 1403 1792 p.
1420 1751 1537 1783 XXII.
1563 1764 1627 1795 ap-

862 1792 971 1834 posite
1005 1792 1147 1823 advocnt
1173 1793 1264 1825 Stob.
1297 1795 1356 1825 ecl.
1394 1795 1460 1826 eth.
1497 1808 1529 1838 p.
1553 1794 1626 1829 104.

864 1838 980 1868 Hemn:
1006 1834 1158 1879 ἀνδρείαν
1177 1838 1215 1871 δέ
1231 1838 1347 1881 [φησιν
1365 1837 1383 1872 ὁ
1397 1838 1514 1880 Ζήνων
1528 1838 1626 1884 εἶναι]

863 1879 1051 1924 ἐπιστήμην
1075 1882 1190 1915 δεινῶν
1215 1882 1272 1915 καὶ
1293 1880 1331 1916 ου’
1354 1884 1468 1917 δεινῶν
1493 1884 1550 1918 καὶ
1573 1882 1628 1919 οὗ·

863 1925 1017 1967 δετέρων.
1065 1928 1182 1969 (ltemz
1216 1924 1408 1970 ἀφροσύνην
1433 1927 1472 1963 δὲ
1495 1925 1627 1972 ἄγνοιαν

863 1967 1002 2012 εἷγαὶῑῶν
1018 1971 1076 2004 καὶ
1091 1972 1204 2005 κακῶν
1220 1971 1277 2005 καὶ
1295 1971 1503 2014 οὐδετέρων.)
1533 1975 1628 2006 Adde

864 2016 970 2047 locum
993 2028 1011 2047 a
1029 2018 1133 2056 Wolfio
1156 2017 1289 2048 allatum
1307 2018 1388 2049 Plat.
1405 2019 1505 2050 Lach.
1523 2021 1550 2061 ἕ.
1564 2019 1626 2053 67ῑ

865 2058 890 2102 ἦ
911 2057 1046 2102 ἀνδρεία
1068 2060 1157 2094 ἐστὶν
1180 2061 1349 2104 ἐπιστήμη
1374 2064 1489 2097 δεινῶν
1512 2075 1547 2097 τε
1571 2063 1630 2097 καὶ

866 2105 1069 2147 Ξαρῥαλέων.
1117 2108 1171 2137 Or.
1203 2119 1229 2138 c.
1255 2108 1367 2148 paucis
1401 2108 1499 2139 codd.
1532 2108 1628 2140 dete-

865 2150 1004 2182 rioribus
1030 2157 1062 2182 et
1086 2151 1234 2183 nonnull.
1257 2152 1332 2184 edd.
1354 2159 1434 2184 vett.
1456 2153 1535 2194 legit
1559 2165 1631 2186 con-

865 2198 1056 2236 trariumque
1075 2220 1085 2236 ,
1141 2198 1522 2236 perferendarum
1577 2203 1631 2230 aut

866 2251 947 2272 omn.
970 2243 1050 2281 περὶ.
1099 2241 1303 2272 Vocabulum
1327 2244 1440 2282 perfer.
1471 2243 1540 2274 sine
1566 2243 1629 2274 du-

865 2285 921 2317 bio
948 2298 965 2317 e
995 2297 1085 2328 seqq.
1107 2288 1233 2318 scientia
1256 2297 1282 2317 r.
1301 2288 1379 2326 perf.
1410 2286 1442 2317 in
1466 2287 1552 2318 hunc
1576 2287 1630 2318 lo—

868 2342 940 2362 cum
964 2330 1091 2361 illatum
1117 2337 1176 2361 est.

936 2375 1082 2417 Sphaeri]
1110 2376 1146 2407 V.
1176 2374 1244 2406 lnd.
1270 2375 1345 2406 hist.

936 2424 1005 2451 sunt
1026 2419 1121 2461 enim]
1143 2422 1290 2451 Davisius
1310 2420 1483 2462 legendum
1502 2431 1632 2455 censet:

869 2468 938 2497 sunt
961 2468 1075 2503 autem,
1101 2475 1245 2495 caussam
1269 2464 1404 2505 addens,
1432 2467 1506 2509 quia
1530 2468 1633 2500 Stoici

870 2520 936 2540 non
961 2508 1036 2539 ideo
1062 2508 1243 2550 Sphaerum
1274 2510 1438 2542 hominem
1462 2511 1494 2543 in
1521 2512 1633 2555 primis

870 2554 954 2585 bene
971 2552 1180 2584 definientem
1197 2555 1394 2595 putaverint,
1419 2556 1507 2599 quod
1521 2569 1634 2589 omnes

874 2597 1077 2629 fortitudinis
1111 2597 1319 2630 definitiones
1351 2607 1459 2632 essent
1493 2602 1563 2634 fere
1587 2603 1634 2633 si-

872 2642 975 2674 miles.
1004 2643 1072 2684 Ego
1095 2654 1172 2674 vero
1194 2652 1285 2686 puto,
1310 2645 1458 2677 voculam
1479 2650 1559 2679 enim
1579 2660 1635 2679 ra-

873 2688 997 2718 tionem
1020 2687 1159 2719 reddere
1178 2689 1360 2721 sententiae
1381 2691 1527 2729 alicuius,
1552 2704 1635 2735 quae

875 2738 986 2763 mente
1010 2732 1192 2775 supplenda
1219 2740 1286 2770 est,
1326 2735 1380 2777 (de
1405 2747 1470 2778 qno
1497 2748 1552 2767 usu
1577 2748 1632 2767 su-

876 2788 934 2819 pra
958 2776 999 2807 ad
1024 2778 1048 2807 1-
1072 2777 1113 2815 6,
1144 2778 1191 2810 ll.
1223 2778 1394 2819 diximum)
1433 2787 1466 2811 ut
1497 2787 1634 2810 senten-

875 2821 993 2852 tiarum
1028 2833 1128 2853 nexus
1161 2822 1213 2854 hic
1247 2824 1310 2855 sit:
1347 2827 1394 2857 vel
1427 2828 1567 2862 brevius,
1604 2828 1636 2855 ut

879 2868 1068 2907 Chrysippus
1079 2878 1091 2907 ‚·
1135 2878 1209 2899 nam
1244 2872 1416 2908 superiores
1449 2871 1638 2908 definitiones

877 2921 980 2943 omnes
991 2914 1030 2943 ab
1043 2922 1103 2944 uno
1117 2914 1256 2952 Sphaero
1275 2916 1427 2953 profectae
1439 2917 1526 2951 sunt,-
1551 2912 1638 2955 quod

878 2963 987 2987 autem
1019 2957 1128 3000 plures
1161 2957 1202 2989 de
1232 2958 1345 2989 eadem
1370 2969 1404 2988 re
1429 2957 1637 2988 definitiones

879 3001 1010 3041 attulit,
1047 3001 1125 3033 nihil
1160 3003 1281 3039 refert:
1318 3006 1387 3033 sunt
1411 3004 1491 3033 enim
1515 3005 1638 3034 omnino
