1863 3221
230 106 310 148 184

230 203 403 247 tempore
436 193 482 231 ad
517 190 675 230 nihilum
713 194 879 228 ventura
910 187 1110 238 videatur,
1152 186 1390 241 philosophia
1422 196 1605 229 nascetur
1633 188 1788 230 Latinis

228 266 380 321 quidem
402 263 544 304 litteris
561 276 611 303 ex
630 262 687 301 his
707 259 960 314 temporibus,
990 273 1152 314 eamque
1170 273 1242 299 nos
1265 260 1491 301 adiuvemus
1509 276 1656 315 uosque
1680 263 1785 317 ipsos

837 109 998 141 LIBER
1025 110 1066 140 ΙΙ.
1090 109 1132 147 2,
1157 107 1188 140 6.

230 337 410 392 redargui
431 335 633 389 refellique
656 333 862 388 patiamur.
916 332 1031 386 Quod
1055 333 1112 372 ii2
1141 334 1269 372 ferunt
1288 332 1415 373 animo
1436 334 1583 388 iniquo,
1618 334 1680 388 qui
1703 348 1787 374 cer—

231 412 279 451 tis
303 409 528 464 quibusdam
553 406 833 460 destinatisque
863 406 1069 446 sententiis
1093 405 1202 460 quasi
1228 405 1366 445 addicti
1396 413 1433 446 et
1458 406 1676 447 consecrati
1700 414 1789 446 sunt

230 497 352 537 eaque
378 481 615 522 necessitate
640 479 864 529 constricti,
899 486 940 519 ut
965 480 1102 529 etiam,
1137 492 1234 532 quae
1259 493 1334 518 uon
1360 480 1523 533 probare
1546 480 1713 530 soleant,
1743 493 1790 520 ea

230 563 419 609 cogantur
443 553 688 594 constantiae
710 566 849 592 caussa
873 552 1106 602 defendere3
1144 566 1230 601 uos,
1266 551 1327 605 qui
1356 552 1552 605 sequimur
1576 552 1790 606 probabilia

231 643 303 668 uec
329 628 425 668 ultra
454 629 599 681 quam³
628 626 688 676 id,
722 626 820 679 quod
845 625 928 666 veri
954 625 1079 665 simile
1104 624 1330 674 occurrit4,
1365 625 1542 679 progredi
1567 639 1787 680 possumus,

232 709 271 742 et
295 701 476 741 refellere
504 701 588 739 sine
614 698 887 753 pertinacia4,
922 705 961 738 et
992 698 1113 738 refelli
1141 698 1225 737 sine
1255 698 1452 738 iracundia
1485 699 1607 752 parati
1639 711 1788 738 sumus.

231 781 272 815 6.
308 772 423 827 Quod
444 774 476 813 si
501 773 595 813 baec
619 772 746 812 studia
767 772 940 811 traducta
965 778 1079 811 erunt
1101 771 1147 810 ad
1171 777 1343 820 nostros,
1373 785 1421 810 ne
1445 771 1685 811 bibliothecis
1710 771 1791 825 qui-

233 849 318 887 dem
342 845 508 887 Graecis
534 845 756 899 egebimus,
791 844 829 883 iu
853 844 990 897 quibus
1016 844 1217 884 multitudo
1241 844 1388 883 infinita
1418 844 1603 884 librorum
1636 851 1793 899 propter

321 964 342 996 2
369 965 408 995 D.
435 970 468 994 et
487 964 543 995 Tr.
568 974 594 993 c.
620 963 657 993 R.
707 963 796 1001 Quod
817 963 843 993 si
863 963 886 992 ii
906 962 1016 1000 serunt.
1063 960 1084 993 3
1110 961 1163 992 Sic
1188 963 1243 993 Or.
1269 973 1296 994 c.
1319 961 1357 991 R.
1381 960 1558 992 Gud.1.2.
1584 962 1622 994 ll.
1647 961 1677 992 b.
1701 960 1790 991 aliis-

233 1021 296 1051 que
319 1016 352 1040 et
374 1007 485 1039 multis
508 1007 583 1038 edd.
610 1013 712 1044 vett.;
737 1005 818 1036 aliae
839 1005 915 1036 edd.
939 1012 1018 1037 vett.
1032 1012 1066 1036 et
1089 1006 1163 1037 cod.
1179 1005 1281 1037 Rehd.
1305 1005 1411 1036 omitt.
1427 1016 1542 1045 quam3
1567 1005 1649 1036 aliae
1670 1006 1794 1037 habent

233 1056 315 1085 ultra
334 1055 368 1084 id
389 1062 483 1092 quam
504 1053 586 1091 quod
606 1061 636 1082 v.
650 1061 674 1082 s.
689 1061 739 1090 o.,·
773 1049 894 1091 Tregd.
917 1052 1000 1081 ultra
1034 1050 1157 1092 [quam]
1185 1052 1237 1089 id,
1271 1052 1353 1089 quod
1376 1060 1405 1081 v.
1426 1060 1451 1081 s.
1476 1053 1628 1089 occurrit,
1667 1052 1743 1082 Wes.
1769 1051 1792 1082 1.

232 1109 253 1139 p
286 1095 319 1128 7.
341 1097 438 1139 plane
469 1095 646 1127 delendum
678 1100 789 1126 censet
811 1104 927 1134 quam,
963 1094 1081 1128 Boeth.
1106 1094 1126 1127 l.
1155 1094 1187 1125 d.
1212 1097 1295 1126 ultra
1317 1105 1413 1134 quam
1444 1095 1525 1134 quod
1548 1104 1578 1126 υ.
1601 1105 1627 1126 s.
1652 1097 1792 1127 occurrit.

235 1122 286 1172 c‘f.
311 1141 395 1173 Adn.
443 1139 465 1171 4
490 1152 519 1171 v.
545 1139 629 1172 Adn.

297 1209 373 1248 phil.
386 1208 547 1247 nascatur]
564 1208 718 1237 Bentleius
730 1205 905 1248 legendum
919 1217 993 1236 cen-

233 1259 284 1283 set
306 1254 465 1284 nascitur:
490 1250 579 1293 quod
599 1250 678 1281 mihi
699 1261 777 1281 sane
800 1262 895 1293 quam
919 1250 994 1281 lan-

233 1296 367 1339 gnidum
389 1295 529 1327 videtur.
578 1294 813 1326 Coniunctivos
835 1298 995 1334 nascatur,

234 1343 438 1380 adiuvemus,
458 1343 620 1380 patiamur
643 1350 709 1370 non
737 1351 806 1370 esse
833 1339 995 1370 adhorta-

234 1386 331 1423 tivos,
348 1385 407 1416 sed
427 1397 444 1415 a
463 1383 676 1427 praecedenti
693 1389 726 1415 ut
742 1383 897 1426 pendere,
920 1394 997 1415 vere

235 1429 350 1461 docuit
381 1431 531 1468 Orellius,
567 1428 618 1459 cui
652 1428 828 1460 assentitur
863 1430 996 1460 Wesenb.

238 1475 310 1505 Em.
334 1475 373 1505 ll.
393 1485 423 1515 p.
438 1474 502 1511 59„
529 1480 751 1515 punctumque
774 1480 850 1504 aute
873 1485 903 1504 v.
926 1475 996 1512 phi-

236 1520 375 1558 losophia
390 1518 580 1549 mutandum
603 1529 672 1548 esse
688 1518 722 1548 in
743 1529 882 1557 comma,
907 1517 997 1560 quasi

237 1563 360 1595 dictum
383 1569 486 1594 esset:
522 1566 629 1604 Atque
664 1570 831 1594 oratorum
865 1563 996 1605 quidem

237 1609 306 1639 laus
330 1608 377 1638 ita
398 1607 487 1638 venit
510 1607 551 1638 ud
572 1619 752 1646 summum,
789 1615 823 1638 ut
853 1607 917 1638 iam
941 1619 997 1638 se—

239 1659 352 1684 nescat
373 1652 528 1694 brevique
541 1659 691 1694 tempore
705 1652 747 1684 ad
765 1652 901 1683 nihilum
917 1663 996 1683 ven-

238 1705 310 1728 tura
327 1696 496 1732 videntum
523 1703 637 1728 contra
653 1697 700 1735 fit,
725 1704 759 1728 ut
780 1696 896 1728 eodem
916 1704 996 1727 tem-

239 1753 320 1784 pore
343 1741 553 1784 philosophia
575 1749 744 1779 nascatur,
771 1753 906 1784 eamque
930 1742 997 1771 La-

237 1786 308 1818 tino
332 1797 389 1817 ore
418 1786 605 1827 loquentem
638 1798 698 1817 nos
722 1786 997 1829 disputationibus

239 1831 280 1862 de
304 1830 513 1873 philosophia
530 1831 648 1862 Latina
668 1831 779 1873 lingua
803 1831 998 1873 conscriptis

239 1875 449 1913 adiuvemus,
475 1882 508 1905 et
529 1875 660 1917 quidem
682 1875 740 1914 ita,
764 1882 799 1906 ut
822 1875 999 1906 Academi-

240 1931 310 1951 cam
343 1919 602 1962 philosophandi
641 1919 804 1951 rationem
840 1920 997 1957 ineamus,

240 1976 323 2007 quae
354 1963 397 1995 ad
416 1965 588 1995 veritatem
615 1964 845 1995 inveniendam
876 1965 999 2007 optima

241 2008 402 2040 censenda
423 2015 482 2039 est.
535 2008 739 2039 Attractione
760 2009 898 2050 quadarn
921 2021 999 2039 sen-

243 2052 348 2083 tentia
363 2053 445 2083 haec
462 2052 612 2094 primaria
626 2064 631 2082 :
657 2054 710 2083 sed
724 2055 917 2092 philosophia
935 2056 1000 2084 iam

240 2099 436 2128 nascitur
455 2115 495 2119 —
518 2107 644 2136 eamque
665 2107 722 2127 nos
745 2099 1001 2128 adiuvamus

241 2150 354 2180 nosque
380 2158 419 2164 -
443 2143 656 2180 patimur,
694 2147 848 2182 tanquam
880 2153 1001 2172 secun—

242 2184 352 2223 daria,
377 2184 525 2226 proxime
546 2184 773 2215 antecedentis
795 2186 1000 2216 enuntiatio—-

242 2229 290 2260 nis
304 2235 487 2260 structurae
499 2229 747 2260 accommodata
761 2236 810 2260 est
823 2242 828 2260 ε
847 2230 937 2272 quodr
947 2236 1000 2260 ut-

243 2273 415 2305 tractionis
447 2285 548 2315 genus
582 2285 648 2305 non
680 2274 871 2316 infrequens
904 2286 1000 2316 snpra

242 2318 285 2350 ad
305 2317 360 2357 26,
375 2320 429 2350 81¹5.
453 2320 647 2361 (confirmato
669 2318 735 2358 illo)
760 2319 1002 2350 illustravimus.

243 2363 295 2395 Cf.
317 2362 358 2394 ad
382 2363 421 2393 V.
449 2363 508 2401 13,
531 2362 585 2396 37.
634 2364 683 2393 De
707 2366 830 2403 quidem
855 2367 912 2405 (=
936 2363 1001 2406 γε’),

244 2419 309 2449 quo
332 2407 470 2449 primum
491 2411 663 2449 (oratorum
680 2409 816 2447 quidem)
841 2409 1002 2451 eloquen—

245 2451 289 2482 tia
310 2451 548 2494 philosophiae,
567 2451 686 2483 deinde
709 2454 843 2495 (Latinis
863 2454 999 2494 quidem)

246 2495 384 2526 Latinae
406 2496 536 2527 litterae
552 2497 685 2527 Graecis
712 2505 926 2539 opponuntur
948 2505 1002 2529 at-

246 2550 309 2580 que
330 2539 375 2570 ita
398 2540 520 2571 maiore
551 2540 581 2571 vi
601 2541 800 2579 efferuntur,
837 2555 865 2573 v.
890 2554 948 2574 nos
969 2543 1001 2574 in

248 2584 304 2615 Gr.
330 2584 366 2614 L.
402 2585 530 2625 §.1:53,
554 2588 585 2615 ⁴2.
614 2586 652 2624 A)
677 2586 725 2620 bl.
773 2587 889 2630 Neque
922 2599 1000 2619 vero

247 2627 421 2659 offensioni
447 2634 556 2670 potest
587 2640 656 2659 esse
688 2628 886 2669 ἀσύνδετον,
924 2643 1000 2675 quo,

247 2672 294 2703 uti
318 2672 401 2703 bene
422 2672 521 2703 docet
546 2674 700 2712 Klotzius,
738 2675 783 2706 vis
814 2677 1000 2708 contrario-

247 2728 316 2748 rum
350 2716 451 2758 magis
483 2716 674 2747 intenditur.
723 2720 760 2748 V.
794 2732 853 2751 nos
885 2721 917 2752 in
941 2722 998 2753 Gr.

248 2762 286 2792 L.
307 2760 448 2804 §.l-361),
472 2763 504 2792 ζ).
556 2761 605 2791 Cf.
630 2762 726 2792 Tusc.
751 2765 773 2793 l.
792 2763 845 2801 234,
862 2766 915 2796 59.
945 2768 999 2797 lll.

247 2807 300 2842 21,
321 2805 374 2837 51.
409 2806 447 2836 V.
472 2805 534 2842 23,
556 2805 611 2836 64.
635 2812 667 2836 et
689 2808 826 2846 Seyffert.
848 2809 889 2840 ad
909 2811 999 2842 Lael.

246 2851 278 2886 55,
306 2851 352 2881 10.
379 2862 409 2892 p.
422 2848 475 2881 46.
500 2857 532 2879 et
560 2849 615 2886 16,
640 2850 692 2880 ὑὲ).
718 2852 834 2892 Ρ.ὂ]“3.

313 2904 368 2926 nos
390 2897 473 2934 ipsos
507 2896 653 2933 redarquz'
678 2913 719 2917 ——
741 2899 847 2933 parati
877 2902 997 2930 sumus}

247 2940 285 2970 V.
300 2950 381 2982 quae
394 2939 436 2971 de
448 2938 663 2971 Academicae
674 2938 890 2973 dubitationis
905 2932 1000 2984 quani

1028 1212 1157 1236 secutus
1180 1212 1230 1237 est
1244 1205 1358 1237 Cicero
1380 1206 1508 1237 ratione
1531 1205 1739 1248 exposuimus
1760 1206 1792 1238 in

1029 1250 1114 1281 libro
1140 1250 1172 1281 d.
1198 1261 1230 1292 p.
1252 1248 1415 1284 65—71.

1098 1297 1216 1326 addicti
1231 1299 1257 1326 et
1277 1296 1458 1338 consecrati]
1484 1295 1574 1327 Prius
1593 1295 1790 1327 vocabulum

1032 1346 1122 1372 recte
1150 1342 1349 1371 Camerarius
1382 1340 1515 1371 ductum
1543 1347 1636 1383 putat
1669 1340 1709 1371 ab
1736 1341 1793 1379 eis,

1034 1384 1108 1427 qni,
1135 1395 1233 1426 quum
1257 1384 1419 1415 solvendo
1446 1396 1509 1415 non
1535 1391 1662 1422 esseut,
1698 1385 1794 1416 alteri

1031 1431 1274 1468 addicebantur,
1298 1428 1319 1459 i.
1340 1440 1367 1460 e.
1391 1429 1627 1467 tradebantur,
1652 1429 1734 1460 sicut
1758 1429 1793 1460 in

1032 1474 1200 1515 emptione
1221 1480 1254 1504 et
1276 1473 1467 1505 venditione
1486 1486 1557 1511 res,
1585 1486 1666 1516 quae
1690 1474 1792 1514 venit,

1031 1520 1208 1557 adtlz'citur3
1233 1518 1311 1549 hinc
1335 1521 1491 1558 addictus,
1515 1521 1704 1557 destinatus,
1728 1523 1792 1550 tra-

1032 1565 1125 1601 ditus,
1152 1570 1186 1592 ut
1208 1566 1317 1602 morti,
1342 1566 1494 1602 supplicio
1518 1566 1674 1595 addictus.
1720 1564 1794 1595 Ho-

1032 1614 1092 1640 rat.
1119 1608 1176 1648 Ep.
1202 1608 1222 1637 l.
1249 1608 1275 1645 l,
1297 1607 1355 1639 14:
1383 1608 1511 1638 Nullius
1527 1610 1672 1640 addictus
1686 1608 1791 1639 iurare

1032 1652 1064 1683 in
1088 1652 1187 1682 verba
1212 1651 1370 1693 magistri.
1416 1655 1516 1684 Moser
1547 1660 1624 1695 apte
1654 1664 1785 1695 compa-

1033 1703 1083 1728 rat
1106 1696 1261 1734 Quinctil.
1289 1698 1341 1727 lll.
1368 1698 1395 1733 1,
1423 1699 1450 1729 l.
1476 1704 1508 1728 et
1524 1700 1663 1730 Klotzius
1679 1698 1712 1728 C.
1733 1709 1792 1740 pro

1034 1741 1103 1772 Mil.
1128 1743 1181 1778 21,
1200 1741 1262 1773 ὑός
1290 1741 1389 1772 vitam
1410 1753 1499 1772 suam
1524 1753 1620 1785 quam
1643 1742 1791 1773 maximis

1033 1785 1184 1828 praemiis
1210 1786 1413 1827 propositam
1448 1794 1480 1817 et
1505 1798 1609 1829 paene
1633 1789 1794 1819 addictam

1032 1830 1166 1862 sciebat.
1216 1832 1348 1862 Oreltius
1371 1831 1403 1862 in
1435 1839 1544 1873 partes
1568 1838 1664 1862 vocat
1688 1834 1794 1871 Hugyo-

1031 1878 1080 1907 ‘nis
1093 1875 1324 1916 Rechtsgesch.
1339 1888 1368 1918 p.
1380 1877 1442 1909 551
1458 1888 1529 1919 sqq.
1542 1876 1592 1907 ed.
1606 1877 1668 1907 Xl.
1680 1883 1712 1907 et
1722 1879 1793 1907 Nie—

1033 1922 1134 1951 buhrii
1166 1920 1256 1950 Rom.
1284 1921 1402 1951 Gesch.
1426 1923 1447 1952 l.
1470 1933 1501 1963 p.
1516 1920 1579 1953 612
1591 1932 1639 1962 sq.
1662 1920 1714 1952 ed.
1736 1921 1792 1952 IV.

1036 1964 1161 1995 Nonius
1197 1976 1229 2006 p.
1246 1963 1309 2001 69,
1341 1966 1390 1997 15.
1416 1966 1517 1997 Mero.
1543 1967 1688 1997 addictus
1711 1965 1795 1996 male

1034 2008 1272 2050 interpretatur
1288 2011 1425 2049 devotus,
1443 2012 1610 2041 obnoxius.-
1635 2021 1717 2052 quae
1739 2010 1793 2041 in·-

1035 2053 1230 2094 terpretutio
1256 2053 1342 2084 cadit
1365 2054 1396 2085 iu
1420 2058 1620 2093 consecratos,
1645 2061 1681 2085 ut
1704 2061 1794 2086 recte

1035 2097 1118 2127 vidit
1145 2100 1365 2137 Camerarius,
1408 2099 1461 2140 qui
1495 2099 1593 2130 affert
1621 2099 1794 2130 formulam

1036 2140 1233 2180 devotionis,
1260 2153 1342 2183 quae
1366 2143 1566 2174 aMacrobio
1589 2146 1718 2174 Saturn.
1736 2145 1792 2183 Ill,

1037 2197 1063 2215 e.
1077 2186 1107 2216 9.
1132 2197 1162 2226 p.
1176 2186 1229 2217 ⁴37.
1253 2186 1305 2217 ed.
1326 2186 1393 2228 ssip.
1407 2188 1566 2217 refertur:
1593 2188 1794 2219 Exercitum-

1037 2240 1098 2271 que
1134 2230 1295 2268 hostium,
1336 2231 1430 2261 urbes
1467 2242 1646 2273 agrosque,
1686 2232 1793 2274 capita

1036 2281 1225 2316 aetatesque
1258 2286 1371 2306 eorum
1396 2277 1521 2308 devolas
1545 2281 1794 2317 consecratusque

1036 2319 1195 2350 habeatis.

1103 2366 1292 2395 constantiae
1308 2366 1435 2405 caussa]
1454 2365 1595 2396 Nomina
1610 2368 1794 2406 constantia,

1036 2413 1190 2447 constare,
1226 2413 1399 2441 constanter
1423 2410 1553 2452 proprie
1577 2410 1729 2441 dicuntur
1753 2410 1795 2441 de

1038 2452 1254 2494 philosophis,
1271 2464 1369 2495 quum
1391 2454 1470 2485 nihil
1492 2454 1684 2493 decernunt,
1705 2454 1794 2497 quod

1036 2497 1131 2528 alteri
1153 2498 1288 2529 decreto
1310 2509 1368 2529 suo
1390 2510 1455 2529 non
1475 2499 1668 2535 consentiat,
1694 2510 1792 2540 quum

1038 2542 1146 2573 omnia
1178 2542 1266 2574 inter
1299 2554 1333 2573 se
1358 2550 1433 2573 sunt
1458 2550 1534 2585 apta
1569 2549 1602 2573 et
1627 2554 1791 2573 connexa:

1036 2587 1124 2629 quod
1150 2598 1209 2618 nos
1234 2587 1389 2617 dicimus:
1430 2589 1648 2626 Konsequenz,
1684 2589 1791 2618 hanse—

1034 2636 1135 2671 quent.
1181 2633 1219 2663 V.
1245 2633 1376 2663 Ernestii
1402 2631 1490 2662 Clav.
1522 2631 1625 2662 Cicer.
1651 2642 1682 2662 v.
1709 2642 1791 2662 cou—

1035 2676 1167 2707 stantia.
1217 2676 1268 2715 Cf.
1294 2687 1389 2717 supra
1415 2677 1439 2706 l.
1466 2677 1506 2713 ἶ),
1531 2672 1563 2706 9.

1102 2731 1156 2752 nec
1187 2723 1270 2752 ultra
1291 2730 1385 2759 quam
1410 2722 1461 2757 td,
1496 2721 1579 2759 quod
1602 2722 1667 2751 veri
1693 2723 1791 2752 simile

1034 2768 1186 2807 occurrit,
1216 2766 1359 2804 proyredi
1380 2764 1556 2806 possumus]
1597 2765 1687 2795 Haec
1714 2767 1792 2796 Wol-

1035 2812 1095 2850 fius
1118 2816 1208 2841 recte
1229 2809 1274 2840 sic
1296 2808 1456 2850 explicat:
1482 2821 1542 2839 nec
1566 2808 1647 2839 ultra
1662 2834 1669 2846 ,
1694 2821 1791 2851 <piam

1035 2854 1076 2885 ad
1099 2854 1144 2895 id,
1170 2853 1258 2897 quod
1281 2865 1310 2884 v.
1324 2865 1347 2885 s,
1371 2853 1521 2889 occurrit,
1541 2854 1693 2895 progredi
1711 2865 1792 2896 pos-

1035 2910 1163 2936 sumus,
1199 2898 1302 2929 minus
1327 2905 1417 2928 recte
1442 2900 1598 2929 Klotzias:
1624 2911 1684 2931 nec
1708 2898 1792 2930 ultra

1035 2955 1131 2985 quam
1154 2943 1188 2975 id
1212 2941 1441 2985 progreditur,
1465 2943 1554 2985 quod
1577 2956 1607 2976 v.
1623 2956 1647 2975 s.
1672 2954 1790 2976 occur-
