1863 3221
203 102 286 144 200

796 99 959 132 [ABER
984 100 1024 131 11.
1047 97 1091 137 9,
1116 98 1169 130 22.

373 187 485 235 Quem
516 184 611 220 vidit
639 194 743 220 nemo
773 180 848 217 z'tllc‘
873 179 1170 228 ingemere-entem
1204 180 1301 216 malo
1315 182 1329 216 !

372 259 438 296 Se‘e
456 255 676 306 se‘mz‘natal
710 254 835 291 virtus
863 251 1044 304 afflieta²
1079 252 1228 289 o'eez'dz't.

375 330 545 374 Accede,
579 333 688 372 nate,
721 327 879 372 assiste,
912 326 1161 363 mzkerandmn
1193 325 1345 374 adspice

379 402 674 441 Eviseeratzcm³
707 402 844 449 eorpus
874 400 1077 436 laceratam
1103 399 1257 448 patris!

382 476 528 520 Videte,
564 474 714 511 cuncti!
746 473 858 522 taque
889 472 1096 509 Caelestem
1126 476 1245 515 sator,

377 550 483 593 lace,
520 547 693 592 obsecro,
727 547 764 583 in
795 558 851 582 me
881 546 955 582 vim
985 556 1176 581 coruscam
1203 543 1403 594 fillmim's!

378 622 513 667 Nune,
546 621 645 657 m'cnc
674 619 843 656 dolorum
872 617 1049 669 auxiferi
1075 622 1249 667 torquent
1281 616 1451 660 ve'rte'ees,

379 695 492 732 Nunc
520 694 639 742 serpit
667 693 798 729 ardor.

382 771 451 806 22.

861 693 890 728 Ο
921 693 1011 728 <inte
1042 691 1213 727 viecm'oe‘s
1243 691 1402 726 manus!

515 768 544 803 0
570 767 748 816 pectora,
783 777 804 801 o
836 771 965 813 terga,
1002 766 1021 800 ὁ
1054 764 1279 800 lacertorum
1312 763 1410 798 tori!

385 841 564 877 Vestrone
590 851 725 888 pressa
756 838 939 887 (secandam
969 838 1175 874 Nemeaez'zs
1207 836 1262 872 leo

381 913 572 951 Frenddns
602 911 749 963 efflavit
772 911 950 960 graviter
979 916 1184 946 eoelremam
1217 908 1409 945 lzc'clltam?

384 987 485 1024 Haec
514 985 649 1021 cle'oetm
680 985 862 1028 Lernam,
899 983 995 1019 tetra
1010 983 1030 1006 4
1064 987 1226 1018 maclam
1255 982 1423 1024 excetra,

303 1088 325 1122 2
356 1089 490 1120 Frustra
514 1086 665 1118 Bouhier.
691 1085 776 1117 coni.
807 1088 936 1126 afflicto.

993 1084 1015 1117 3
1039 1097 1069 1118 v.
1094 1084 1178 1116 Adn.

1235 1083 1257 1116 4
1281 1083 1336 1115 Sic
1359 1085 1413 1114 Or.
1438 1094 1465 1114 c.
1483 1083 1522 1114 L.
1544 1081 1647 1114 tribus
1674 1081 1771 1114 codd.

216 1136 298 1178 Dav.
325 1133 432 1171 Lall.;
460 1131 544 1164 Gud,
561 1131 590 1162 1.
619 1133 655 1163 Π.
669 1131 701 1162 b.
725 1133 804 1173 Aug.
821 1130 1008 1162 Col.Marb.
1023 1136 1058 1161 et
1080 1129 1202 1160 multae
1226 1127 1301 1161 edd.
1315 1134 1395 1160 vett.
1409 1131 1539 1168 letram,·
1564 1127 1603 1160 R.
1619 1127 1772 1171 (Tregd.)

215 1181 316 1213 taetra
337 1178 370 1222 (i.
385 1189 413 1209 e.
435 1177 611 1217 taetram);
637 1175 743 1207 Rehd.
767 1182 801 1207 et
820 1175 948 1218 aliquot
966 1174 1042 1207 edd.
1065 1181 1145 1205 vett.
1169 1177 1295 1206 terram.

215 1245 457 1287 tei-suchungen
491 1243 573 1274 iiber
608 1244 682 1274 Lat.
707 1243 853 1274 Gramm.
890 1244 930 1274 T.
953 1244 977 1274 Ι.

217 1303 249 1335 p.
264 1291 308 1324 ⁴23
320 1301 390 1333 sqq.
423 1290 607 1321 Ramshorn.
630 1288 705 1319 Lat.
727 1288 784 1318 Gr.
810 1286 929 1328 (3.168,
945 1285 976 1319 6.

216 1335 268 1368 ed.
280 1337 311 1367 ¹2.
344 1336 481 1367 Kilhner.
501 1334 541 1364 L.
562 1333 618 1364 Gr.
641 1331 760 1375 §.129,
781 1331 831 1365 16.
853 1343 886 1374 p.
900 1329 977 1364 299.

217 1381 268 1412 ed.
290 1381 322 1412 2.
367 1379 460 1410 Idem
492 1376 669 1408 accusativi
701 1387 728 1407 c.
755 1375 816 1408 inf.
848 1387 922 1406 usus
946 1374 979 1405 in

217 1423 508 1457 exclamationibus
530 1421 572 1452 ad
594 1420 866 1458 admirationem,
890 1419 981 1451 indi-

217 1469 418 1512 gnationem,
444 1466 602 1498 laetitiam
625 1465 872 1507 significandam
895 1464 982 1507 apud

220 1515 365 1546 Graecos
388 1512 485 1543 valet.
534 1511 727 1552 Plerumque
745 1510 877 1541 additur
898 1509 981 1541 arti-

220 1559 309 1591 culus
331 1554 368 1592 τὸ
391 1556 444 1589 vel
465 1555 501 1590 τὸ
524 1555 573 1590 δέ.
609 1555 708 1597 Soph.
730 1555 871 1587 Philoct.
894 1552 979 1587 234:

220 1597 250 1638 ui
270 1603 424 1657 φίλτατον
446 1598 613 1644 φώνημα·
640 1600 704 1642 φεῦ
728 1598 766 1633 τὸ
790 1599 848 1633 καὶ
870 1601 980 1643 λαβεῖν

218 1648 446 1691 προσφὲεγμα
479 1642 601 1679 τοιοῦδ’
636 1643 757 1685 ἀνδρὸς
793 1643 825 1677 ἐν
870 1643 979 1688 χρόνῳ

219 1693 353 1736 μακρῷ.
400 1692 439 1722 V.
463 1691 624 1729 Heindorf.
659 1689 702 1720 ad
725 1690 806 1720 Hor.
836 1689 857 1720 l.
879 1688 911 1719 d.
948 1694 981 1718 et

218 1737 261 1769 ad
284 1737 362 1769 Plat.
387 1735 552 1767 Phaedon.
576 1745 607 1776 p.
626 1733 698 1767 157.
746 1736 916 1765 Hermann.
939 1732 981 1763 ad

218 1782 329 1823 Viger.
356 1780 404 1813 19.
432 1791 463 1821 p.
479 1779 554 1812 702.
588 1781 650 1810 Ast.
672 1778 714 1809 ad
735 1778 863 1810 Platon.
878 1778 980 1808 Gast-

218 1826 306 1858 mahl
327 1837 359 1867 p.
376 1825 452 1858 271.
483 1825 619 1854 Kilhner.
641 1823 684 1853 ad
704 1823 862 1865 Xenoph.
878 1823 980 1853 Com-

217 1877 357 1902 mentar.
384 1871 406 1901 Ι.
423 1867 453 1907 -1,
473 1869 522 1900 12.
548 1874 583 1898 et
598 1867 633 1898 in
648 1868 705 1898 Gr.
721 1867 866 1898 Gramm.
887 1869 926 1899 T.
942 1868 981 1898 ΙΙ.

219 1916 247 1949 6.
263 1914 349 1953 652,
379 1913 405 1945 1.
429 1931 475 1936 —
525 1914 675 1952 Viryinali
694 1922 744 1944 ore
774 1911 931 1954 Sophocl.
949 1923 981 1944 v.

220 1954 324 1993 1073:
362 1954 447 1995 ὥςτε
469 1956 650 1998 παρθένος,
678 1956 827 2000 βέβρυχα
849 1956 982 1989 κλαίων.

218 2003 317 2036 Unde
340 2008 497 2045 apparet,
525 2001 748 2032 coniecturam
771 2004 809 2033 H.
833 2002 983 2040 Stephani

218 2050 367 2088 viryinali
397 2056 499 2084 more,
535 2045 582 2075 uti
607 2045 704 2075 etiarn
733 2045 767 2076 in
798 2056 864 2076 uno
888 2044 982 2075 Leid.

219 2099 289 2129 est,
314 2089 524 2122 rejiciendam
548 2101 628 2120 esse.
678 2090 750 2120 Huc
772 2089 910 2127 accedit,
937 2088 983 2120 uti

218 2142 310 2168 recte
334 2141 448 2166 monet
474 2136 624 2173 Orethus,
651 2134 740 2176 quod
760 2145 912 2175 pronom.
935 2144 982 2164 me

219 2191 316 2223 aegre
336 2179 552 2219 desideratur,
578 2178 770 2220 praesertim
792 2179 824 2208 in
846 2178 906 2208 hac
925 2189 983 2209 ac—

221 2224 357 2258 cusativi
392 2237 419 2255 c.
444 2224 505 2255 inf.
536 2229 719 2260 structura,
757 2229 790 2253 et
823 2232 873 2253 ore
897 2225 983 2253 edere

220 2270 354 2312 antiqua
377 2269 472 2311 copia
492 2268 622 2306 dicitur,
646 2274 681 2298 ut
698 2277 769 2299 voce
788 2276 910 2306 vocare,
933 2277 983 2298 ore

220 2317 382 2354 locata'sl,
416 2313 600 2355 rectiusque
631 2324 660 2343 v.
692 2314 852 2352 ploratum
884 2311 983 2342 habet

220 2359 379 2393 ἐπίὲἲετον.
439 2358 537 2397 Quod
573 2363 681 2388 autem
717 2358 892 2396 Stephanus
927 2356 982 2390 ait,

218 2407 376 2444 ploratum
406 2414 472 2434 non
503 2414 579 2441 ore,
617 2401 675 2432 sed
707 2401 807 2433 oculis
839 2400 913 2439 edi,
949 2400 984 2431 id

219 2448 315 2479 inane
352 2459 423 2479 esse
455 2447 659 2478 demonstrat
691 2448 840 2478 Davisius
875 2457 982 2488 comp.

218 2492 296 2523 infr.
325 2504 351 2523 c.
369 2493 417 2524 15.
454 2491 526 2524 Liv.
549 2492 602 2531 22,
628 2489 678 2524 14.
703 2491 757 2530 23,
779 2491 832 2523 4¹2.
868 2493 984 2523 Senec.

219 2547 272 2579 ep.
295 2536 349 2568 63.

289 2582 341 2612 Sic
363 2581 527 2620 seminata]
556 2581 595 2612 D.
612 2580 653 2611 ob
670 2581 795 2612 Graeca
816 2581 872 2613 νῦν
894 2577 924 2615 δ’
946 2578 984 2613 ἐκ

219 2622 367 2659 τοιούτου
389 2625 495 2665 θῆλυς
517 2621 662 2666 εῧρημαι
678 2623 782 2663 τάλας
805 2625 888 2657 coni.
913 2627 985 2657 sed

223 2671 384 2710 seminata.
424 2671 495 2700 Duo
519 2671 598 2701 Oxx.
620 2670 725 2700 Marb.
745 2673 826 2711 Aug.
842 2669 984 2702 Vind.1.

221 2713 326 2745 Rehd.
350 2713 469 2756 aliique
499 2720 531 2744 et
562 2725 685 2754 paucae
711 2713 785 2744 edd.
812 2721 891 2745 vett.
923 2726 983 2756 pro

219 2760 371 2799 feminam
393 2757 517 2789 habent
538 2760 736 2797 effeminala;
764 2757 828 2789 hoc
849 2759 899 2789 vel
923 2770 984 2801 po-

220 2803 285 2834 tius
298 2805 495 2843 ecfeminata,
510 2802 621 2833 deleto
642 2805 696 2841 sic,
716 2801 896 2834 defendere
915 2811 984 2834 stu-

221 2847 293 2880 duit
315 2849 456 2879 Klotzius
480 2847 511 2878 iu
538 2845 622 2878 Add.
655 2858 687 2889 p.
710 2846 773 2884 77,
809 2846 920 2878 dicens
945 2859 984 2878 ex

221 2892 327 2935 prima
358 2891 451 2924 huius
482 2903 511 2923 v.
545 2890 671 2933 syllaba
702 2900 734 2922 ec
769 2897 881 2923 natum
915 2903 984 2923 esse

221 2939 250 2969 ic
269 2939 293 2978 f.
317 2936 460 2981 indeque
486 2939 529 2970 sic
552 2938 574 2977 f.
636 2934 777 2978 Antiqua
807 2935 912 2968 forma
936 2946 984 2968 ec-

1012 1243 1178 1282 feminalus
1193 1239 1292 1271 etiam
1311 1238 1398 1271 infra
1421 1240 1477 1270 111.
1499 1239 1548 1278 17,
1565 1238 1620 1272 36.
1639 1239 1672 1270 in
1688 1238 1774 1270 Gud.

1017 1287 1044 1318 1.
1071 1298 1089 1316 a
1108 1297 1156 1327 pr.
1168 1296 1212 1318 m.
1231 1291 1389 1316 servatur.
1441 1283 1491 1315 Cf.
1518 1283 1560 1315 ad
1584 1284 1616 1322 ὅ,
1640 1284 1702 1316 20:
1728 1294 1776 1315 ec-

1012 1331 1173 1370 feritatem.
1222 1329 1329 1360 Etiam
1356 1331 1488 1360 Wesenb.
1508 1329 1579 1360 Em.
1603 1329 1660 1360 111.
1693 1340 1724 1370 p.
1746 1330 1777 1360 e.

1014 1376 1198 1414 ecfeminata
1216 1373 1393 1416 legendum
1418 1380 1539 1412 censet,
1562 1373 1713 1405 voculam
1735 1375 1779 1404 sic

1014 1430 1290 1461 supervacaneam
1315 1418 1439 1449 dicens.
1478 1420 1579 1449 Moser
1601 1420 1778 1458 effeminata

1017 1475 1078 1506 pro
1096 1463 1292 1505 glossemate
1318 1459 1407 1502 ἅπαξ
1428 1462 1604 1505 λεγομένου
1624 1464 1776 1502 seminata

1016 1508 1125 1539 habet.
1162 1508 1197 1539 Si
1219 1511 1262 1540 sic
1286 1520 1304 1539 a
1326 1507 1484 1539 Cicerone
1506 1507 1694 1550 profectum
1715 1513 1776 1545 est,

1015 1553 1225 1584 referendum
1251 1559 1300 1584 est
1324 1552 1366 1583 ad
1395 1551 1543 1594 proxime
1574 1551 1778 1583 anteceden-

1014 1598 1060 1629 tia
1084 1598 1202 1629 verba:
1239 1599 1422 1638 virginalem
1456 1607 1503 1628 me
1534 1607 1584 1628 ore
1613 1599 1657 1636 pl.
1683 1598 1779 1628 edere.

1017 1642 1068 1673 Cf.
1093 1653 1119 1673 c.
1147 1643 1207 1680 10,
1231 1644 1293 1674 25:
1333 1643 1385 1673 Sic
1409 1652 1461 1672 me
1484 1641 1555 1684 ipse
1575 1641 1690 1672 viduus
1715 1652 1778 1683 pe-

1014 1693 1081 1718 stes
1106 1686 1234 1729 excipio
1259 1686 1381 1718 anxias.
1429 1687 1500 1728 Ego
1530 1686 1638 1718 adhuc
1662 1686 1778 1717 dubius

1015 1743 1095 1770 sum,
1123 1738 1227 1763 utram
1249 1731 1443 1773 scripturam
1459 1731 1654 1773 praeferam,
1673 1742 1778 1774 quan—

1016 1788 1112 1819 quam
1137 1788 1257 1819 negare
1282 1787 1348 1807 nou
1376 1787 1529 1818 possum,
1566 1776 1778 1807 vehementer

1014 1821 1094 1852 mihi
1119 1821 1249 1863 placere
1275 1820 1496 1852 coniecturam
1520 1820 1658 1852 Klotzii.

1083 1865 1310 1909 Evisceratum]
1338 1864 1475 1896 Orellius
1502 1877 1527 1896 c.
1552 1866 1607 1896 W.
1632 1876 1649 1896 e
1675 1866 1776 1906 Bent-

1016 1910 1070 1942 leii
1092 1911 1281 1942 coniectura
1297 1909 1401 1941 edidit
1423 1912 1603 1950 eviscerat&
1627 1909 1707 1940 mihi
1722 1921 1778 1941 ve-

1016 1967 1053 1986 ro
1086 1955 1219 1997 vulgata
1251 1958 1453 1987 evisceratum
1475 1964 1586 1994 corpus
1610 1956 1780 1987 laceratum

1016 2000 1225 2031 sollicitanda
1248 2011 1313 2031 non
1335 1998 1486 2037 videtur3
1511 2010 1585 2030 nam
1610 1998 1780 2042 proprium

1017 2051 1065 2075 est
1088 2051 1235 2075 veterum
1256 2048 1438 2086 poetarum,
1465 2043 1520 2075 uni
1539 2043 1665 2075 nomini
1686 2043 1780 2086 plura

1018 2089 1174 2120 attributa
1188 2085 1380 2125 ἅσυνδέτως
1393 2088 1580 2130 adiungere.
1614 2088 1669 2120 Sic
1684 2100 1711 2120 c.
1728 2089 1779 2126 10,

1017 2133 1079 2165 25:
1106 2133 1188 2164 haec
1211 2140 1341 2164 vetusta
1363 2133 1477 2163 saeclis
1497 2133 1681 2174 glomerata
1696 2133 1779 2164 hor-

1018 2177 1117 2217 ridis,
1153 2177 1311 2208 Luctifica
1337 2176 1455 2207 clades.
1506 2176 1588 2208 Edd.
1612 2183 1693 2208 vett.
1720 2187 1781 2208 ex-

1018 2222 1132 2252 hibent
1153 2225 1355 2253 evz'sceralam
1377 2231 1487 2260 corpus
1510 2223 1659 2253 lacerati.-
1691 2221 1781 2263 quod

1018 2266 1145 2308 recepit
1171 2265 1329 2307 Tregder.
1378 2265 1490 2296 Paullo
1513 2271 1589 2307 post
1608 2267 1780 2298 Caelestum

1018 2311 1115 2342 metri
1141 2322 1251 2341 caussa
1276 2321 1335 2351 pro
1361 2311 1545 2341 Caeles-lium
1568 2309 1693 2341 dictum
1722 2316 1781 2342 est.

1086 2358 1184 2394 Nunc,
1207 2354 1302 2397 nunc]
1330 2355 1419 2385 Haec
1440 2354 1585 2385 eiusdem
1605 2354 1695 2386 vocis
1714 2353 1781 2386 ite-

1020 2400 1104 2432 ratio
1130 2399 1259 2441 egregie
1281 2399 1434 2442 exprimit
1457 2398 1607 2431 Herculis
1631 2398 1782 2430 anxieta-

1018 2452 1096 2476 tem.
1147 2444 1260 2476 Paullo
1296 2450 1371 2485 post
1396 2446 1537 2475 dolorum
1561 2445 1696 2483 auxiferi
1718 2447 1780 2475 tor-

1018 2494 1108 2530 quent
1128 2492 1255 2521 vertices
1276 2486 1408 2530 (ἇκμαί)
1429 2488 1565 2530 pulchre
1582 2488 1703 2518 dictum
1719 2498 1780 2529 pro

1019 2534 1162 2577 vulgari:
1193 2536 1323 2565 summis
1352 2535 1507 2564 doloribus
1531 2542 1650 2571 anyer,
1674 2541 1779 2570 vexor,

1016 2589 1148 2620 punyor.
1186 2579 1236 2610 De
1257 2577 1321 2608 adi.
1345 2579 1469 2616 anxifer
1491 2588 1522 2607 v.
1546 2575 1586 2607 ad
1605 2577 1630 2606 I.
1654 2574 1707 2613 28,
1724 2574 1779 2608 (59.

1088 2626 1115 2666 ᾗ.
1130 2624 1183 2655 22.
1212 2624 1364 2654 Frendens
1385 2623 1504 2661 efflavit
1523 2622 1660 2660 graviter
1683 2629 1707 2650 e.
1731 2619 1776 2662 h.]

1021 2672 1164 2701 Graviter
1188 2666 1319 2710 (δεινόν)
1346 2677 1431 2702 non,
1466 2664 1512 2695 uti
1540 2666 1665 2704 Wolfius
1688 2663 1777 2694 arbi-

1018 2721 1135 2751 tratur,
1161 2724 1232 2744 cum
1252 2712 1394 2751 frendens
1414 2708 1612 2751 iungendum
1634 2714 1694 2746 est,
1720 2708 1778 2739 sed

1020 2764 1160 2800 cogente
1184 2755 1358 2788 verborum
1395 2753 1614 2785 collocatione
1639 2764 1712 2784 cum
1735 2755 1779 2793 ef-

1019 2806 1128 2844 flavit,
1152 2801 1200 2832 uti
1224 2811 1301 2831 vere
1324 2806 1438 2830 monet
1462 2801 1609 2830 Klotzius.

1086 2848 1223 2886 excetra]
1261 2844 1392 2875 Servius
1425 2843 1466 2874 ad
1497 2843 1587 2885 Virg.
1614 2845 1694 2874 Aen.
1721 2843 1777 2880 VI,

1018 2892 1104 2925 ⁸257:
1130 2890 1274 2934 ,‚hydra‚
1298 2899 1381 2932 quae
1404 2887 1468 2918 fuit
1491 2887 1524 2919 in
1538 2888 1658 2925 Lerna,
1680 2886 1779 2929 Argi—

1019 2947 1134 2968 vorum
1168 2934 1309 2977 palude,
1349 2932 1468 2965 Latine
1501 2936 1624 2966 excetra
1647 2930 1776 2971 dicitur,
