1863 3221
213 113 298 156 502

216 204 377 244 Aur-actio,
400 214 463 247 qua
483 201 677 246 pronomina
701 206 735 232 et
757 200 967 233 demonstra-

259 248 328 281 tiva
351 255 385 280 et
405 248 543 281 relativa
564 246 606 278 ad
626 257 765 289 sequens
785 246 967 278 substanti—

259 305 336 327 vum
359 291 668 333 accommodantur,
693 302 791 334 quum
813 291 847 323 in
872 291 968 334 geni-

258 338 330 371 tivo
353 338 506 381 ponenda
530 335 673 377 fuerint,
710 342 763 367 ut:
803 338 877 369 haec
897 340 968 377 pul-

258 385 397 416 chritudo
421 393 501 425 pro:
538 381 654 412 harum
687 392 796 413 rerum
819 382 967 425 pulchri—

256 428 347 460 tudo.
383 429 408 459 Ι.
436 426 488 469 19,
512 423 565 458 45.

214 475 383 513 Attracl-io,
431 482 492 514 qua
535 470 716 503 subiectum
760 472 970 504 secundariae

260 516 492 550 enuntiationis
526 516 563 548 fit
599 516 764 548 obiectum
798 517 970 559 primariae

259 562 491 594 enuntiationis
506 587 513 601 ,
559 568 615 593 ut:
665 564 742 594 nosti
777 564 970 603 Marcellum,

257 617 352 648 quam
385 609 495 638 tardus
524 609 582 647 sil,
616 617 697 648 pro:
734 617 828 648 quam
862 609 971 640 tardus

256 654 421 684 Marcellus
441 654 489 683 sil.
520 653 542 683 ῐ.
567 649 619 689 2-1,
645 650 699 685 56.

214 700 380 738 Allraclio,
410 708 471 740 qua
497 708 587 728 casus
611 697 751 728 nominis
777 698 970 730 conforma-

258 741 350 773 tione
372 741 595 774 antecedentis
621 742 853 774 enuntiationis
880 744 970 786 quasi

257 787 432 819 attrahitur
465 793 497 818 et
526 786 569 818 ad
594 798 664 818 eam
689 788 967 821 accommodatur.

258 833 282 863 1.
305 830 370 874 24,
394 830 447 865 56.

215 878 380 917 Allraclio,
418 889 479 920 qua
503 888 687 920 pronomen
712 878 884 910 relativum
907 891 966 921 ge·-

257 933 316 953 nus
340 934 433 953 suum
464 934 530 953 non
565 921 606 953 ad
630 922 875 961 antecedentis,
911 924 969 955 sed

257 967 420 1010 sequentis
440 966 635 998 substantivi
650 978 751 1009 genus
772 969 968 999 conformat.

259 1013 284 1042 1.
312 1012 362 1047 10,
387 1013 441 1044 20.
474 1009 528 1048 24,
553 1012 606 1043 ss.
646 1013 700 1043 lv.
730 1013 779 1051 10,
804 1012 857 1045 23.

213 1058 360 1088 Allraclio
390 1056 442 1087 in:
479 1057 526 1087 his
550 1055 624 1087 dico
657 1058 782 1097 litteris,
819 1068 878 1100 pro
913 1060 970 1090 has

256 1100 331 1132 dico
355 1103 490 1141 litteras,
514 1101 785 1143 praecedentibus
809 1102 970 1135 ablativis,

256 1147 296 1179 V.
323 1144 376 1185 36,
406 1147 477 1178 105.

211 1193 360 1223 Atlraclio
394 1191 446 1222 iu:
484 1195 510 1222 ie
542 1190 690 1233 suspicor
721 1192 838 1224 iisdem
861 1193 968 1233 rebus,

258 1236 373 1279 quibus
395 1246 443 1267 me
466 1238 580 1276 ipsum,
605 1236 734 1278 gravius
759 1238 969 1270 commoveri.

255 1283 279 1313 I.
308 1281 359 1320 17,
384 1281 437 1314 59.

211 1329 378 1366 Αἰίναοίῐο,
403 1337 465 1368 qua
484 1325 716 1358 enuntiationis
734 1327 795 1359 alia
816 1327 969 1371 interpo—

261 1371 379 1403 sitione
412 1371 614 1413 interruptae
648 1372 850 1404 continuatio
876 1373 968 1404 huius

255 1416 516 1459 interpositionis
542 1416 668 1448 formae
692 1417 886 1459 adaptatur,
912 1426 967 1449 ut:

256 1461 434 1505 prudentes
459 1461 628 1499 homines,
664 1464 695 1493 in
719 1465 829 1501 quibus
855 1465 969 1494 Gellius

257 1517 411 1538 canorum
446 1505 532 1536 hunc
565 1513 730 1537 oratorem
765 1507 864 1538 fuisse
888 1509 970 1539 dice-

258 1554 329 1591 bat,
354 1562 433 1594 pro:
458 1550 491 1581 in
516 1550 630 1593 quibus
657 1551 780 1583 Gellius
806 1552 887 1591 fuit,
913 1552 968 1583 di—

258 1596 386 1628 cebant.
430 1597 453 1626 1.
477 1595 532 1633 30,
556 1595 609 1628 73.

212 1644 371 1680 Attraclw,
395 1651 458 1683 qua
479 1639 521 1671 ad
543 1640 794 1672 antecedentem
814 1641 967 1685 interpo-

256 1685 408 1718 sitionem
429 1685 630 1717 constructio
655 1686 888 1718 enuntiationis
912 1699 965 1718 se-

258 1730 453 1767 cundariae,
480 1741 560 1772 quae
585 1731 819 1762 enuntiationis
843 1731 968 1774 prima—

255 1776 323 1808 riae
345 1774 484 1806 rectioni
499 1774 644 1806 subiecta
660 1787 730 1806 esse
744 1775 895 1813 debebat,
910 1789 967 1808 ac-

257 1819 502 1857 commodatur,
539 1826 593 1850 ut:
631 1823 811 1861 confirmato
834 1824 906 1860 illo,
931 1824 968 1854 de

255 1877 334 1907 quo,
356 1865 383 1896 si
407 1864 561 1896 mortales
586 1865 684 1896 animi
709 1873 802 1904 sunt,
828 1869 969 1899 dubitare

255 1922 314 1944 non
337 1920 520 1950 possumuS,
553 1913 628 1950 quin
661 1913 760 1942 omnis
792 1922 898 1943 sensus
919 1914 967 1944 in-

255 1960 369 1995 tercal,
398 1966 479 1998 pro:
515 1966 645 1986 omnem
669 1967 798 1987 sensum
820 1957 965 1988 interire.

259 2002 282 2032 Ι.
305 2000 360 2039 36,
381 2001 435 2032 ὃὸ.
461 2001 501 2031 ΙΙ.
522 2000 554 2038 2,
569 2001 599 2031 5.
623 2001 663 2032 V.
681 2000 730 2041 13,
744 2000 797 2035 37.
833 2002 884 2033 Cf.
899 2013 967 2045 seq.

213 2048 371 2085 Attractio,
393 2056 455 2087 qua
478 2044 659 2076 enuntiatio
682 2048 813 2078 relativa
830 2048 967 2079 consor-

256 2096 362 2121 matur
393 2089 434 2120 ad
467 2089 725 2121 enuntiationem
759 2091 820 2122 sibi
855 2093 967 2123 subie—

257 2141 353 2166 ctam.
390 2136 412 2165 Ι.
436 2132 490 2171 34,
516 2132 568 2166 54.

217 2181 361 2211 Allraclio
381 2178 432 2209 in:
468 2178 527 2210 hos
550 2191 584 2209 se
606 2179 772 2221 appellare
790 2181 969 2222 sapientiae

256 2224 431 2262 studiosos,
456 2223 491 2255 id
515 2230 564 2255 est
584 2224 670 2255 enim
687 2226 891 2265 philosophos.
929 2228 967 2258 V.

257 2270 298 2307 ὀ,
322 2268 353 2301 9.

214 2316 380 2353 ΑἰίναεΙὶο,
411 2313 524 2344 similis
549 2313 596 2351 ei,
623 2325 704 2356 quae
729 2314 847 2347 dicitur
870 2320 967 2348 allra-

257 2362 314 2390 σεῖο
336 2362 469 2390 inversa.
502 2360 542 2389 ΙΙ.
571 2358 622 2399 16,
644 2358 697 2392 37.

214 2406 378 2443 Αίίναοὶίο,
413 2415 473 2446 qua
497 2403 735 2435 substantivum
767 2405 967 2437 enuntiatio—

258 2448 307 2479 nis
350 2448 522 2490 primariae
556 2447 770 2480 enuntiationi
812 2450 968 2482 relativae

259 2492 410 2524 inseritur
431 2500 462 2524 et
483 2494 515 2524 in
537 2493 653 2524 eodem
676 2506 749 2526 casu
763 2521 770 2533 ‚
796 2506 860 2538 quo
885 2508 968 2538 pro—

260 2548 378 2568 nomen
411 2538 582 2569 relativum
617 2545 687 2577 est,
724 2539 877 2582 ponitur,
912 2548 965 2572 ut:

260 2581 445 2619 Videamus,
472 2590 590 2624 quanta
614 2583 690 2622 sint,
715 2596 797 2627 quae
817 2597 834 2617 a
857 2585 968 2628 philo-

261 2626 377 2668 sophia
399 2630 532 2658 remedia
558 2628 678 2659 morbis
702 2630 881 2661 animorum
906 2631 968 2662 ad—

261 2670 444 2709 hibeantur,
468 2683 547 2713 pro:
572 2673 749 2713 videamus,
768 2683 887 2717 quanta
902 2677 968 2707 sint

261 2716 416 2754 remedia,
438 2727 520 2758 quae
537 2728 554 2746 a
571 2717 623 2758 ph.
640 2718 748 2750 adhib.
776 2721 829 2751 lV.
844 2721 897 2759 27,
912 2722 965 2752 51-5.

217 2764 399 2793 Attributum
423 2760 553 2792 alicuius
586 2762 633 2792 rei
667 2764 804 2796 relatum
833 2776 899 2796 non
926 2765 967 2796 ad

261 2805 341 2838 alius
356 2806 402 2838 rei
417 2806 616 2842 attributum,
636 2807 692 2837 sed
711 2808 752 2839 ad
768 2821 834 2840 rem
850 2810 964 2852 ipsam,

261 2851 312 2883 cui
337 2852 486 2883 inhaeret
517 2850 718 2882 attributum.
767 2854 804 2885 V.
833 2857 965 2895 Compa-

258 2900 318 2928 ναί.
341 2898 548 2936 compendiar.

217 2943 352 2980 .4udio,5
370 2941 423 2973 ubi
458 2940 528 2984 quis
558 2940 688 2972 alterius
711 2942 906 2973 senteutiam
931 2956 964 2974 se

261 2986 397 3027 probare
419 2985 556 3018 simulat.
601 2987 640 3017 ΙΙ,
665 2985 727 3025 20,
751 2983 804 3018 46.
852 2990 964 3019 Audire

657 123 800 156 INDEX
823 121 981 155 RERUM
1005 122 1062 156 ET
1085 122 1313 159 NOMINUM.

1045 201 1149 241 male,
1172 202 1276 241 bene,
1302 197 1434 237 ἀκούειν
1457 204 1592 246 κακῶς,
1618 198 1670 239 εὖ.
1716 207 1755 239 V.

1045 244 1109 286 40,
1137 246 1209 280 116.
1255 248 1371 279 Audire
1399 257 1457 288 ex,
1489 251 1547 290 de,
1579 252 1618 282 ab
1642 253 1757 292 aliquo.

1047 293 1103 323 ΙΙΙ.
1132 289 1193 330 14,
1215 291 1269 325 30.

1002 341 1158 377 Auyuscus
1181 343 1216 368 et
1238 340 1373 369 sanctus.
1408 338 1447 369 V.
1476 338 1535 377 12,
1560 338 1614 372 37.

1003 384 1063 413 Aul
1087 388 1120 413 et
1143 386 1175 414 ul
1198 382 1231 413 in
1260 381 1357 413 codd.
1384 383 1531 415 confusa.
1567 384 1592 415 1.
1616 383 1680 424 22,
1704 386 1758 418 50.

1048 430 1107 459 Aul
1129 445 1175 451 —-
1196 430 1252 458 aut
1276 437 1507 471 nonnunquam
1531 427 1619 460 dicta
1639 428 1758 462 viden-

1048 478 1102 503 tur
1123 483 1183 514 pro
1200 474 1512 512 parlim—partlm.
1543 475 1568 504 I.
1594 474 1622 512 1,
1647 475 1675 506 1.
1699 477 1759 507 Aut

1049 516 1149 548 semel
1172 516 1326 559 positum.
1362 518 1385 548 Ι.
1406 518 1439 559 3,
1461 519 1492 550 5.
1530 520 1589 550 Aut
1611 520 1638 550 si
1652 537 1690 543 —
1705 522 1760 551 aut

1048 573 1128 605 pro:
1153 564 1179 594 si
1203 565 1257 593 aul
1279 579 1323 585 —
1347 566 1411 594 aut.
1446 564 1469 594 1.
1493 561 1548 602 36,
1573 563 1625 597 67.

1004 611 1111 640 Autem
1134 607 1167 638 in
1190 606 1412 649 assumptione
1437 618 1498 651 pro
1520 610 1615 647 alqui.
1651 609 1706 640 ΙΙΙ.
1727 609 1758 648 7,

1004 700 1110 730 Autem
1143 707 1377 739 nonnunquam
1408 708 1469 739 pro
1503 700 1584 729 enim
1615 697 1760 741 positum

1050 742 1190 774 videtur.
1224 742 1250 773 I.
1278 745 1317 778 2,
1345 741 1376 774 3.

1003 790 1111 820 Autem
1135 786 1233 818 tertia
1256 786 1334 817 sede
1357 787 1512 829 positum.
1548 788 1572 820 Ι.
1598 787 1652 826 27,
1678 787 1733 820 66.

1003 836 1122 864 Autem.
1169 833 1231 864 Sed
1257 833 1314 874 (al)
1337 851 1373 856 -
1389 836 1492 864 aulem
1514 832 1661 875 possitne
1682 832 1758 865 dici.

1048 879 1087 910 V.
1116 879 1164 915 lo,
1189 876 1242 909 52.

1004 924 1111 954 Autem
1134 921 1270 953 inservit
1292 921 1496 961 transitioni,
1523 928 1555 953 et
1578 934 1676 965 saepe
1700 923 1757 962 ita,

1050 974 1085 997 ut
1120 967 1355 997 sententiarum
1390 978 1508 998 nexum
1540 966 1758 1010 interruptum

1047 1017 1187 1053 repetat.
1224 1012 1249 1041 I.
1277 1012 1327 1048 Ιὸ,
1353 1010 1404 1043 42.

1003 1059 1112 1088 Autem
1134 1066 1232 1097 saepe
1257 1055 1468 1086 continuandi
1491 1055 1555 1087 vim
1579 1056 1689 1096 habet,
1713 1058 1759 1090 ita

1049 1100 1199 1144 quidem,
1245 1107 1279 1131 ut
1323 1100 1539 1144 interruptam
1576 1102 1760 1135 orationem

1049 1152 1201 1177 resumat.
1239 1146 1262 1177 Ι.
1287 1145 1350 1184 21,
1375 1144 1429 1178 49.

1003 1193 1264 1230 Aulem=item,
1288 1193 1392 1230 eliam,
1412 1195 1573 1231 praeterea
1599 1204 1670 1224 cum
1695 1204 1759 1236 op—

1048 1236 1222 1279 positionis
1246 1235 1393 1267 notione.
1433 1237 1456 1266 I.
1482 1236 1545 1275 33,
1570 1237 1624 1269 0¹0.

1004 1284 1111 1314 Aulem
1131 1280 1266 1312 inservit
1289 1280 1445 1312 orationis
1463 1281 1649 1323 gradationi
1668 1282 1759 1314 indi-

1051 1326 1193 1365 candae,
1221 1332 1255 1357 ut
1280 1326 1434 1368 explicari
1458 1327 1563 1369 possit
1586 1339 1662 1370 per:
1699 1331 1757 1360 im-

1048 1374 1177 1411 primis,
1201 1373 1334 1403 demum.
1372 1373 1428 1403 IV.
1453 1376 1495 1412 2,
1522 1373 1552 1404 5.

1004 1419 1100 1448 Avellz'
1124 1417 1249 1447 hastam
1274 1423 1307 1447 et
1331 1419 1426 1449 evelli.
1467 1418 1522 1448 IV.
1552 1417 1610 1457 11,
1635 1415 1689 1450 24.

1003 1464 1084 1492 Aveo
1108 1461 1240 1500 audire,
1264 1461 1357 1492 scire.
1391 1463 1416 1492 I.
1440 1462 1480 1500 ὅ,
1510 1462 1560 1495 Ιῦ.

1361 1541 1397 1571 Β.

1002 1597 1104 1627 Bacae
1138 1606 1236 1637 saepe
1260 1595 1300 1626 de
1325 1595 1439 1638 quovis
1473 1596 1603 1637 frugum
1638 1608 1758 1638 genere

1048 1639 1177 1671 dicitur.
1219 1641 1241 1672 Ι.
1266 1642 1319 1679 28,
1345 1640 1398 1672 09.

1001 1686 1167 1716 Balbulire.
1203 1685 1242 1715 V.
1266 1684 1328 1724 26,
1355 1683 1409 1718 7-1.

1001 1732 1157 1761 Barbaria
1181 1729 1221 1760 de
1246 1736 1333 1761 terra
1357 1729 1406 1761 dr.
1438 1731 1477 1761 V.
1503 1730 1555 1769 27,
1582 1731 1635 1765 77.

1001 1776 1209 1814 Barbaricas,
1235 1775 1403 1817 Phrygius.
1441 1778 1463 1807 Ι.
1489 1775 1541 1813 35,
1567 1777 1621 1808 85.

1001 1821 1131 1851 Beatum
1154 1819 1348 1852 substantivi
1371 1820 1446 1852 loco
1469 1820 1622 1863 positum.
1649 1823 1688 1854 V.
1706 1822 1756 1862 15,

1046 1861 1100 1896 45.

1002 1910 1079 1940 Bene
1100 1912 1194 1949 plane
1217 1920 1358 1950 magnus.
1395 1912 1435 1942 ΙΙ.
1464 1910 1521 1948 19,
1546 1908 1600 1943 44.

1001 1955 1107 1985 Bibere
1131 1954 1325 1986 ministrare.
1365 1956 1385 1986 Ι.
1411 1955 1464 1993 zo,
1487 1955 1541 1987 65.
1577 1960 1637 1988 Aul
1661 1959 1754 1998 bibat,

1045 2003 1100 2030 aul
1120 2002 1220 2040 abeat,
1245 2000 1458 2042 proverbialis
1477 2000 1612 2032 locutio.
1646 2002 1686 2034 V.
1701 2000 1754 2043 41,

1001 2090 1104 2120 Bonus
1128 2089 1196 2129 vir,
1220 2089 1355 2122 ironice.
1396 2092 1453 2122 ΙΙΙ.
1477 2089 1530 2130 21,
1555 2092 1608 2123 50.

1002 2130 1170 2175 Βούλησις
1194 2136 1388 2167 Stoicorum.
1425 2137 1480 2167 IV.
1505 2135 1547 2174 6,
1569 2138 1619 2169 12.

1002 2179 1248 2218 Breviloquenlia
1272 2180 1304 2210 in
1321 2193 1327 2211 :
1352 2181 1518 2223 depellere
1532 2181 1573 2212 de
1585 2181 1755 2214 immorta-

1047 2222 1150 2254 litate.
1186 2225 1211 2255 Ι.
1236 2225 1289 2261 52,
1314 2225 1384 2262 77.;
1422 2226 1571 2262 efficere,
1603 2234 1636 2257 ut
1667 2238 1755 2258 mors

1046 2268 1165 2299 malum
1186 2280 1252 2300 non
1272 2269 1323 2301 sit.
1361 2272 1382 2301 Ι.
1406 2274 1436 2305 ὃ.
1463 2270 1531 2305 16.;
1558 2270 1602 2302 ita
1626 2271 1753 2313 definit,

1048 2320 1083 2344 ut
1107 2314 1309 2355 perturbatio
1334 2315 1386 2347 sit.
1425 2317 1479 2347 IV.
1508 2316 1561 2354 21,
1587 2316 1641 2349 47.

1363 2395 1395 2426 C.

1005 2450 1209 2489 cacophonia.
1256 2450 1294 2481 V.
1319 2449 1534 2493 Κακοφωνία.

1005 2496 1143 2526 Caecitas
1167 2497 1209 2526 ad
1233 2497 1363 2535 aliquid.
1401 2497 1454 2526 [ΙΙ.
1478 2496 1509 2534 5,
1537 2495 1586 2527 11.

1005 2541 1130 2570 Caelala
1155 2543 1241 2572 tecla.
1277 2541 1301 2570 l.
1327 2541 1380 2577 55,
1406 2542 1458 2572 ὃὸ.

1004 2586 1173 2616 Caelestum
1205 2596 1265 2627 pro
1297 2587 1471 2617 caelestium
1502 2585 1598 2616 metri
1630 2597 1752 2617 caussa.

1048 2630 1085 2661 11.
1109 2629 1141 2668 9,
1166 2630 1217 2661 21.

1004 2675 1140 2705 Caelum.
1174 2676 1209 2706 1η
1225 2677 1342 2706 caelum
1362 2676 1545 2706 adscendere
1561 2685 1642 2716 pro:
1666 2685 1752 2707 sum-

1046 2729 1131 2750 mam
1153 2720 1325 2758 felicitalem
1348 2722 1493 2751 nancisci.
1526 2720 1549 2749 I.
1576 2719 1628 2756 46,
1658 2721 1728 2752 111.

1004 2765 1141 2802 Caelum,
1159 2764 1385 2806 atmosphaera
1399 2770 1519 2795 nostra.
1545 2764 1567 2793 Ι,
1588 2765 1637 2803 19,
1651 2762 1753 2797 45.-

1046 2820 1151 2839 rerum
1177 2809 1378 2840 universitas.
1414 2810 1438 2839 1.
1462 2809 1514 2846 25,
1539 2807 1592 2841 54.

1002 2855 1137 2885 Gaesura
1161 2853 1191 2884 in
1217 2853 1323 2885 soluta
1347 2853 1504 2885 oratione.
1542 2854 1567 2884 Ι.
1597 2855 1624 2893 1,
1650 2854 1680 2886 2.

1001 2900 1121 2929 Callum
1143 2901 1301 2930 obducere.
1334 2900 1373 2929 H.
1399 2899 1448 2935 15,
1474 2896 1526 2929 56.

1001 2945 1079 2974 Caloe
1103 2942 1144 2974 de
1167 2943 1266 2975 circo.
1290 2945 1314 2974 Ι.
1332 2944 1363 2982 ὃ,
1392 2943 1440 2974 15.
1464 2943 1594 2976 mascul.
1616 2955 1746 2986 genere.

1044 2987 1124 3019 ibid.
1150 2988 1189 3020 V.
1213 2989 1282 3020 Sor.
