1832 3137
1542 74 1611 114 151

55 162 131 203 die.
194 159 298 215 Quid
316 167 378 202 est
398 159 539 215 igitur,
571 160 671 215 quod
693 173 884 215 querare,
917 161 950 202 si
971 160 1136 214 repetit,
1170 174 1286 216 quum
1304 161 1418 203 vult?
1445 175 1489 204 ea
1510 164 1612 204 enim

53 234 275 276 conditione
300 247 526 289 acceperas.
590 232 736 285 Iidem,
776 234 809 273 si
834 248 932 288 puer
956 247 1099 288 parvus
1126 234 1290 286 occidit,
1332 249 1456 290 aequo
1484 237 1613 278 animo

53 309 252 349 ferendum
277 315 435 363 putant,
469 308 502 348 si
520 321 616 349 vero
637 307 676 348 in
697 306 823 357 cunis,
858 321 907 347 ne
929 309 1168 361 querendum
1189 309 1358 363 quidem.
1420 309 1542 364 Atqui
1564 309 1612 351 ab

51 381 124 421 hoc
154 381 333 421 acerbius
367 382 537 435 exegit1
565 388 727 431 natura,
772 380 873 434 quod
909 380 1084 421 dederat.
1148 381 1332 423 Nondum
1366 390 1609 438 gustaverat,

50 454 234 508 inquitss,
279 455 383 495 vitae
406 455 662 505 suavitatem3
707 453 768 493 hic
798 459 928 493 autem
959 453 1035 493 iam
1059 454 1240 508 sperabat
1268 469 1430 511 magna,
1473 457 1612 512 quibus

52 527 124 568 frui
145 535 342 583 coeperat.
405 528 460 569 At
482 528 520 568 id
545 527 697 582 quidem
717 530 734 554 ³
768 526 807 566 in
842 525 986 566 ceteris
1012 526 1129 567 rebus
1155 528 1291 569 melius
1319 537 1496 584 putatur,
1541 531 1612 571 ali-

48 615 161 656 quam
192 609 364 656 partem,
407 615 522 656 quam
548 600 718 651 nullam,
760 600 980 653 attingere3
1024 600 1153 640 curin
1184 601 1263 641 vita
1289 605 1435 644 secus?
1476 603 1612 658 Quan-

47 688 163 729 quam
190 689 268 715 non
303 674 403 715 male
439 674 494 715 ait
517 671 804 725 Callimachus,
846 673 978 714 ntzclto
1007 674 1182 727 saepius
1202 674 1456 716 lacrimasse
1481 676 1610 718 Pria-

44 761 182 800 mum,
221 761 348 802 quam
375 746 584 788 Troilum.
641 745 791 787 Eorum
824 753 978 798 autem,
1024 746 1089 801 qui
1110 754 1252 788 exacta
1276 755 1406 789 aetate
1439 749 1612 790 moriun-

635 81 798 115 {ABER
825 83 848 114 1.
873 80 936 123 39,
961 81 1015 116 94.

47 828 131 873 tur,
166 821 323 861 fortuna
348 820 541 861 laudatur.

134 939 306 972 XXXlX.

48 982 136 1016 Gud.
160 983 189 1015 1.
216 985 256 1015 11.
278 982 310 1017 2.
333 984 365 1016 b.
389 984 526 1028 aliisque
548 983 659 1015 multis
678 995 738 1026 pro
762 983 848 1026 vulg.
868 986 1022 1024 inquiunt.

46 1050 107 1082 Gr.
130 1049 244 1084 Lexic.
273 1062 303 1082 v.
327 1050 428 1094 φημί.
476 1052 650 1083 Gernhard.
681 1050 714 1082 in
738 1050 810 1082 Ad-

47 1094 149 1127 dend.
171 1095 214 1127 ad
233 1095 302 1127 Cat.
320 1096 399 1127 Mai.
422 1107 454 1138 p.
470 1096 545 1128 320.
581 1097 727 1128 Ochsner.
742 1095 812 1127 Ecl.

49 1139 117 1172 Cic.
141 1151 174 1191 p.
195 1140 272 1173 221.
322 1143 462 1173 Creuzer.
492 1139 535 1172 ad
558 1141 602 1172 N.
629 1141 666 1172 D.
699 1141 733 1180 1,
758 1139 813 1173 36.

47 1197 69 1229 p
116 1233 154 1261 At
172 1231 206 1261 id
226 1229 364 1272 quidem]
391 1229 445 1261 Sic
469 1231 510 1262 D.
530 1231 586 1261 W.
611 1230 697 1261 Mos.
719 1241 745 1262 c.
773 1229 812 1261 R.

48 1287 103 1317 ap.
127 1275 220 1306 Wes.
252 1275 293 1305 Il.
324 1286 356 1316 p.
379 1274 433 1307 27.
463 1274 548 1305 Gud.
576 1276 604 1306 1.
630 1275 671 1305 ΙΙ.
701 1274 757 1304 Gr.
779 1273 809 1304 b.

46 1319 184 1362 aliisque
207 1318 317 1350 multis
340 1317 461 1350 codd:
488 1317 578 1361 quod
600 1318 721 1361 probat
746 1320 813 1350 We-

44 1366 128 1396 senb.
152 1362 175 1397 l.
197 1362 254 1401 d.;
289 1365 345 1394 Or.
368 1369 402 1394 et
424 1362 480 1394 Kl.
511 1374 538 1395 e.
563 1363 688 1406 Wopk.
713 1374 744 1404 p.
757 1361 811 1395 76.

47 1409 90 1440 H.
113 1419 153 1440 ex
182 1407 258 1439 edd.
286 1414 366 1439 vett.
397 1413 431 1439 et
462 1407 630 1439 nonnullis
655 1407 753 1439 codd.
779 1410 812 1438 at

46 1455 80 1486 id
100 1454 225 1494 quidem
244 1455 394 1493 ipsum.
440 1453 497 1484 Tr.
519 1455 623 1493 ipsum
643 1452 734 1484 uncis
757 1451 810 1482 iu-

47 1497 155 1531 clusit.
203 1500 344 1530 Klotzius
366 1497 400 1529 in
425 1497 511 1529 Add.
536 1509 566 1540 p.
581 1496 635 1530 46.
650 1523 658 1536 ‚
684 1496 740 1540 qui
763 1499 812 1537 ip-

44 1553 116 1576 sum,
136 1554 195 1586 per
214 1542 446 1586 compendium
462 1542 621 1585 scriptum
646 1542 743 1574 facile
757 1553 813 1573 ex-

45 1588 156 1620 cidere
187 1588 333 1631 potuisse
358 1586 484 1626 credit,
522 1599 630 1630 comp.
654 1587 716 1626 37,
745 1586 810 1619 90:

46 1636 90 1665 At
123 1635 157 1664 id
189 1635 293 1673 ipsum
325 1632 477 1664 odiosum
506 1639 576 1671 est,
613 1633 683 1663 sine
715 1643 812 1663 sensu

46 1689 129 1710 esse.
167 1679 209 1709 11.
237 1679 286 1715 12,
309 1677 369 1710 22⁴5:
397 1689 495 1720 quum
515 1679 572 1709 hoe
591 1680 694 1718 ipsum
718 1676 809 1716 dicit,

45 1734 209 1754 summum
240 1722 358 1753 malum
390 1734 462 1753 esse
491 1721 653 1754 dolorem.
702 1722 809 1753 Etiam

45 1771 192 1800 Goerenz.
218 1768 262 1799 ad
286 1766 387 1798 Acad.
414 1769 455 1805 ll,
482 1765 533 1799 14.
559 1779 592 1810 p.
606 1765 660 1800 8-1.
688 1767 811 1809 probat

43 1815 159 1853 ipsum.
218 1812 284 1843 Sed
319 1818 412 1844 recte
450 1812 549 1843 docet
584 1814 813 1852 Wesenbergius

46 1864 123 1900 post
159 1859 284 1897 quidem
318 1869 558 1899 supervaneum
593 1868 663 1888 esse
697 1859 810 1896 ipsum.

46 1902 99 1935 cf.
123 1901 233 1945 paullo
255 1909 350 1933 ante:
377 1906 409 1933 at
433 1912 471 1934 ea
493 1903 628 1942 quidem.

113 1947 341 1990 Callimachus]
368 1946 558 1978 Callimachi
573 1945 671 1978 verba
694 1957 812 1988 respe—

44 1992 130 2023 xisse
154 1991 287 2023 videtur
315 1991 480 2023 Plutarch.
508 1991 605 2023 Cons.
632 1990 674 2022 ad
699 1990 809 2033 Apoll.

45 2049 77 2080 p.
108 2035 180 2068 113.
215 2037 258 2067 E:
304 2036 407 2070 Μεῖον
431 2034 495 2079 γὰρ
527 2032 632 2073 ὅντως
656 2034 812 2078 Τρωΐλος

45 2078 229 2123 ἐδάκρυσεν
253 2077 279 2123 ἦ
297 2081 464 2124 Πρίαμος.
513 2081 663 2120 Troilus,
693 2080 811 2112 Priami

44 2126 139 2165 filius,
162 2125 296 2157 iuvenili
317 2126 454 2158 audacia
477 2126 572 2158 ferox
597 2137 670 2158 cum
683 2125 811 2157 Achille

44 2182 158 2203 manus
172 2183 345 2203 conserere
359 2183 466 2211 ausus,
484 2171 525 2202 ab
538 2183 577 2203 eo
590 2170 811 2214 interemptus

45 2222 106 2248 est.
153 2217 191 2248 V.
215 2215 330 2258 Virgil.
362 2219 442 2248 Aen.
476 2218 500 2248 Ι.
525 2214 591 2250 474
603 2228 652 2259 sq.
700 2218 809 2248 Biller-

44 2263 151 2293 behius
198 2261 389 2292 Callimachi
423 2261 522 2292 verba
554 2272 615 2304 pro
638 2261 809 2293 trochaico

45 2305 235 2348 septenario
257 2306 377 2342 habet5
402 2306 461 2338 sed
483 2313 573 2338 recte
597 2312 711 2338 contra
734 2318 810 2338 mo-

46 2356 104 2381 net
140 2352 294 2389 Orefflus,
332 2361 399 2381 non
431 2350 530 2381 licere
563 2362 604 2381 ex
642 2350 809 2383 Ciceronis

44 2395 183 2426 oratione
198 2396 323 2433 obliqua
343 2405 453 2425 versus
468 2395 689 2433 constituere3
710 2407 809 2427 unum

45 2444 173 2471 tantum
188 2450 316 2470 versum
331 2438 500 2481 obliquum
514 2438 546 2469 in
559 2441 687 2470 Orator.
703 2442 730 2483 §.
740 2438 809 2474 147.

46 2486 148 2516 Artem
169 2485 286 2523 pudere
307 2486 470 2524 proloqui,
493 2493 589 2524 quam
611 2486 731 2523 saclites
755 2497 810 2516 re-

46 2528 157 2571 periri,
177 2528 222 2559 ibi
242 2535 350 2560 tamen
370 2528 487 2560 verba:
513 2538 631 2568 versus,
647 2531 700 2568 qui
719 2533 811 2569 velat,

46 2585 223 2617 praemissa
243 2585 322 2604 esse.

113 2623 224 2651 exacta
253 2620 367 2659 aetate]
395 2618 436 2649 de
469 2620 544 2649 Sen.
572 2617 621 2656 17,
644 2617 706 2649 60:
739 2619 810 2658 ‚,M.

45 2663 178 2707 quidem
201 2663 368 2695 Valerium
395 2664 536 2695 Corvum
560 2662 745 2705 accepimus
770 2662 812 2693 ad

47 2708 260 2739 centesimum
281 2720 402 2740 annum
425 2708 593 2752 (aetatem)
608 2707 810 2750 perduxisse,

47 2763 148 2795 quum
181 2761 266 2785 esset
299 2758 410 2786 exacta
441 2754 509 2797 (alii
534 2754 597 2795 leg.
622 2754 706 2794 acta)
746 2753 811 2783 iam

49 2803 159 2828 aetate
188 2797 222 2828 in
254 2799 338 2841 agris
370 2811 491 2842 eosque
525 2799 692 2830 coleret.“
754 2797 810 2828 Uti

49 2844 148 2874 iniens
170 2848 259 2874 aetas
295 2844 514 2887 (aut'initium
535 2844 665 2884 aetatis)
691 2842 807 2875 adole—

50 2885 196 2928 scentia,
231 2898 312 2930 quae
335 2895 412 2931 post
432 2889 581 2932 quintum
605 2895 660 2920 aut
682 2894 810 2919 sextum

50 2930 213 2964 decimum
245 2933 362 2966 aetatis
395 2945 516 2966 annum
547 2933 675 2966 initium
711 2933 808 2973 canit,

357 938 372 970 1
398 940 481 971 Tres
504 941 584 971 Oxx.
606 941 687 981 Aug.
722 946 755 970 et
788 938 911 970 multae
944 938 1019 970 edd.
1047 945 1128 970 vett.
1151 941 1257 979 eaeiyit.

604 825 675 862 94.
711 817 820 861 Cur?
849 818 979 872 Nam,
1013 833 1126 871 reor,
1159 820 1336 872 nullis³‚
1370 821 1404 862 si
1424 821 1506 863 vita
1526 822 1611 863 lon-

1316 938 1337 971 2
1362 940 1416 971 Sic
1438 942 1496 974 Or.
1519 952 1545 973 c.
1570 941 1606 972 R.

1071 984 1111 1016 V.
1136 983 1220 1016 Adn.
1266 984 1288 1017 3
1313 997 1343 1016 ν.
1369 985 1450 1016 Adn.

846 1049 985 1087 dicitur3
1019 1050 1064 1082 ita
1090 1055 1202 1082 exacta
1225 1050 1322 1094 (acta)
1348 1058 1439 1083 aetas
1461 1059 1511 1083 est
1532 1064 1610 1095 per-

847 1102 919 1126 aeta
949 1094 1194 1134 adolescentia,
1234 1107 1332 1138 quam
1363 1096 1485 1139 excipit
1510 1097 1610 1130 virilis

847 1146 947 1171 aetas.
971 1141 1011 1171 V.
1023 1142 1164 1180 Seyffert.
1185 1140 1226 1171 ad
1238 1140 1330 1174 Lael.
1345 1142 1396 1181 10,
1416 1142 1470 1174 3⁴2.
1488 1153 1518 1184 p.
1531 1143 1608 1176 230.

847 1185 901 1216 Cf.
926 1184 1094 1216 Adnotata
1118 1185 1150 1216 in
1177 1182 1275 1228 §.94.

916 1253 944 1294 §.
958 1248 1012 1283 94.
1039 1253 1102 1283 Gur
1111 1253 1142 1293 ?]
1170 1252 1415 1284 Sententiarum
1432 1265 1533 1286 nexus
1556 1255 1611 1287 hic

848 1301 915 1326 est:
943 1296 1008 1327 Cur
1027 1306 1158 1335 eorum,
1185 1296 1239 1339 qui
1264 1304 1378 1329 exacta
1402 1305 1512 1330 aetate
1535 1312 1609 1331 mo—

847 1340 993 1380 riuntur,
1032 1340 1200 1372 fortunam
1223 1341 1413 1383 laudemus,
1449 1343 1537 1376 nulla
1562 1352 1613 1377 est

848 1396 981 1422 caussa3
1015 1397 1090 1417 nam
1113 1386 1193 1417 nulli
1218 1387 1321 1418 aetati
1344 1388 1412 1419 vita
1440 1388 1612 1421 iucundior

847 1436 959 1473 potest
983 1442 1066 1472 esse,
1081 1442 1178 1473 quam
1195 1432 1368 1465 senectuti.
1407 1433 1506 1465 Nulla
1519 1440 1609 1466 aetas

847 1475 1072 1507 vehementius
1096 1482 1210 1518 potest
1235 1482 1370 1520 optare,
1397 1483 1434 1509 ut
1457 1478 1525 1510 vita
1550 1491 1610 1510 ex-

846 1519 1013 1560 tendatur,
1038 1532 1135 1563 quam
1156 1529 1326 1560 senectu83
1351 1522 1434 1554 nihil
1455 1530 1505 1555 est
1524 1524 1611 1556 enim

847 1565 1002 1607 profecto
1025 1565 1151 1597 homini
1172 1566 1318 1606 dulcius,
1341 1579 1439 1611 quam
1462 1569 1611 1612 pruden—

846 1610 903 1643 tia.
938 1611 1150 1643 Prudentiam
1166 1618 1287 1651 autem,
1306 1611 1385 1645 licet
1400 1619 1508 1645 cetera
1523 1614 1610 1646 bona

847 1655 986 1694 auferat,
1011 1655 1109 1688 affert
1133 1663 1222 1688 certe
1241 1664 1405 1690 senectus.
1442 1660 1528 1701 Ergo
1544 1659 1609 1691 do-

846 1700 944 1732 lenda
968 1700 1088 1744 potins,
1113 1713 1211 1744 quam
1230 1702 1395 1734 laudanda
1418 1710 1468 1734 est
1484 1716 1608 1745 eorum,

846 1745 901 1788 qui
925 1746 1019 1777 senili
1043 1753 1152 1778 aetate
1184 1747 1250 1779 vita
1274 1747 1440 1779 decedunt
1465 1748 1610 1782 fortuna.

846 1791 933 1822 Hinc
955 1791 1126 1834 sequitur,
1159 1799 1236 1824 ante
1269 1798 1398 1835 tempus
1431 1793 1515 1825 mori
1541 1805 1607 1826 non

846 1847 999 1866 miserum
1025 1847 1106 1868 esse.

912 1891 994 1933 reor]
1023 1891 1149 1923 ironice
1171 1903 1230 1935 pro
1252 1897 1340 1924 certe.
1369 1894 1406 1927 V.
1420 1893 1462 1925 ad
1483 1894 1536 1933 22,
1555 1894 1608 1927 52.

913 1949 1028 1987 nullis,
1052 1950 1079 1979 si.
1101 1948 1181 1991 vita]
1208 1949 1286 1979 Non
1309 1960 1379 1980 sum
1400 1961 1495 1981 ausus
1519 1962 1548 1981 c.
1569 1951 1608 1982 L.

847 1994 902 2023 Or.
925 1993 982 2025 Tr.
1007 2004 1024 2023 e
1048 1992 1120 2024 cod.
1147 1992 1217 2026 Col.
1241 1996 1322 2035 Aug.
1348 1993 1444 2025 Vind.
1473 1995 1500 2026 l.
1525 1995 1610 2027 scri-

846 2037 924 2068 bere
942 2047 1003 2069 ηοη
1027 2040 1118 2078 ullis,
1152 2048 1338 2081 quanquam
1371 2039 1489 2070 eodem
1519 2040 1610 2071 ducit

845 2082 1009 2125 scriptura
1041 2094 1103 2115 non
1133 2085 1215 2123 illis,
1249 2094 1332 2126 quae
1367 2090 1417 2115 est
1448 2084 1481 2115 in
1507 2084 1608 2117 duob.

846 2129 927 2159 Oxx.
939 2133 973 2158 et
992 2127 1140 2170 plurimis
1162 2127 1237 2159 edd.
1252 2135 1345 2167 vett„
1363 2128 1509 2173 itemque
1525 2130 1609 2161 scri-

846 2178 942 2215 ptura
966 2175 1143 2213 nonnullis,
1170 2184 1253 2215 quae
1277 2180 1327 2205 est
1347 2173 1381 2205 in
1402 2174 1503 2206 duob.
1528 2177 1609 2208 Oxx.

845 2229 946 2259 marg.
969 2217 1069 2248 Vind.
1087 2219 1113 2250 l.
1133 2217 1209 2249 edd.
1233 2225 1315 2249 vett.
1337 2219 1473 2252 H.Ven.
1497 2219 1610 2250 Alteri.

846 2265 889 2293 At
909 2273 987 2293 vero
1010 2263 1173 2305 scriptura
1196 2265 1289 2295 nullis
1310 2263 1425 2295 nititur
1447 2263 1610 2306 plurimo-

845 2319 915 2338 rum
936 2307 1034 2339 codd.
1058 2308 1336 2350 optimorumque,
1362 2315 1396 2339 ut
1419 2308 1456 2339 R.
1474 2308 1559 2339 Gud.
1579 2308 1606 2340 1.

847 2352 925 2391 Gr.,
951 2359 985 2383 et
1007 2352 1236 2383 nonnullarum
1256 2351 1330 2382 edd.
1357 2358 1438 2384 vett.
1459 2353 1608 2384 auctori-

844 2403 924 2429 tate.
972 2396 1094 2439 Negari
1118 2396 1249 2438 quidem
1281 2407 1345 2427 non
1365 2403 1498 2440 potest,
1532 2409 1608 2428 sae—

845 2441 977 2484 pissime
1000 2441 1087 2483 apud
1114 2441 1305 2472 Ciceronem
1325 2453 1385 2474 non
1406 2444 1487 2475 ullus
1509 2443 1607 2474 oblit-

845 2492 985 2517 teratum
1006 2497 1086 2523 esse,
1113 2496 1212 2527 quum
1233 2486 1464 2529 compendium
1486 2490 1507 2520 ἡ
1525 2490 1608 2520 ullus

846 2531 944 2562 facile
964 2530 1102 2561 transire
1124 2530 1268 2572 potuerit
1287 2531 1320 2562 in
1335 2534 1460 2573 nullus,·
1484 2545 1513 2563 v.
1528 2544 1607 2575 qnos

846 2578 984 2607 Klotzius
1019 2574 1050 2605 in
1078 2574 1161 2606 Add.
1188 2586 1218 2617 p.
1242 2573 1295 2608 47.
1320 2576 1450 2615 laudat,
1479 2579 1607 2610 Madvi-

845 2622 932 2659 9ium
964 2619 1005 2650 ad
1038 2619 1106 2650 Fin.
1133 2621 1188 2652 Ill.
1217 2620 1264 2657 15,
1289 2621 1342 2653 50.
1370 2628 1403 2653 ct
1429 2624 1608 2662 Zumplium

847 2664 888 2695 ad
914 2664 1020 2695 Divin.
1042 2665 1073 2695 in
1096 2668 1134 2704 Q.
1156 2665 1276 2696 Caecil.
1308 2668 1355 2704 15,
1380 2666 1443 2699 6οῑ
1481 2667 1506 2698 si
1530 2679 1606 2698 vero

846 2719 907 2740 non
934 2712 1000 2740 ulla
1030 2709 1088 2740 tibi
1120 2710 1208 2741 facta
1232 2717 1281 2741 est
1302 2711 1429 2743 iniuria.
1453 2711 1484 2742 in
1514 2713 1604 2743 Vcrr.

847 2755 904 2784 Ill.
927 2754 980 2791 53,
1008 2752 1086 2786 124:
1112 2765 1174 2787 non
1193 2757 1257 2786 ulla
1278 2755 1310 2787 in
1334 2768 1388 2795 re;
1420 2756 1479 2787 sed
1503 2768 1543 2787 nc
1564 2757 1605 2787 il*

847 2798 899 2829 lud
920 2798 1051 2841 quidem
1073 2800 1184 2842 negari
1208 2807 1328 2842 potest,
1354 2801 1400 2831 uti
1424 2808 1513 2832 recte
1532 2812 1608 2830 mo-

847 2843 916 2874 nuit
951 2846 1089 2876 Klotzius
1121 2845 1143 2876 l.
1173 2845 1226 2884 d.,
1263 2846 1290 2876 si
1320 2846 1476 2888 scriptum
1509 2845 1607 2875 fucrit

846 2900 865 2920 n
883 2891 981 2940 ‘ullu-3,
1005 2901 1108 2933 aeque
1131 2890 1230 2922 facile
1250 2902 1310 2923 non
1336 2893 1418 2923 ullus
1438 2889 1517 2922 oriri
1541 2901 1606 2933 po-

844 2940 952 2966 tuisse.
