1832 3137
650 117 809 149 Lissssu
832 118 856 148 1.
884 116 924 156 3,
949 114 980 148 6.

1542 109 1589 150 51

33 211 147 251 quam
174 196 313 237 litteris
337 195 597 250 cogitationes
618 209 735 246 suas,
769 195 832 249 qui
857 209 925 237 cas
945 209 1016 236 nec
1040 196 1272 251 disponere,
1307 209 1379 236 nec
1404 196 1597 238 illustrare

37 270 181 325 possit,
216 284 289 311 nec
319 269 579 310 delectatione
606 269 730 323 aliqua
760 269 918 309 allicere
945 269 1155 319 lectorem,
1191 268 1357 310 hominis
1377 277 1438 310 est
1458 270 1596 311 intem-

34 351 220 400 peranter
235 343 431 384 abutentis
451 350 489 384 et
505 343 584 383 otio
602 349 641 383 et
660 341 816 382 litteris.
871 339 1007 396 Itaque
1024 357 1116 383 suos
1134 342 1253 383 libros
1272 342 1342 398 ipsi
1361 343 1495 397 legunt
1511 358 1597 384 cum

33 416 139 467 suis,
186 431 258 457 neo
283 417 484 471 quisquam
512 415 666 470 attingit
691 422 848 469 praeter
874 428 965 465 eos,
1014 416 1077 469 qui
1101 416 1261 456 eandem
1285 416 1481 457 licentiam
1501 417 1599 457 scri-

32 491 148 532 bendi
168 491 240 531 sibi
265 490 435 545 permitti
459 489 610 530 volunt.

672 486 807 541 Quare
831 487 862 527 si
887 487 1028 541 aliquid
1055 491 1250 530 oratoriae
1277 490 1400 530 laudis
1416 492 1437 517 4
1463 497 1597 531 nostra

30 564 228 608 attulimus
261 563 474 614 industria,
514 562 632 603 multo
662 560 874 601 studiosius
903 560 1167 615 philosophiae
1200 564 1327 603 fontes
1357 563 1594 618 aperiemus,

31 651 52 677 e
85 637 222 692 quibus
254 637 367 678 etiam
398 636 462 676 illa
494 634 715 676 manabant.

123 771 144 803 4
168 771 222 803 Sic
242 771 280 804 R.
301 770 333 802 b.
354 770 474 813 aliique
496 769 591 802 multi
611 768 732 808 codd.;
757 770 811 801 Or.
835 780 862 801 c.
887 768 959 801 aliis
983 769 1081 801 codd.
1109 769 1222 813 (etiam
1245 770 1330 801 Gud.
1356 771 1398 811 1.)
1423 776 1456 801 et
1478 769 1595 812 pleris-

0 850 1 855 ,
33 827 96 860 que
123 816 198 850 edd.
224 822 304 849 vett.
329 817 428 848 laudi.
474 816 514 847 V.
539 814 627 847 Adn.

29 901 150 933 tatem,
175 894 234 926 sed
255 893 345 937 quod
366 905 404 926 ea
427 904 490 925 una
512 893 555 925 sit
577 904 690 926 caussa
710 904 793 936 pro-

31 940 169 972 nominis
190 939 346 982 ponendi,
372 945 408 970 ut
432 938 462 971 ei
483 938 644 982 particula
667 938 792 970 adhae-

29 991 110 1016 reat.
156 985 247 1016 Infra
270 985 321 1024 ll,
345 985 400 1017 22.
424 996 442 1015 e
466 984 570 1027 Regio
591 983 728 1027 aliisque
748 983 794 1014 li·-

29 1029 94 1061 bris
117 1029 342 1061 revocavimus
364 1039 515 1070 magnum
544 1031 665 1061 illum
698 1031 793 1069 qui-

28 1077 114 1106 dem
148 1077 251 1107 virum
282 1085 342 1116 pro
365 1074 453 1116 vulg.
483 1084 524 1106 m.
547 1076 671 1114 quidem
693 1076 792 1107 illum.

29 1119 96 1151 Sed
117 1119 160 1151 ad
183 1119 282 1152 Attic.
306 1119 380 1150 XV.
406 1120 457 1159 13,
475 1119 507 1151 5.
529 1118 598 1150 sine
621 1118 686 1150 ulla
709 1118 793 1149 scri-

28 1171 146 1206 pturae
170 1164 329 1195 varietate
359 1163 496 1206 legitur:
533 1162 695 1205 optimum
725 1165 795 1202 qui-

29 1211 101 1240 dem
121 1211 211 1240 illum
232 1208 348 1241 virum.
396 1210 486 1240 Orat.
512 1207 574 1246 23,
600 1207 654 1241 76.
699 1208 792 1239 Brut.

29 1253 92 1291 45,
121 1252 196 1287 167.
221 1259 256 1285 et
280 1253 333 1291 77,
359 1252 435 1286 267.
469 1264 507 1283 ex
527 1252 708 1294 scripturae
732 1264 793 1284 va-

28 1298 146 1329 rietate
177 1297 318 1340 perspici
353 1308 450 1339 posse
471 1296 655 1339 Madvigius
686 1303 793 1339 putat,

28 1342 156 1385 saepius
181 1342 213 1373 in
238 1353 303 1373 uno
327 1348 361 1373 et
382 1341 488 1373 altero
520 1341 594 1373 cod.
618 1348 674 1372 aut
697 1348 793 1372 vete-

28 1388 116 1420 ribus
137 1386 336 1419 editionibus
358 1385 522 1424 aberrari‚
546 1385 700 1428 idemque
720 1385 792 1417 Fin.

29 1434 69 1465 V.
97 1432 155 1470 15,
179 1430 233 1464 43.
269 1431 301 1462 in
337 1430 454 1463 codice
486 1430 669 1473 archetypo
701 1430 792 1462 acei-

29 1477 128 1515 disse,
153 1476 206 1508 ubi
231 1477 426 1508 vetustiores
448 1475 523 1507 libri
543 1476 666 1507 habent
688 1486 792 1516 (191ιο-

27 1526 83 1555 scit
105 1523 270 1563 quidem
293 1523 379 1553 ille.
412 1524 455 1553 At
476 1521 508 1552 in
532 1521 576 1552 eis
597 1520 688 1559 locis,
716 1520 792 1563 qui-

29 1567 88 1599 bus
116 1566 335 1609 restringendi
360 1566 408 1598 vis
432 1577 499 1598 non
525 1565 568 1598 ad
596 1566 790 1605 subiectum,

29 1612 87 1643 sed
117 1611 159 1643 ad
190 1611 374 1642 universam
404 1611 601 1642 sententiam
633 1611 790 1654 pertinet,

28 1658 154 1697 quidem
166 1663 257 1687 recte
271 1663 348 1687 ante
363 1667 545 1698 pronomen
568 1656 677 1688 locum
697 1667 791 1687 suum

29 1707 180 1744 occupat.
228 1703 317 1733 Orat.
341 1701 378 1739 3,
407 1700 464 1734 13:
497 1700 686 1744 eloquentia
708 1701 792 1733 haec

28 1746 168 1777 sorensis
189 1765 224 1769 —
249 1745 358 1777 multis
374 1747 497 1786 quidem
517 1748 573 1777 illa
595 1746 792 1778 adiumentis

28 1791 218 1834 magnisque
234 1790 346 1830 caruit,
368 1789 427 1822 sed
447 1797 557 1823 tamen
580 1799 695 1824 ornata
714 1803 792 1822 ver-

30 1835 78 1867 bis
106 1842 205 1879 atque
234 1835 407 1867 sententiis
438 1835 651 1868 iactationem
676 1836 793 1868 habuit

28 1880 60 1912 in
85 1880 220 1923 populo.
251 1882 292 1914 V.
315 1883 456 1921 Seyffert.
482 1881 502 1913 l.
526 1881 558 1912 d.
594 1883 644 1913 De
664 1880 792 1912 ironico

27 1925 119 1958 verbi
143 1928 277 1966 optimus
302 1937 360 1956 usu
384 1937 414 1957 v.
441 1925 483 1957 ad
509 1927 566 1958 111.
591 1927 653 1965 21,
679 1925 733 1958 50.

95 1985 128 2014 ut
147 1985 225 2014 recte
245 1984 314 2021 quis
335 1983 446 2013 sentiat
465 1985 491 2013 et
510 1983 544 2012 id
558 2000 599 2004 --
617 1984 710 2021 polite
731 1983 791 2012 elo-

27 2029 81 2067 qui
104 2037 166 2058 non
195 2025 306 2069 possit]
341 2025 409 2056 Ubi
433 2025 499 2057 duo
525 2027 688 2057 contraria
713 2037 789 2057 ora-

27 2071 128 2102 tionis
145 2071 291 2102 membra
310 2070 526 2103 consocianda
542 2078 629 2111 sunt,
651 2071 790 2103 alterum

27 2122 83 2147 aut
116 2127 176 2159 per
203 2115 445 2147 adversativam
479 2116 672 2158 particulam
697 2114 790 2147 alteri

29 2160 224 2204 opponitur,
250 2167 326 2199 aut,
353 2160 399 2192 uti
419 2160 452 2192 h.
474 2160 517 2201 l.‚
542 2172 602 2204 per
624 2161 789 2204 copulati-

25 2217 100 2238 vam
122 2205 314 2248 particulam
345 2216 418 2237 cum
439 2205 545 2238 altero
570 2206 790 2249 coniungitur,

28 2257 64 2282 ut
85 2257 119 2283 et
140 2250 184 2288 id,
211 2250 298 2294 quod
322 2257 382 2287 est,
410 2257 443 2282 et
464 2249 509 2289 id,
535 2251 624 2294 quod
647 2263 712 2283 non
731 2258 790 2287 est,

29 2295 71 2326 de
91 2295 206 2327 eadem
226 2307 260 2326 re
279 2295 460 2339 aequaliter
478 2296 695 2338 praedicetur.
743 2297 790 2328 11—

27 2339 86 2371 lud
107 2339 237 2371 dicendi
259 2351 360 2382 genus
380 2340 495 2372 tritum
517 2347 567 2372 est
588 2353 627 2373 ac
646 2341 791 2383 vulgare,

29 2384 94 2415 hoc
116 2384 220 2416 multo
244 2384 434 2427 exquisitius
467 2392 567 2428 atque
598 2386 790 2430 elegantius.

30 2428 117 2460 Nam
139 2439 203 2471 quo
231 2428 338 2459 minus
369 2435 445 2470 post
468 2434 495 2461 et
526 2432 689 2463 contraria
714 2443 789 2463 sen·

30 2472 136 2505 tentia
158 2479 386 2515 exspectatur,
413 2484 452 2504 eo
475 2473 598 2506 maiore
621 2475 652 2506 vi
676 2476 792 2518 legen-

29 2517 73 2549 tis
95 2519 238 2550 animum
261 2517 415 2549 advertit.
464 2518 553 2550 infra
578 2520 618 2552 It.
646 2520 705 2559 13,
728 2520 791 2553 31:

30 2573 69 2595 ea
90 2563 277 2605 patieturne
308 2569 342 2594 te
375 2562 547 2606 quicquam
579 2563 687 2596 facere
712 2565 793 2596 nihil

28 2607 256 2650 proficientem
279 2612 306 2640 et
326 2607 542 2640 laborantem.
592 2608 632 2639 de
657 2610 710 2640 Or.
736 2611 793 2641 ΠΙ.

29 2651 86 2693 23,
109 2653 172 2686 ³:⁴6:
198 2652 354 2696 magister
376 2653 431 2684 hic
453 2653 646 2684 Samnitium
669 2665 792 2685 summa

30 2695 93 2728 iam
116 2704 286 2730 senectute
316 2705 366 2729 est
396 2702 423 2730 et
452 2698 600 2741 quotidie
621 2709 793 2730 commen-

32 2746 131 2773 tatur.
167 2742 324 2786 Exempla
344 2742 440 2776 huius
462 2755 535 2775 usus
559 2743 692 2785 collegit
707 2746 794 2775 Han-

32 2786 104 2817 dius
125 2786 157 2818 in
177 2788 316 2820 Tursell.
341 2787 417 2819 Vol.
435 2790 475 2821 11.
498 2800 530 2831 p.
548 2786 614 2821 496
626 2800 673 2830 sq.
710 2790 794 2820 Men-

32 2829 102 2861 hius
121 2829 153 2863 in
168 2833 325 2865 Observv.
346 2831 434 2865 ined.
453 2833 567 2866 laudat
587 2836 731 2865 Goerenz.
753 2832 795 2864 ad

36 2873 138 2924 Legg.
158 2876 198 2908 11.
216 2878 280 2916 21,
305 2878 359 2912 53.
384 2889 417 2922 p.
437 2876 531 2918 184„
556 2880 730 2911 Ernestium
752 2877 795 2910 ad

33 2918 141 2951 Tacit.
170 2923 252 2953 Ann.
278 2924 318 2960 V,
343 2922 397 2965 3.‚
437 2925 594 2957 Bremium
627 2923 669 2955 ad
695 2923 792 2956 Corn.

32 2962 117 3006 Nep.
142 2965 234 2998 Paus.
259 2968 324 3005 111,
349 2967 380 3001 7.

898 895 1049 926 mandare
1072 893 1264 937 quenquam]
1298 894 1486 925 Pronomen
1510 904 1595 936 quo-

829 938 906 971 dam
929 938 1032 971 modo
1054 938 1201 971 abundat
1225 939 1267 971 ob
1290 949 1430 981 sequens
1453 940 1596 971 hominis.

829 984 1026 1027 Plerumque
1047 983 1155 1016 omitti
1176 983 1273 1016 solet.
1304 982 1400 1016 offic.
1416 985 1440 1015 1.
1458 983 1513 1022 28,
1531 982 1594 1017 99:

828 1041 903 1061 nam
926 1029 1108 1072 negligere,
1134 1029 1214 1072 quid
1238 1029 1280 1060 de
1301 1040 1336 1060 se
1359 1028 1496 1072 quisque
1517 1039 1596 1062 senr-

827 1074 908 1111 fiat,
956 1085 1023 1106 non
1059 1074 1166 1105 solum
1201 1074 1385 1116 arrogantis
1419 1079 1489 1112 est,
1537 1073 1597 1104 sed

829 1118 964 1150 omnino
988 1118 1151 1150 dissoluti.
1191 1119 1346 1149 Ceterum
1370 1117 1413 1149 cf.
1438 1117 1593 1150 Academ.

828 1165 855 1195 I.
883 1164 912 1202 1,
936 1164 974 1195 2:
1000 1165 1233 1203 intemperantis
1254 1162 1340 1194 enim
1362 1173 1433 1194 esse
1454 1162 1597 1194 arbitror

828 1208 971 1240 scribere
996 1207 1086 1250 quod
1111 1207 1269 1239 occultari
1293 1207 1384 1239 velit.

896 1274 967 1296 cum
987 1264 1066 1304 suis]
1093 1264 1134 1296 H.
1161 1274 1190 1294 e.
1213 1263 1261 1294 sui
1281 1263 1440 1294 similibus
1466 1262 1517 1293 vel
1539 1263 1595 1301 eis,

829 1308 883 1351 qui
905 1307 1043 1339 eandem
1066 1307 1233 1339 licentiam
1255 1307 1419 1339 scribendi
1437 1307 1499 1338 sibi
1516 1319 1596 1350 per-

827 1352 914 1384 mitti
937 1352 1066 1385 volunt.

895 1400 922 1429 si
941 1399 1063 1437 aliquid
1082 1399 1236 1429 oratoriae
1253 1398 1371 1438 laudes]
1398 1397 1438 1430 H.
1454 1408 1481 1428 e.
1500 1396 1527 1428 si
1540 1396 1595 1428 in—

827 1442 952 1474 dustria
973 1453 1063 1481 mea,
1097 1442 1129 1473 in
1153 1441 1337 1474 excolenda
1371 1441 1504 1473 dicendi
1525 1448 1596 1474 arte

828 1487 1013 1529 collocata,
1049 1487 1166 1526 effeci,
1202 1493 1238 1518 ut
1261 1486 1386 1530 aliquid
1412 1486 1515 1518 laudis
1538 1493 1595 1518 aut

826 1532 973 1575 gloriae,
1011 1543 1094 1575 quae
1122 1543 1162 1563 ex
1195 1532 1385 1575 eloquentia
1417 1531 1593 1571 redundat,

829 1577 982 1609 Romanis
1007 1584 1064 1609 aut
1088 1576 1212 1609 nomini
1237 1577 1387 1608 Romano
1412 1576 1596 1608 afferretur.

827 1622 974 1654 Similem
1005 1623 1114 1655 locum
1150 1628 1320 1665 comparat
1347 1624 1511 1653 Klotzius:
1559 1622 1595 1654 C.

826 1668 908 1700 Phil.
930 1669 972 1700 ΙΙ.
998 1668 1038 1706 8,
1063 1668 1127 1700 20:
1161 1674 1290 1699 tantum
1313 1666 1420 1699 dicam
1450 1666 1596 1698 breviter

825 1732 868 1737 —
889 1724 942 1744 me
963 1732 1008 1738 —
1031 1712 1210 1755 perfecisse
1230 1712 1383 1755 operibus
1403 1711 1594 1750 subsecivis,

826 1765 861 1790 ut
883 1769 976 1790 meae
998 1757 1130 1800 vigiliae
1151 1769 1310 1800 meaeque
1330 1757 1462 1788 litterae
1485 1763 1518 1788 et
1540 1756 1593 1788 iu-

826 1803 957 1835 ventuti
979 1803 1131 1834 utilitatis
1155 1809 1188 1833 et
1212 1802 1337 1834 nomini
1352 1802 1503 1833 Romano
1525 1804 1595 1833 lau·

827 1850 876 1880 dis
898 1850 1019 1888 aliquid
1041 1850 1199 1887 afferrent.
1245 1848 1295 1878 De
1318 1846 1420 1878 verbo
1444 1848 1596 1886 afferendi

828 1892 898 1923 sine
918 1892 1032 1923 dativo
1058 1892 1167 1933 posito
1188 1893 1335 1923 Handz'us
1355 1891 1397 1922 ad
1409 1890 1594 1933 Wopkens.

827 1948 860 1979 p.
877 1936 931 1969 69.
959 1936 1116 1968 excitavit
1142 1936 1177 1967 C.
1202 1936 1275 1966 Mil.
1299 1936 1363 1973 26,
1389 1935 1451 1969 77τ
1476 1935 1595 1967 multas

827 1989 935 2013 tamen
962 1992 1162 2012 summorum
1187 1980 1423 2023 imperatorum
1447 1980 1593 2012 clarissi—

826 2038 894 2057 mas
916 2026 1072 2058 victorias
1090 2032 1181 2057 aetas
1203 2032 1316 2057 nostra
1338 2024 1430 2064 vidit,
1457 2036 1594 2068 quarum

826 2071 915 2102 nulla
935 2083 1041 2114 neque
1062 2077 1131 2102 tam
1151 2070 1338 2102 diuturnam
1361 2069 1474 2101 attulit
1493 2069 1593 2102 laeti-

825 2116 924 2156 tiam,
959 2128 1022 2149 nec
1052 2122 1191 2148 tantam.
1238 2116 1287 2146 De
1316 2114 1425 2146 verbis
1456 2117 1595 2147 oratoria

825 2164 895 2193 laus
920 2161 963 2193 cf.
988 2161 1029 2193 de
1043 2163 1133 2193 Orat.
1157 2162 1180 2192 Ι.
1203 2160 1259 2201 28,
1280 2159 1362 2193 130:
1387 2166 1423 2191 ut
1445 2159 1488 2191 ad
1508 2160 1594 2191 hauc

824 2206 1071 2238 similitudinem
1104 2205 1198 2238 huius
1229 2204 1399 2237 histrionis
1423 2207 1593 2237 oratoriam

826 2253 951 2283 landem
974 2251 1161 2294 dirigamus.
1196 2251 1286 2282 Brut.
1307 2248 1411 2282 c.30:
1438 2249 1593 2292 quoniam

827 2308 887 2340 per
907 2296 982 2329 illos
1004 2308 1045 2328 ne
1068 2297 1150 2328 haec
1171 2295 1302 2337 quidem
1324 2294 1357 2324 iu
1377 2293 1511 2325 civitate
1532 2304 1594 2335 ge-

828 2352 905 2373 nera
927 2344 1063 2374 oratoria
1084 2342 1177 2373 laude
1200 2344 1386 2370 caruerunt.
1431 2338 1485 2369 Sic
1508 2341 1593 2369 Aca-

827 2386 914 2419 dem.
938 2388 980 2418 11.
1006 2388 1041 2421 1,
1067 2387 1107 2417 2:
1134 2387 1204 2415 laus
1224 2385 1438 2422 imperatoria.
1489 2383 1537 2414 De
1557 2394 1594 2414 re

826 2431 896 2473 ipsa
922 2443 952 2462 ν.
979 2442 1039 2462 nos
1070 2430 1103 2460 in
1138 2429 1223 2460 libro
1253 2427 1347 2458 dicto
1376 2429 1414 2460 de
1439 2429 1535 2461 Ct‘cer.
1560 2430 1593 2460 in

824 2478 902 2516 phil.
928 2485 1002 2506 mer.
1028 2486 1060 2516 p.
1080 2473 1134 2505 82.

894 2522 950 2551 illa
973 2517 1161 2561 intonabant]
1196 2517 1273 2549 Scil.
1298 2528 1380 2560 quae
1403 2516 1436 2548 in
1462 2516 1593 2549 dicendi

828 2571 898 2596 arte
931 2563 1119 2601 attulimus,
1158 2561 1205 2593 uti
1237 2562 1321 2594 bene
1354 2562 1498 2605 explicat
1526 2564 1594 2595 Mo·

827 2619 886 2641 ser.
934 2610 1057 2641 Pearcii
1086 2606 1273 2639 coniectura
1297 2610 1468 2647 manabat,
1504 2606 1593 2650 quod

828 2653 926 2684 etiam
950 2652 1046 2684 codd.
1064 2652 1168 2684 Marb.
1191 2658 1225 2684 et
1245 2654 1305 2684 Ox.
1323 2654 1351 2684 1.
1376 2652 1511 2692 habent,
1537 2652 1592 2684 fa—

831 2698 892 2729 cile
911 2697 1124 2740 supersedere
1146 2708 1329 2740 possumus.
1368 2699 1426 2730 Illa
1447 2708 1515 2730 non
1535 2709 1591 2729 re—

830 2742 1000 2774 ferendum
1021 2750 1071 2774 est
1095 2742 1137 2774 ad
1159 2743 1339 2775 oratoriam
1361 2742 1512 2781 laudem,
1545 2741 1591 2773 uti

829 2787 952 2831 placuit
977 2791 1142 2821 Goerenzio
1175 2787 1218 2819 ad
1251 2788 1352 2830 Legg.
1378 2788 1435 2820 ΙΙΙ.
1460 2786 1502 2826 8,
1530 2786 1591 2820 19..

830 2843 935 2877 neque
948 2844 1027 2864 vero
1043 2833 1085 2865 ad
1102 2833 1287 2865 universam
1299 2831 1508 2870 sententiam,
1533 2829 1593 2861 sed

829 2877 872 2910 ad
901 2880 1042 2918 aliquid,
1076 2877 1110 2910 in
1143 2889 1208 2921 quo
1237 2878 1324 2909 inest
1348 2876 1442 2908 notio
1466 2874 1593 2906 numeri

831 2922 964 2966 pluralis
988 2925 1120 2966 (aliqua,
1141 2923 1316 2962 nonnulla).
1350 2921 1475 2952 Eodem
1490 2918 1592 2952 modo

829 2970 884 3001 itta
903 2968 1069 3012 accepisse
1090 2968 1221 3000 videtur
1238 2970 1356 2999 Bahms
1374 2965 1414 2998 ad
1438 2966 1474 2998 C.
1489 2965 1591 3007 Legg.

1202 3014 1262 3052 4*
