1832 3137
541 81 587 112 ΙΝ
614 81 827 114 ALTERAM
853 83 1116 115 EDITIONEM.
1502 76 1609 113 XVII

44 187 127 218 nus
150 172 359 230 eruditis,
407 187 536 232 quam
567 172 795 232 humanis,
846 175 920 234 qui
945 175 1151 222 editionis
1177 177 1342 238 prioris
1378 191 1606 223 censuram

43 262 636 324 egerunt*)‚insselfigenter
671 263 742 309 vel
779 264 1002 311 adnuunta
1037 271 1186 312 essent
1216 267 1287 313 vel
1326 267 1572 313 observata.

178 351 298 398 Haec
319 357 438 411 sunt,
461 368 568 412 quae
591 353 643 398 de
664 351 743 398 hac
763 367 879 399 nova
901 355 1091 401 editione
1116 371 1211 402 cum
1233 357 1447 403 benevolo
1467 357 1604 402 lecto-

43 458 89 487 re
130 442 486 488 communicanda
515 442 680 503 putavi.
751 441 995 501 Reliquum
1021 450 1111 501 est,
1160 450 1210 491 ut
1245 446 1427 504 librum,
1471 451 1605 507 portu

39 532 210 577 iamiam
238 537 491 590 exeuntem,
527 532 654 578 bonis
680 531 798 578 votis
826 547 1097 592 prosequar,
1133 539 1183 580 ut
1206 536 1335 581 etiam
1359 536 1406 581 in
1431 535 1513 582 hoc
1539 537 1604 582 al-

42 626 135 666 tero
159 637 289 667 cursu
320 637 411 667 non
439 622 608 676 minus,
656 637 784 681 quam
811 621 859 666 in
883 621 1057 682 priore,
1102 624 1308 670 secundis
1332 625 1602 686 placidisque

38 711 183 756 ventis
206 710 458 771 excipiatur.
512 711 681 771 Scripsi
702 710 997 758 Hannoverae
1021 712 1089 757 die
1110 712 1261 759 XXII.
1283 714 1448 761 mensis
1469 715 1599 762 Mart.

35 798 428 846 MDCCCXXXV.

127 979 156 1020 *)
185 979 349 1011 Censurae
373 979 529 1012 editionis
551 980 681 1023 prioris,
708 992 789 1024 quae
813 980 945 1023 quidem
965 981 997 1012 in
1016 980 1170 1012 notitiam
1191 993 1296 1013 meam
1320 988 1499 1021 venerunt,
1524 989 1599 1014 sunt

36 1046 113 1077 hae:
143 1046 177 1088 1)
206 1050 242 1078 G.
257 1049 296 1079 H.
309 1049 421 1079 Moseri
432 1047 463 1079 iu
477 1047 752 1090 Ephemeridibus
766 1047 1101 1090 Heidelbergensibus
1112 1049 1171 1079 Nr.
1185 1046 1231 1080 38
1243 1054 1276 1079 et
1286 1045 1341 1080 39.
1354 1048 1431 1079 anni
1444 1046 1542 1081 1830.
1556 1068 1598 1073 —-

35 1111 68 1153 2)
95 1115 146 1143 Fr.
163 1115 274 1144 Kritzii
293 1113 325 1144 in
339 1114 476 1156 Ephem.
494 1114 649 1146 scholast.
663 1114 818 1156 (Allgem.
838 1113 1086 1156 Schulzeitung)
1102 1115 1161 1146 Nr.
1179 1114 1243 1145 110
1256 1133 1297 1138 —-
1314 1113 1388 1146 112.
1411 1115 1488 1146 anni
1509 1116 1596 1146 eius—

35 1179 119 1211 dem.
149 1198 184 1203 —
208 1178 244 1222 3)
274 1183 310 1211 G.
332 1182 370 1211 H.
381 1181 474 1212 Rodii
494 1180 526 1210 in
551 1179 686 1222 Ephem.
709 1179 860 1221 Gotting.
878 1180 937 1210 Nr.
965 1178 1039 1212 145.
1061 1179 1138 1211 anni
1153 1178 1251 1212 1831.
1275 1199 1319 1206 ———
1340 1180 1375 1223 4)
1402 1181 1472 1214 Viri
1495 1182 1596 1220 docti,

33 1247 87 1288 qui
110 1257 265 1277 censurae
286 1257 363 1277 suae
376 1245 521 1276 litteram
536 1249 573 1277 G.
594 1245 798 1288 subscripsit,
823 1245 857 1276 in
871 1246 1009 1287 Ephem.
1032 1246 1188 1278 Seebodii
1210 1253 1243 1278 et
1255 1247 1360 1279 Iahnii
1379 1260 1411 1291 p.
1431 1248 1595 1282 32—40.

32 1311 108 1343 anni
120 1311 277 1344 eiusdem.
292 1330 334 1336 —-
355 1312 388 1355 ὃ)
417 1312 559 1344 Censura
578 1312 647 1343 sine
670 1312 802 1344 nomine
822 1318 856 1343 et
868 1312 962 1354 signo
975 1312 1008 1344 in
1026 1313 1108 1355 Eph.
1128 1313 1291 1356 Lipsiens.
1310 1314 1370 1346 Nr.
1386 1312 1451 1347 199
1463 1315 1593 1349 -200,

32 1379 108 1410 :mni
131 1379 234 1411 eiusd.
250 1398 293 1403 —
315 1377 350 1422 6)
379 1379 522 1411 Censura
535 1405 542 1419 ‚
569 1379 690 1411 litteris
708 1380 794 1412 D.A.
818 1378 986 1421 insignita,
1011 1379 1045 1411 in
1064 1380 1150 1423 Eph.
1173 1382 1300 1413 Ienens.
1315 1382 1376 1415 Nr.
1394 1382 1595 1418 119-120.

30 1446 106 1477 anni
130 1444 225 1479 1832.
250 1466 292 1471 ——-
316 1444 350 1489 7)
379 1449 412 1478 F.
439 1448 618 1479 Schneidcri
639 1457 775 1478 censura
799 1446 833 1478 in
853 1446 1055 1489 ephemerid.
1081 1447 1192 1491 Antiq.
1214 1448 1344 1493 discipl.
1394 1452 1597 1493 (Zeitschrift

33 1515 56 1545 s.
85 1513 529 1553 A1terthumswissenschaft.)
557 1514 616 1545 Nr.
641 1512 845 1546 151—152.
872 1514 948 1546 anni
978 1511 1071 1546 1834.

1214 2937 1259 2956 *τοι
