<?xml version="1.0" encoding="UTF-8"?>
<!DOCTYPE html PUBLIC "-//W3C//DTD XHTML 1.0 Transitional//EN"
    "http://www.w3.org/TR/xhtml1/DTD/xhtml1-transitional.dtd">
<html xmlns="http://www.w3.org/1999/xhtml" xml:lang="en" lang="en">
 <head>
  <title>
</title>
<meta http-equiv="Content-Type" content="text/html;charset=utf-8" />
  <meta name='ocr-system' content='tesseract 3.04.00' />
  <meta name='ocr-capabilities' content='ocr_page ocr_carea ocr_par ocr_line ocrx_word'/>
</head>
<body>
  <div class='ocr_page' id='page_1' title='image "./tusculanaedisput00ciceuoft_0210.png"; bbox 0 0 1863 3221; ppageno 0'>
   <div class='ocr_carea' id='block_1_1' title="bbox 495 102 522 121">
    <p class='ocr_par' dir='ltr' id='par_1_1' title="bbox 495 102 522 121">
     <span class='ocr_line' id='line_1_1' title="bbox 495 102 522 121; baseline 0 0"><span class='ocrx_word' id='word_1_1' title='bbox 495 102 522 121; x_wconf 65' lang='grc' dir='ltr'><strong><em>Ι</em></strong></span> 
     </span>
    </p>
   </div>
   <div class='ocr_carea' id='block_1_2' title="bbox 197 123 278 165">
    <p class='ocr_par' dir='ltr' id='par_1_2' title="bbox 197 123 278 165">
     <span class='ocr_line' id='line_1_2' title="bbox 197 123 278 165; baseline -0.025 0"><span class='ocrx_word' id='word_1_2' title='bbox 197 123 278 165; x_wconf 84' lang='grc'>164</span> 
     </span>
    </p>
   </div>
   <div class='ocr_carea' id='block_1_3' title="bbox 196 203 814 273">
    <p class='ocr_par' dir='ltr' id='par_1_3' title="bbox 196 203 814 273">
     <span class='ocr_line' id='line_1_3' title="bbox 196 203 814 273; baseline -0.015 -23"><span class='ocrx_word' id='word_1_3' title='bbox 196 208 400 273; x_wconf 61' lang='lat' dir='ltr'>aliquando</span> <span class='ocrx_word' id='word_1_4' title='bbox 430 207 585 260; x_wconf 85' lang='lat' dir='ltr'>sapiens</span> <span class='ocrx_word' id='word_1_5' title='bbox 619 203 814 244; x_wconf 83' lang='lat' dir='ltr'>Achilles:</span> 
     </span>
    </p>
   </div>
   <div class='ocr_carea' id='block_1_4' title="bbox 778 120 1179 161">
    <p class='ocr_par' dir='ltr' id='par_1_4' title="bbox 778 120 1179 161">
     <span class='ocr_line' id='line_1_4' title="bbox 778 120 1179 161; baseline -0.007 -5"><span class='ocrx_word' id='word_1_6' title='bbox 778 123 941 156; x_wconf 84' lang='lat' dir='ltr'><strong>LIBER</strong></span> <span class='ocrx_word' id='word_1_7' title='bbox 968 120 1078 161; x_wconf 71' lang='lat'>1.44‚</span> <span class='ocrx_word' id='word_1_8' title='bbox 1109 120 1179 154; x_wconf 82' lang='lat'>106.</span> 
     </span>
    </p>
   </div>
   <div class='ocr_carea' id='block_1_5' title="bbox 306 275 1622 327">
    <p class='ocr_par' dir='ltr' id='par_1_5' title="bbox 306 275 1622 327">
     <span class='ocr_line' id='line_1_5' title="bbox 306 275 1622 327; baseline -0.006 -8"><span class='ocrx_word' id='word_1_9' title='bbox 306 285 419 320; x_wconf 85' lang='lat' dir='ltr'>Immo</span> <span class='ocrx_word' id='word_1_10' title='bbox 449 281 632 318; x_wconf 78' lang='lat' dir='ltr'>enimvero</span> <span class='ocrx_word' id='word_1_11' title='bbox 649 279 667 303; x_wconf 76' lang='lat'>³</span> <span class='ocrx_word' id='word_1_12' title='bbox 701 279 837 327; x_wconf 73' lang='lat' dir='ltr'>corpus</span> <span class='ocrx_word' id='word_1_13' title='bbox 867 277 1014 313; x_wconf 77' lang='lat' dir='ltr'>Priamo</span> <span class='ocrx_word' id='word_1_14' title='bbox 1044 275 1213 320; x_wconf 77' lang='lat' dir='ltr'>reddidi,</span> <span class='ocrx_word' id='word_1_15' title='bbox 1247 275 1441 312; x_wconf 75' lang='lat' dir='ltr'><em>Hectorem</em></span> <span class='ocrx_word' id='word_1_16' title='bbox 1471 275 1622 312; x_wconf 77' lang='lat' dir='ltr'>cibstnlz&#39;.</span> 
     </span>
    </p>
   </div>
   <div class='ocr_carea' id='block_1_6' title="bbox 198 345 1748 407">
    <p class='ocr_par' dir='ltr' id='par_1_6' title="bbox 198 345 1748 407">
     <span class='ocr_line' id='line_1_6' title="bbox 198 345 1748 407; baseline -0.006 -12"><span class='ocrx_word' id='word_1_17' title='bbox 198 354 291 396; x_wconf 81' lang='lat' dir='ltr'>Nou</span> <span class='ocrx_word' id='word_1_18' title='bbox 321 352 438 407; x_wconf 86' lang='lat' dir='ltr'>igitur</span> <span class='ocrx_word' id='word_1_19' title='bbox 470 349 677 390; x_wconf 79' lang='lat' dir='ltr'>Hectora³</span> <span class='ocrx_word' id='word_1_20' title='bbox 715 348 896 397; x_wconf 79' lang='lat' dir='ltr'>traxisti,</span> <span class='ocrx_word' id='word_1_21' title='bbox 939 347 1005 387; x_wconf 89' lang='lat' dir='ltr'>sed</span> <span class='ocrx_word' id='word_1_22' title='bbox 1040 360 1204 400; x_wconf 84' lang='lat' dir='ltr'>corpus,</span> <span class='ocrx_word' id='word_1_23' title='bbox 1250 346 1349 399; x_wconf 89' lang='lat' dir='ltr'>quod</span> <span class='ocrx_word' id='word_1_24' title='bbox 1389 347 1517 386; x_wconf 83' lang='lat' dir='ltr'>fuerat</span> <span class='ocrx_word' id='word_1_25' title='bbox 1548 345 1748 386; x_wconf 84' lang='lat' dir='ltr'>Hectoris.</span> 
     </span>
    </p>
   </div>
   <div class='ocr_carea' id='block_1_7' title="bbox 205 421 964 469">
    <p class='ocr_par' dir='ltr' id='par_1_7' title="bbox 205 421 964 469">
     <span class='ocr_line' id='line_1_7' title="bbox 205 421 964 469; baseline -0.012 -1"><span class='ocrx_word' id='word_1_26' title='bbox 205 434 297 468; x_wconf 80' lang='grc'>106.</span> <span class='ocrx_word' id='word_1_27' title='bbox 332 424 435 466; x_wconf 79' lang='lat' dir='ltr'>Ecce</span> <span class='ocrx_word' id='word_1_28' title='bbox 463 423 561 463; x_wconf 85' lang='lat' dir='ltr'>alius</span> <span class='ocrx_word' id='word_1_29' title='bbox 583 421 761 462; x_wconf 82' lang='lat' dir='ltr'>exoritur</span> <span class='ocrx_word' id='word_1_30' title='bbox 789 435 810 460; x_wconf 87' lang='lat' dir='ltr'>e</span> <span class='ocrx_word' id='word_1_31' title='bbox 836 428 964 469; x_wconf 83' lang='lat' dir='ltr'>terra,</span> 
     </span>
    </p>
   </div>
   <div class='ocr_carea' id='block_1_8' title="bbox 998 418 1693 473">
    <p class='ocr_par' dir='ltr' id='par_1_8' title="bbox 998 418 1693 473">
     <span class='ocr_line' id='line_1_8' title="bbox 998 418 1693 473; baseline -0.003 -14"><span class='ocrx_word' id='word_1_32' title='bbox 998 419 1059 473; x_wconf 92' lang='lat' dir='ltr'>qui</span> <span class='ocrx_word' id='word_1_33' title='bbox 1084 426 1247 459; x_wconf 78' lang='lat' dir='ltr'>matrem</span> <span class='ocrx_word' id='word_1_34' title='bbox 1275 419 1442 458; x_wconf 83' lang='lat' dir='ltr'>dormire</span> <span class='ocrx_word' id='word_1_35' title='bbox 1464 433 1538 458; x_wconf 88' lang='lat' dir='ltr'>non</span> <span class='ocrx_word' id='word_1_36' title='bbox 1566 418 1693 457; x_wconf 84' lang='lat' dir='ltr'>sinat:</span> 
     </span>
    </p>
   </div>
   <div class='ocr_carea' id='block_1_9' title="bbox 310 488 1639 547">
    <p class='ocr_par' dir='ltr' id='par_1_9' title="bbox 310 488 1639 547">
     <span class='ocr_line' id='line_1_9' title="bbox 310 488 1639 547; baseline -0.008 -9"><span class='ocrx_word' id='word_1_37' title='bbox 310 502 463 544; x_wconf 64' lang='lat' dir='ltr'>Mcitet‘,</span> <span class='ocrx_word' id='word_1_38' title='bbox 500 504 534 535; x_wconf 84' lang='lat' dir='ltr'>te</span> <span class='ocrx_word' id='word_1_39' title='bbox 563 497 728 547; x_wconf 79' lang='lat' dir='ltr'>appello,</span> <span class='ocrx_word' id='word_1_40' title='bbox 763 496 890 546; x_wconf 76' lang='lat' dir='ltr'>qecae4</span> <span class='ocrx_word' id='word_1_41' title='bbox 923 507 1051 531; x_wconf 75' lang='lat' dir='ltr'>cetram</span> <span class='ocrx_word' id='word_1_42' title='bbox 1081 489 1207 531; x_wconf 72' lang='lat' dir='ltr'>somno</span> <span class='ocrx_word' id='word_1_43' title='bbox 1236 488 1451 543; x_wconf 74' lang='lat' dir='ltr'>suspensdm</span> <span class='ocrx_word' id='word_1_44' title='bbox 1469 494 1487 517; x_wconf 78' lang='grc'><strong><em>5</em></strong></span> <span class='ocrx_word' id='word_1_45' title='bbox 1523 493 1639 538; x_wconf 73' lang='lat' dir='ltr'>levas,</span> 
     </span>
    </p>
   </div>
   <div class='ocr_carea' id='block_1_10' title="bbox 313 568 1474 622">
    <p class='ocr_par' dir='ltr' id='par_1_10' title="bbox 313 568 1474 622">
     <span class='ocr_line' id='line_1_10' title="bbox 313 568 1474 622; baseline -0.007 -12"><span class='ocrx_word' id='word_1_46' title='bbox 313 573 442 622; x_wconf 74' lang='lat' dir='ltr'>Neque</span> <span class='ocrx_word' id='word_1_47' title='bbox 473 578 507 609; x_wconf 86' lang='lat' dir='ltr'>te</span> <span class='ocrx_word' id='word_1_48' title='bbox 536 571 641 608; x_wconf 74' lang='lat' dir='ltr'>mez‘fi</span> <span class='ocrx_word' id='word_1_49' title='bbox 671 570 847 615; x_wconf 61' lang='lat' dir='ltr'>miseret,-</span> <span class='ocrx_word' id='word_1_50' title='bbox 879 581 996 617; x_wconf 67' lang='lat' dir='ltr'>swge</span> <span class='ocrx_word' id='word_1_51' title='bbox 1022 573 1060 605; x_wconf 82' lang='lat' dir='ltr'>et</span> <span class='ocrx_word' id='word_1_52' title='bbox 1085 568 1201 617; x_wconf 79' lang='lat' dir='ltr'><em>sepeli</em></span> <span class='ocrx_word' id='word_1_53' title='bbox 1231 573 1359 603; x_wconf 77' lang='lat' dir='ltr'>natum</span> <span class='ocrx_word' id='word_1_54' title='bbox 1376 568 1391 602; x_wconf 77' lang='grc' dir='ltr'><em>Ι</em></span> <span class='ocrx_word' id='word_1_55' title='bbox 1417 587 1474 593; x_wconf 93' lang='lat'>—</span> 
     </span>
    </p>
   </div>
   <div class='ocr_carea' id='block_1_11' title="bbox 203 635 1758 768">
    <p class='ocr_par' dir='ltr' id='par_1_11' title="bbox 203 635 1758 768">
     <span class='ocr_line' id='line_1_11' title="bbox 203 635 1758 698; baseline -0.007 -12"><span class='ocrx_word' id='word_1_56' title='bbox 203 645 334 698; x_wconf 86' lang='lat' dir='ltr'>(Haec</span> <span class='ocrx_word' id='word_1_57' title='bbox 360 658 473 698; x_wconf 87' lang='lat' dir='ltr'>quum</span> <span class='ocrx_word' id='word_1_58' title='bbox 500 642 646 697; x_wconf 75' lang='lat' dir='ltr'>pressis</span> <span class='ocrx_word' id='word_1_59' title='bbox 669 647 706 680; x_wconf 84' lang='lat' dir='ltr'>et</span> <span class='ocrx_word' id='word_1_60' title='bbox 726 639 916 680; x_wconf 88' lang='lat' dir='ltr'>flebilibus</span> <span class='ocrx_word' id='word_1_61' title='bbox 948 639 1096 688; x_wconf 85' lang='lat' dir='ltr'>modis,</span> <span class='ocrx_word' id='word_1_62' title='bbox 1129 638 1192 691; x_wconf 91' lang='lat' dir='ltr'>qui</span> <span class='ocrx_word' id='word_1_63' title='bbox 1218 637 1309 678; x_wconf 83' lang='lat' dir='ltr'>totis</span> <span class='ocrx_word' id='word_1_64' title='bbox 1338 636 1501 677; x_wconf 74' lang='lat' dir='ltr'>theatris</span> <span class='ocrx_word' id='word_1_65' title='bbox 1527 635 1758 676; x_wconf 70' lang='lat' dir='ltr'>maestitiam</span> 
     </span>
     <span class='ocr_line' id='line_1_12' title="bbox 204 709 1757 768; baseline -0.006 -10"><span class='ocrx_word' id='word_1_66' title='bbox 204 719 393 768; x_wconf 80' lang='lat' dir='ltr'>inferant,</span> <span class='ocrx_word' id='word_1_67' title='bbox 438 715 719 764; x_wconf 84' lang='lat' dir='ltr'>concinuntur,</span> <span class='ocrx_word' id='word_1_68' title='bbox 762 712 912 753; x_wconf 83' lang='lat' dir='ltr'>difficile</span> <span class='ocrx_word' id='word_1_69' title='bbox 945 719 1028 762; x_wconf 84' lang='lat' dir='ltr'>est,</span> <span class='ocrx_word' id='word_1_70' title='bbox 1071 725 1148 751; x_wconf 87' lang='lat' dir='ltr'>non</span> <span class='ocrx_word' id='word_1_71' title='bbox 1179 725 1271 760; x_wconf 86' lang='lat' dir='ltr'>eos,</span> <span class='ocrx_word' id='word_1_72' title='bbox 1314 710 1376 765; x_wconf 87' lang='lat' dir='ltr'>qui</span> <span class='ocrx_word' id='word_1_73' title='bbox 1399 709 1585 750; x_wconf 82' lang='lat' dir='ltr'>inhumati</span> <span class='ocrx_word' id='word_1_74' title='bbox 1610 710 1757 757; x_wconf 63' lang='lat' dir='ltr'>sunw,</span> 
     </span>
    </p>
   </div>
   <div class='ocr_carea' id='block_1_12' title="bbox 206 789 613 840">
    <p class='ocr_par' dir='ltr' id='par_1_12' title="bbox 206 789 613 840">
     <span class='ocr_line' id='line_1_13' title="bbox 206 789 613 840; baseline -0.01 -9"><span class='ocrx_word' id='word_1_75' title='bbox 206 790 370 831; x_wconf 84' lang='lat' dir='ltr'>miseros</span> <span class='ocrx_word' id='word_1_76' title='bbox 401 789 613 840; x_wconf 74' lang='lat' dir='ltr'>iudicare.)</span> 
     </span>
    </p>
   </div>
   <div class='ocr_carea' id='block_1_13' title="bbox 1057 862 1167 910">
    <p class='ocr_par' dir='ltr' id='par_1_13' title="bbox 1057 862 1167 910">
     <span class='ocr_line' id='line_1_14' title="bbox 1057 862 1167 910; baseline 0.018 -15"><span class='ocrx_word' id='word_1_77' title='bbox 1057 862 1167 910; x_wconf 72' lang='lat' dir='ltr'>prills</span> 
     </span>
    </p>
   </div>
   <div class='ocr_carea' id='block_1_14' title="bbox 615 930 1201 985">
    <p class='ocr_par' dir='ltr' id='par_1_14' title="bbox 615 930 1201 985">
     <span class='ocr_line' id='line_1_15' title="bbox 615 930 1201 985; baseline -0.003 -14"><span class='ocrx_word' id='word_1_78' title='bbox 615 930 728 982; x_wconf 69' lang='lat' dir='ltr'>Qudne</span> <span class='ocrx_word' id='word_1_79' title='bbox 747 934 885 985; x_wconf 76' lang='lat' dir='ltr'>serae,</span> <span class='ocrx_word' id='word_1_80' title='bbox 922 934 1160 983; x_wconf 51' lang='lat' dir='ltr'>volucresque</span> <span class='ocrx_word' id='word_1_81' title='bbox 1194 962 1201 969; x_wconf 91' lang='lat'>.</span> 
     </span>
    </p>
   </div>
   <div class='ocr_carea' id='block_1_15' title="bbox 297 1045 1764 1089">
    <p class='ocr_par' dir='ltr' id='par_1_15' title="bbox 297 1045 1764 1089">
     <span class='ocr_line' id='line_1_16' title="bbox 297 1045 1764 1089; baseline -0.003 -6"><span class='ocrx_word' id='word_1_82' title='bbox 297 1052 319 1085; x_wconf 83' lang='lat'><strong>3</strong></span> <span class='ocrx_word' id='word_1_83' title='bbox 345 1064 375 1083; x_wconf 86' lang='lat' dir='ltr'>v.</span> <span class='ocrx_word' id='word_1_84' title='bbox 403 1051 485 1082; x_wconf 77' lang='lat' dir='ltr'>Adn.</span> <span class='ocrx_word' id='word_1_85' title='bbox 530 1048 553 1082; x_wconf 82' lang='lat'><strong>4</strong></span> <span class='ocrx_word' id='word_1_86' title='bbox 577 1050 632 1081; x_wconf 88' lang='lat' dir='ltr'>Sic</span> <span class='ocrx_word' id='word_1_87' title='bbox 656 1052 711 1081; x_wconf 90' lang='lat' dir='ltr'>Or.</span> <span class='ocrx_word' id='word_1_88' title='bbox 735 1061 761 1081; x_wconf 92' lang='lat' dir='ltr'>c.</span> <span class='ocrx_word' id='word_1_89' title='bbox 784 1048 898 1080; x_wconf 85' lang='lat' dir='ltr'>Duisb.</span> <span class='ocrx_word' id='word_1_90' title='bbox 922 1048 1008 1080; x_wconf 88' lang='lat' dir='ltr'>Gud.</span> <span class='ocrx_word' id='word_1_91' title='bbox 1029 1047 1060 1080; x_wconf 80' lang='lat'>2.</span> <span class='ocrx_word' id='word_1_92' title='bbox 1087 1048 1186 1080; x_wconf 83' lang='lat' dir='ltr'>Vind.</span> <span class='ocrx_word' id='word_1_93' title='bbox 1211 1047 1240 1079; x_wconf 90' lang='lat'>1.</span> <span class='ocrx_word' id='word_1_94' title='bbox 1275 1059 1339 1079; x_wconf 89' lang='lat' dir='ltr'>uno</span> <span class='ocrx_word' id='word_1_95' title='bbox 1375 1049 1433 1078; x_wconf 86' lang='lat' dir='ltr'>Ox.</span> <span class='ocrx_word' id='word_1_96' title='bbox 1460 1054 1492 1078; x_wconf 85' lang='lat' dir='ltr'>et</span> <span class='ocrx_word' id='word_1_97' title='bbox 1517 1046 1665 1089; x_wconf 75' lang='lat' dir='ltr'>plurimis</span> <span class='ocrx_word' id='word_1_98' title='bbox 1689 1045 1764 1078; x_wconf 83' lang='lat' dir='ltr'>edd.</span> 
     </span>
    </p>
   </div>
   <div class='ocr_carea' id='block_1_16' title="bbox 211 1104 310 1134">
    <p class='ocr_par' dir='ltr' id='par_1_16' title="bbox 211 1104 310 1134">
     <span class='ocr_line' id='line_1_17' title="bbox 211 1104 310 1134; baseline -0.01 -6"><span class='ocrx_word' id='word_1_99' title='bbox 211 1104 290 1129; x_wconf 81' lang='lat' dir='ltr'>vett.</span> <span class='ocrx_word' id='word_1_100' title='bbox 303 1110 310 1134; x_wconf 82' lang='lat'>3</span> 
     </span>
    </p>
   </div>
   <div class='ocr_carea' id='block_1_17' title="bbox 211 1092 1768 1185">
    <p class='ocr_par' dir='ltr' id='par_1_17' title="bbox 211 1092 1768 1185">
     <span class='ocr_line' id='line_1_18' title="bbox 336 1092 1768 1138; baseline -0.003 -11"><span class='ocrx_word' id='word_1_101' title='bbox 336 1095 467 1138; x_wconf 87' lang='lat' dir='ltr'>plurimi</span> <span class='ocrx_word' id='word_1_102' title='bbox 492 1094 610 1133; x_wconf 93' lang='lat' dir='ltr'>codd.‚</span> <span class='ocrx_word' id='word_1_103' title='bbox 636 1094 734 1125; x_wconf 86' lang='lat' dir='ltr'>etiam</span> <span class='ocrx_word' id='word_1_104' title='bbox 761 1093 897 1135; x_wconf 88' lang='lat' dir='ltr'>optimi,</span> <span class='ocrx_word' id='word_1_105' title='bbox 934 1100 970 1124; x_wconf 85' lang='lat' dir='ltr'>ut</span> <span class='ocrx_word' id='word_1_106' title='bbox 994 1094 1030 1124; x_wconf 83' lang='lat' dir='ltr'>R.</span> <span class='ocrx_word' id='word_1_107' title='bbox 1056 1093 1141 1124; x_wconf 89' lang='lat' dir='ltr'>Gud.</span> <span class='ocrx_word' id='word_1_108' title='bbox 1165 1093 1193 1123; x_wconf 91' lang='lat'>1.</span> <span class='ocrx_word' id='word_1_109' title='bbox 1208 1117 1215 1131; x_wconf 94' lang='lat'>,</span> <span class='ocrx_word' id='word_1_110' title='bbox 1249 1092 1373 1123; x_wconf 83' lang='lat' dir='ltr'>habent</span> <span class='ocrx_word' id='word_1_111' title='bbox 1395 1096 1422 1124; x_wconf 74' lang='lat' dir='ltr'>te</span> <span class='ocrx_word' id='word_1_112' title='bbox 1446 1094 1568 1131; x_wconf 83' lang='lat' dir='ltr'>appello</span> <span class='ocrx_word' id='word_1_113' title='bbox 1592 1095 1643 1131; x_wconf 74' lang='lat' dir='ltr'>tu,</span> <span class='ocrx_word' id='word_1_114' title='bbox 1667 1101 1768 1131; x_wconf 85' lang='lat' dir='ltr'>quae;</span> 
     </span>
     <span class='ocr_line' id='line_1_19' title="bbox 211 1137 1368 1185; baseline -0.005 -12"><span class='ocrx_word' id='word_1_115' title='bbox 211 1149 315 1185; x_wconf 87' lang='lat' dir='ltr'>quatt.</span> <span class='ocrx_word' id='word_1_116' title='bbox 341 1143 421 1171; x_wconf 69' lang='lat' dir='ltr'>On.</span> <span class='ocrx_word' id='word_1_117' title='bbox 448 1139 533 1170; x_wconf 89' lang='lat' dir='ltr'>Gud.</span> <span class='ocrx_word' id='word_1_118' title='bbox 558 1140 597 1170; x_wconf 89' lang='grc' dir='ltr'>ΙΙ.</span> <span class='ocrx_word' id='word_1_119' title='bbox 617 1137 648 1171; x_wconf 78' lang='lat'>2.</span> <span class='ocrx_word' id='word_1_120' title='bbox 673 1138 777 1169; x_wconf 86' lang='lat' dir='ltr'>Rehd.</span> <span class='ocrx_word' id='word_1_121' title='bbox 806 1137 858 1168; x_wconf 87' lang='lat' dir='ltr'>ed.</span> <span class='ocrx_word' id='word_1_122' title='bbox 882 1138 924 1168; x_wconf 92' lang='lat' dir='ltr'>H.</span> <span class='ocrx_word' id='word_1_123' title='bbox 947 1142 974 1169; x_wconf 71' lang='lat' dir='ltr'>ie</span> <span class='ocrx_word' id='word_1_124' title='bbox 996 1140 1118 1177; x_wconf 80' lang='lat' dir='ltr'>appello</span> <span class='ocrx_word' id='word_1_125' title='bbox 1138 1141 1228 1176; x_wconf 78' lang='lat' dir='ltr'>tuque</span> <span class='ocrx_word' id='word_1_126' title='bbox 1250 1147 1368 1169; x_wconf 82' lang='lat' dir='ltr'>curam.</span> 
     </span>
    </p>
   </div>
   <div class='ocr_carea' id='block_1_18' title="bbox 1428 1135 1767 1167">
    <p class='ocr_par' dir='ltr' id='par_1_18' title="bbox 1428 1135 1767 1167">
     <span class='ocr_line' id='line_1_20' title="bbox 1428 1135 1767 1167; baseline 0 -1"><span class='ocrx_word' id='word_1_127' title='bbox 1428 1136 1448 1167; x_wconf 81' lang='lat'>5</span> <span class='ocrx_word' id='word_1_128' title='bbox 1473 1136 1526 1166; x_wconf 91' lang='lat' dir='ltr'>Sic</span> <span class='ocrx_word' id='word_1_129' title='bbox 1549 1138 1603 1167; x_wconf 93' lang='lat' dir='ltr'>Or.</span> <span class='ocrx_word' id='word_1_130' title='bbox 1627 1147 1656 1167; x_wconf 87' lang='lat' dir='ltr'>c.</span> <span class='ocrx_word' id='word_1_131' title='bbox 1680 1135 1767 1167; x_wconf 91' lang='lat' dir='ltr'>duo-</span> 
     </span>
    </p>
   </div>
   <div class='ocr_carea' id='block_1_19' title="bbox 211 1180 1769 1223">
    <p class='ocr_par' dir='ltr' id='par_1_19' title="bbox 211 1180 1769 1223">
     <span class='ocr_line' id='line_1_21' title="bbox 211 1180 1769 1223; baseline -0.004 -6"><span class='ocrx_word' id='word_1_132' title='bbox 211 1188 270 1218; x_wconf 88' lang='lat' dir='ltr'>bus</span> <span class='ocrx_word' id='word_1_133' title='bbox 295 1188 375 1216; x_wconf 81' lang='lat' dir='ltr'>Oxx.</span> <span class='ocrx_word' id='word_1_134' title='bbox 402 1184 486 1216; x_wconf 80' lang='lat' dir='ltr'>Gud.</span> <span class='ocrx_word' id='word_1_135' title='bbox 502 1182 533 1215; x_wconf 79' lang='lat'>2.</span> <span class='ocrx_word' id='word_1_136' title='bbox 558 1183 664 1214; x_wconf 84' lang='lat' dir='ltr'>Marb.</span> <span class='ocrx_word' id='word_1_137' title='bbox 689 1182 791 1213; x_wconf 86' lang='lat' dir='ltr'>Rehd.</span> <span class='ocrx_word' id='word_1_138' title='bbox 815 1189 846 1213; x_wconf 86' lang='lat' dir='ltr'>et</span> <span class='ocrx_word' id='word_1_139' title='bbox 867 1182 943 1213; x_wconf 86' lang='lat' dir='ltr'>edd.</span> <span class='ocrx_word' id='word_1_140' title='bbox 968 1188 1049 1213; x_wconf 83' lang='lat' dir='ltr'>vett.</span> <span class='ocrx_word' id='word_1_141' title='bbox 1071 1181 1237 1223; x_wconf 70' lang='lat' dir='ltr'>plurimis3</span> <span class='ocrx_word' id='word_1_142' title='bbox 1265 1182 1302 1212; x_wconf 87' lang='lat' dir='ltr'>R.</span> <span class='ocrx_word' id='word_1_143' title='bbox 1327 1180 1457 1212; x_wconf 84' lang='lat' dir='ltr'>Gud.1.</span> <span class='ocrx_word' id='word_1_144' title='bbox 1479 1180 1598 1223; x_wconf 85' lang='lat' dir='ltr'>aliique</span> <span class='ocrx_word' id='word_1_145' title='bbox 1620 1180 1769 1223; x_wconf 84' lang='lat' dir='ltr'>plerique</span> 
     </span>
    </p>
   </div>
   <div class='ocr_carea' id='block_1_20' title="bbox 213 1227 955 1314">
    <p class='ocr_par' dir='ltr' id='par_1_20' title="bbox 213 1227 955 1314">
     <span class='ocr_line' id='line_1_22' title="bbox 214 1227 955 1270; baseline -0.011 -7"><span class='ocrx_word' id='word_1_146' title='bbox 214 1230 311 1263; x_wconf 88' lang='lat' dir='ltr'>codd.</span> <span class='ocrx_word' id='word_1_147' title='bbox 331 1238 499 1268; x_wconf 80' lang='lat' dir='ltr'>suspenso:</span> <span class='ocrx_word' id='word_1_148' title='bbox 524 1227 613 1270; x_wconf 90' lang='lat' dir='ltr'>quod</span> <span class='ocrx_word' id='word_1_149' title='bbox 637 1238 676 1257; x_wconf 85' lang='lat' dir='ltr'>ex</span> <span class='ocrx_word' id='word_1_150' title='bbox 701 1238 740 1257; x_wconf 90' lang='lat' dir='ltr'>eo</span> <span class='ocrx_word' id='word_1_151' title='bbox 763 1233 870 1256; x_wconf 86' lang='lat' dir='ltr'>ortum</span> <span class='ocrx_word' id='word_1_152' title='bbox 896 1233 955 1264; x_wconf 81' lang='lat' dir='ltr'>est,</span> 
     </span>
     <span class='ocr_line' id='line_1_23' title="bbox 213 1270 946 1314; baseline -0.01 -7"><span class='ocrx_word' id='word_1_153' title='bbox 213 1276 302 1308; x_wconf 78' lang='lat' dir='ltr'>ximo</span> <span class='ocrx_word' id='word_1_154' title='bbox 335 1273 437 1304; x_wconf 87' lang='lat' dir='ltr'>verbo</span> <span class='ocrx_word' id='word_1_155' title='bbox 468 1283 606 1314; x_wconf 86' lang='lat' dir='ltr'>sequens</span> <span class='ocrx_word' id='word_1_156' title='bbox 636 1270 794 1313; x_wconf 86' lang='lat' dir='ltr'>adaptare</span> <span class='ocrx_word' id='word_1_157' title='bbox 827 1270 946 1301; x_wconf 81' lang='lat' dir='ltr'>solent.</span> 
     </span>
    </p>
   </div>
   <div class='ocr_carea' id='block_1_21' title="bbox 981 1226 1769 1268">
    <p class='ocr_par' dir='ltr' id='par_1_21' title="bbox 981 1226 1769 1268">
     <span class='ocr_line' id='line_1_24' title="bbox 981 1226 1769 1268; baseline 0 -12"><span class='ocrx_word' id='word_1_158' title='bbox 981 1226 1070 1268; x_wconf 89' lang='lat' dir='ltr'>quod</span> <span class='ocrx_word' id='word_1_159' title='bbox 1089 1226 1223 1261; x_wconf 74' lang='lat' dir='ltr'>librarii,</span> <span class='ocrx_word' id='word_1_160' title='bbox 1249 1226 1297 1255; x_wconf 87' lang='lat' dir='ltr'>uti</span> <span class='ocrx_word' id='word_1_161' title='bbox 1320 1233 1409 1257; x_wconf 83' lang='lat' dir='ltr'>recte</span> <span class='ocrx_word' id='word_1_162' title='bbox 1428 1231 1542 1256; x_wconf 88' lang='lat' dir='ltr'>monet</span> <span class='ocrx_word' id='word_1_163' title='bbox 1565 1226 1660 1263; x_wconf 63' lang='lat' dir='ltr'>Mos‘„</span> <span class='ocrx_word' id='word_1_164' title='bbox 1687 1236 1769 1267; x_wconf 88' lang='lat' dir='ltr'>pro-</span> 
     </span>
    </p>
   </div>
   <div class='ocr_carea' id='block_1_22' title="bbox 1004 1267 1767 1302">
    <p class='ocr_par' dir='ltr' id='par_1_22' title="bbox 1004 1267 1767 1302">
     <span class='ocr_line' id='line_1_25' title="bbox 1004 1267 1767 1302; baseline 0 -2"><span class='ocrx_word' id='word_1_165' title='bbox 1004 1267 1026 1300; x_wconf 82' lang='grc'>6</span> <span class='ocrx_word' id='word_1_166' title='bbox 1060 1271 1144 1301; x_wconf 80' lang='lat' dir='ltr'>Mos.</span> <span class='ocrx_word' id='word_1_167' title='bbox 1171 1281 1196 1302; x_wconf 88' lang='lat' dir='ltr'>e.</span> <span class='ocrx_word' id='word_1_168' title='bbox 1218 1271 1313 1301; x_wconf 84' lang='lat' dir='ltr'>Voss.</span> <span class='ocrx_word' id='word_1_169' title='bbox 1347 1281 1386 1300; x_wconf 81' lang='lat' dir='ltr'>ex</span> <span class='ocrx_word' id='word_1_170' title='bbox 1413 1270 1498 1300; x_wconf 93' lang='lat' dir='ltr'>Gud.</span> <span class='ocrx_word' id='word_1_171' title='bbox 1520 1271 1560 1300; x_wconf 86' lang='grc' dir='ltr'>ΙῘ.</span> <span class='ocrx_word' id='word_1_172' title='bbox 1600 1276 1632 1300; x_wconf 91' lang='lat' dir='ltr'>et</span> <span class='ocrx_word' id='word_1_173' title='bbox 1656 1269 1767 1300; x_wconf 87' lang='lat' dir='ltr'>Duisb.</span> 
     </span>
    </p>
   </div>
   <div class='ocr_carea' id='block_1_23' title="bbox 214 1314 1769 1361">
    <p class='ocr_par' dir='ltr' id='par_1_23' title="bbox 214 1314 1769 1361">
     <span class='ocr_line' id='line_1_26' title="bbox 214 1314 1769 1361; baseline -0.004 -10"><span class='ocrx_word' id='word_1_174' title='bbox 214 1324 314 1361; x_wconf 78' lang='lat' dir='ltr'>Neque</span> <span class='ocrx_word' id='word_1_175' title='bbox 343 1320 419 1350; x_wconf 83' lang='lat' dir='ltr'>mei</span> <span class='ocrx_word' id='word_1_176' title='bbox 453 1321 505 1356; x_wconf 77' lang='lat' dir='ltr'>le,</span> <span class='ocrx_word' id='word_1_177' title='bbox 542 1323 576 1348; x_wconf 90' lang='lat' dir='ltr'>et</span> <span class='ocrx_word' id='word_1_178' title='bbox 607 1328 634 1347; x_wconf 93' lang='lat' dir='ltr'>c.</span> <span class='ocrx_word' id='word_1_179' title='bbox 658 1315 831 1347; x_wconf 79' lang='lat' dir='ltr'>Bouhierio</span> <span class='ocrx_word' id='word_1_180' title='bbox 853 1325 942 1355; x_wconf 69' lang='grc' dir='ltr'>ειη-96</span> <span class='ocrx_word' id='word_1_181' title='bbox 967 1319 992 1345; x_wconf 77' lang='lat' dir='ltr'>et</span> <span class='ocrx_word' id='word_1_182' title='bbox 1017 1317 1110 1354; x_wconf 84' lang='lat' dir='ltr'><em>sepeli</em></span> <span class='ocrx_word' id='word_1_183' title='bbox 1134 1318 1265 1353; x_wconf 76' lang='lat' dir='ltr'>nalum,</span> <span class='ocrx_word' id='word_1_184' title='bbox 1298 1325 1351 1345; x_wconf 89' lang='lat' dir='ltr'>oro</span> <span class='ocrx_word' id='word_1_185' title='bbox 1376 1326 1414 1345; x_wconf 70' lang='lat' dir='ltr'>ex</span> <span class='ocrx_word' id='word_1_186' title='bbox 1439 1317 1568 1345; x_wconf 84' lang='lat' dir='ltr'>Acrone</span> <span class='ocrx_word' id='word_1_187' title='bbox 1589 1314 1630 1345; x_wconf 84' lang='lat' dir='ltr'>ad</span> <span class='ocrx_word' id='word_1_188' title='bbox 1652 1315 1769 1346; x_wconf 85' lang='lat' dir='ltr'>Horat.</span> 
     </span>
    </p>
   </div>
   <div class='ocr_carea' id='block_1_24' title="bbox 215 1359 882 1404">
    <p class='ocr_par' dir='ltr' id='par_1_24' title="bbox 215 1359 882 1404">
     <span class='ocr_line' id='line_1_27' title="bbox 215 1359 882 1404; baseline -0.009 -8"><span class='ocrx_word' id='word_1_189' title='bbox 215 1367 285 1396; x_wconf 87' lang='lat' dir='ltr'>Sat.</span> <span class='ocrx_word' id='word_1_190' title='bbox 309 1365 349 1394; x_wconf 87' lang='grc' dir='ltr'>ΙΙ.</span> <span class='ocrx_word' id='word_1_191' title='bbox 362 1361 394 1402; x_wconf 84' lang='lat'>3,</span> <span class='ocrx_word' id='word_1_192' title='bbox 419 1359 483 1401; x_wconf 68' lang='lat'>60„</span> <span class='ocrx_word' id='word_1_193' title='bbox 509 1362 564 1404; x_wconf 92' lang='lat' dir='ltr'>qui</span> <span class='ocrx_word' id='word_1_194' title='bbox 580 1360 659 1403; x_wconf 85' lang='lat' dir='ltr'>legit</span> <span class='ocrx_word' id='word_1_195' title='bbox 679 1370 766 1392; x_wconf 85' lang='lat' dir='ltr'>soror</span> <span class='ocrx_word' id='word_1_196' title='bbox 782 1369 882 1400; x_wconf 67' lang='lat' dir='ltr'>surge.</span> 
     </span>
    </p>
   </div>
   <div class='ocr_carea' id='block_1_25' title="bbox 216 1437 998 2994">
    <p class='ocr_par' dir='ltr' id='par_1_25' title="bbox 216 1437 978 1742">
     <span class='ocr_line' id='line_1_28' title="bbox 216 1437 976 1484; baseline -0.008 -11"><span class='ocrx_word' id='word_1_197' title='bbox 216 1442 367 1484; x_wconf 83' lang='lat' dir='ltr'>fingitur,</span> <span class='ocrx_word' id='word_1_198' title='bbox 403 1446 515 1470; x_wconf 87' lang='lat' dir='ltr'>mente</span> <span class='ocrx_word' id='word_1_199' title='bbox 537 1438 688 1475; x_wconf 85' lang='lat' dir='ltr'>rediens,</span> <span class='ocrx_word' id='word_1_200' title='bbox 723 1437 840 1469; x_wconf 87' lang='lat' dir='ltr'>verba:</span> <span class='ocrx_word' id='word_1_201' title='bbox 881 1439 976 1476; x_wconf 82' lang='lat' dir='ltr'>Quem</span> 
     </span>
     <span class='ocr_line' id='line_1_29' title="bbox 218 1482 976 1524; baseline -0.008 -6"><span class='ocrx_word' id='word_1_202' title='bbox 218 1489 283 1519; x_wconf 85' lang='lat' dir='ltr'>H.?</span> <span class='ocrx_word' id='word_1_203' title='bbox 308 1489 363 1517; x_wconf 71' lang='lat' dir='ltr'>aut</span> <span class='ocrx_word' id='word_1_204' title='bbox 385 1486 536 1524; x_wconf 81' lang='lat' dir='ltr'>quamdiu</span> <span class='ocrx_word' id='word_1_205' title='bbox 558 1486 608 1515; x_wconf 79' lang='lat' dir='ltr'>ille</span> <span class='ocrx_word' id='word_1_206' title='bbox 629 1485 685 1514; x_wconf 77' lang='lat' dir='ltr'>erit</span> <span class='ocrx_word' id='word_1_207' title='bbox 706 1484 744 1514; x_wconf 91' lang='lat' dir='ltr'>H.</span> <span class='ocrx_word' id='word_1_208' title='bbox 760 1485 776 1513; x_wconf 88' lang='lat'>?</span> <span class='ocrx_word' id='word_1_209' title='bbox 800 1482 842 1513; x_wconf 90' lang='lat' dir='ltr'>ad</span> <span class='ocrx_word' id='word_1_210' title='bbox 861 1482 976 1513; x_wconf 88' lang='lat' dir='ltr'>Hecu-</span> 
     </span>
     <span class='ocr_line' id='line_1_30' title="bbox 217 1526 975 1571; baseline -0.008 -8"><span class='ocrx_word' id='word_1_211' title='bbox 217 1532 293 1563; x_wconf 85' lang='lat' dir='ltr'>bam</span> <span class='ocrx_word' id='word_1_212' title='bbox 326 1537 480 1571; x_wconf 78' lang='lat' dir='ltr'><strong>tanquam</strong></span> <span class='ocrx_word' id='word_1_213' title='bbox 513 1534 721 1571; x_wconf 81' lang='lat' dir='ltr'>praesentem</span> <span class='ocrx_word' id='word_1_214' title='bbox 752 1526 873 1569; x_wconf 80' lang='lat' dir='ltr'>dirigit.</span> <span class='ocrx_word' id='word_1_215' title='bbox 925 1526 975 1557; x_wconf 83' lang='lat' dir='ltr'>Cf.</span> 
     </span>
     <span class='ocr_line' id='line_1_31' title="bbox 220 1571 978 1619; baseline -0.008 -11"><span class='ocrx_word' id='word_1_216' title='bbox 220 1578 248 1619; x_wconf 84' lang='grc'>6.</span> <span class='ocrx_word' id='word_1_217' title='bbox 268 1575 349 1608; x_wconf 71' lang='grc' dir='ltr'>ΙΟῗῖ</span> <span class='ocrx_word' id='word_1_218' title='bbox 378 1575 454 1605; x_wconf 84' lang='lat' dir='ltr'>Non</span> <span class='ocrx_word' id='word_1_219' title='bbox 474 1573 545 1615; x_wconf 89' lang='lat' dir='ltr'>ipsa</span> <span class='ocrx_word' id='word_1_220' title='bbox 559 1584 635 1604; x_wconf 82' lang='lat' dir='ltr'>saxa</span> <span class='ocrx_word' id='word_1_221' title='bbox 656 1571 759 1614; x_wconf 84' lang='lat' dir='ltr'>magis</span> <span class='ocrx_word' id='word_1_222' title='bbox 772 1583 867 1603; x_wconf 86' lang='lat' dir='ltr'>sensu</span> <span class='ocrx_word' id='word_1_223' title='bbox 889 1571 978 1603; x_wconf 89' lang='lat' dir='ltr'>omni</span> 
     </span>
     <span class='ocr_line' id='line_1_32' title="bbox 219 1616 978 1660; baseline -0.009 -7"><span class='ocrx_word' id='word_1_224' title='bbox 219 1622 396 1659; x_wconf 70' lang='lat' dir='ltr'>vacabunt,</span> <span class='ocrx_word' id='word_1_225' title='bbox 421 1629 519 1660; x_wconf 80' lang='lat' dir='ltr'>quam</span> <span class='ocrx_word' id='word_1_226' title='bbox 538 1617 593 1648; x_wconf 87' lang='lat' dir='ltr'>ille</span> <span class='ocrx_word' id='word_1_227' title='bbox 614 1636 667 1657; x_wconf 90' lang='lat'>—,</span> <span class='ocrx_word' id='word_1_228' title='bbox 693 1617 743 1648; x_wconf 87' lang='lat' dir='ltr'>cui</span> <span class='ocrx_word' id='word_1_229' title='bbox 765 1628 799 1648; x_wconf 89' lang='lat' dir='ltr'>se</span> <span class='ocrx_word' id='word_1_230' title='bbox 822 1616 876 1647; x_wconf 89' lang='lat' dir='ltr'>hic</span> <span class='ocrx_word' id='word_1_231' title='bbox 902 1628 978 1648; x_wconf 88' lang='lat' dir='ltr'>cru—</span> 
     </span>
     <span class='ocr_line' id='line_1_33' title="bbox 222 1661 978 1705; baseline -0.007 -9"><span class='ocrx_word' id='word_1_232' title='bbox 222 1665 340 1697; x_wconf 82' lang='lat' dir='ltr'>ciatum</span> <span class='ocrx_word' id='word_1_233' title='bbox 363 1670 474 1695; x_wconf 88' lang='lat' dir='ltr'>censet</span> <span class='ocrx_word' id='word_1_234' title='bbox 493 1669 628 1705; x_wconf 89' lang='lat' dir='ltr'>optare:</span> <span class='ocrx_word' id='word_1_235' title='bbox 655 1661 710 1693; x_wconf 86' lang='lat' dir='ltr'>ubi</span> <span class='ocrx_word' id='word_1_236' title='bbox 730 1661 828 1693; x_wconf 88' lang='lat' dir='ltr'>etiam</span> <span class='ocrx_word' id='word_1_237' title='bbox 844 1661 898 1692; x_wconf 88' lang='lat' dir='ltr'>alii</span> <span class='ocrx_word' id='word_1_238' title='bbox 916 1661 978 1703; x_wconf 78' lang='lat' dir='ltr'>leg.</span> 
     </span>
     <span class='ocr_line' id='line_1_34' title="bbox 220 1712 385 1742; baseline -0.018 0"><span class='ocrx_word' id='word_1_239' title='bbox 220 1712 385 1742; x_wconf 77' lang='lat' dir='ltr'>vacabant.</span> 
     </span>
    </p>

    <p class='ocr_par' dir='ltr' id='par_1_26' title="bbox 222 1750 983 2017">
     <span class='ocr_line' id='line_1_35' title="bbox 289 1750 979 1794; baseline -0.006 -9"><span class='ocrx_word' id='word_1_240' title='bbox 289 1754 459 1793; x_wconf 75' lang='lat' dir='ltr'>aliquando</span> <span class='ocrx_word' id='word_1_241' title='bbox 475 1751 612 1794; x_wconf 79' lang='lat' dir='ltr'>sapiens]</span> <span class='ocrx_word' id='word_1_242' title='bbox 633 1752 672 1784; x_wconf 87' lang='lat' dir='ltr'>H.</span> <span class='ocrx_word' id='word_1_243' title='bbox 688 1763 716 1782; x_wconf 89' lang='lat' dir='ltr'>e.</span> <span class='ocrx_word' id='word_1_244' title='bbox 733 1763 819 1782; x_wconf 91' lang='lat' dir='ltr'>nunc</span> <span class='ocrx_word' id='word_1_245' title='bbox 835 1750 979 1788; x_wconf 87' lang='lat' dir='ltr'>tandem,</span> 
     </span>
     <span class='ocr_line' id='line_1_36' title="bbox 222 1795 980 1842; baseline -0.007 -12"><span class='ocrx_word' id='word_1_246' title='bbox 222 1805 437 1842; x_wconf 70' lang='lat' dir='ltr'>posteaquam</span> <span class='ocrx_word' id='word_1_247' title='bbox 468 1796 589 1828; x_wconf 89' lang='lat' dir='ltr'>diutius</span> <span class='ocrx_word' id='word_1_248' title='bbox 619 1796 735 1828; x_wconf 81' lang='lat' dir='ltr'>saeviit</span> <span class='ocrx_word' id='word_1_249' title='bbox 769 1796 801 1827; x_wconf 90' lang='lat' dir='ltr'>in</span> <span class='ocrx_word' id='word_1_250' title='bbox 828 1795 980 1827; x_wconf 80' lang='lat' dir='ltr'>Hectoris</span> 
     </span>
     <span class='ocr_line' id='line_1_37' title="bbox 227 1840 981 1885; baseline -0.007 -10"><span class='ocrx_word' id='word_1_251' title='bbox 227 1854 364 1885; x_wconf 88' lang='lat' dir='ltr'>corpus,</span> <span class='ocrx_word' id='word_1_252' title='bbox 403 1841 445 1873; x_wconf 88' lang='lat' dir='ltr'>ad</span> <span class='ocrx_word' id='word_1_253' title='bbox 475 1853 588 1872; x_wconf 82' lang='lat' dir='ltr'>sanam</span> <span class='ocrx_word' id='word_1_254' title='bbox 621 1847 766 1872; x_wconf 86' lang='lat' dir='ltr'>mentem</span> <span class='ocrx_word' id='word_1_255' title='bbox 793 1840 922 1872; x_wconf 80' lang='lat' dir='ltr'>rediens</span> <span class='ocrx_word' id='word_1_256' title='bbox 949 1846 981 1870; x_wconf 88' lang='lat' dir='ltr'>et</span> 
     </span>
     <span class='ocr_line' id='line_1_38' title="bbox 225 1885 983 1929; baseline -0.007 -9"><span class='ocrx_word' id='word_1_257' title='bbox 225 1887 426 1929; x_wconf 75' lang='lat' dir='ltr'>intelligens,</span> <span class='ocrx_word' id='word_1_258' title='bbox 453 1897 570 1928; x_wconf 87' lang='lat' dir='ltr'>corpus</span> <span class='ocrx_word' id='word_1_259' title='bbox 593 1885 758 1924; x_wconf 83' lang='lat' dir='ltr'>Hectoris,</span> <span class='ocrx_word' id='word_1_260' title='bbox 784 1896 849 1916; x_wconf 86' lang='lat' dir='ltr'>non</span> <span class='ocrx_word' id='word_1_261' title='bbox 874 1885 983 1926; x_wconf 86' lang='lat' dir='ltr'>ipsum</span> 
     </span>
     <span class='ocr_line' id='line_1_39' title="bbox 224 1930 982 1969; baseline -0.004 -5"><span class='ocrx_word' id='word_1_262' title='bbox 224 1934 417 1969; x_wconf 87' lang='lat' dir='ltr'>Hectorem,</span> <span class='ocrx_word' id='word_1_263' title='bbox 434 1942 451 1961; x_wconf 91' lang='lat' dir='ltr'>a</span> <span class='ocrx_word' id='word_1_264' title='bbox 472 1942 507 1961; x_wconf 88' lang='lat' dir='ltr'>se</span> <span class='ocrx_word' id='word_1_265' title='bbox 528 1930 706 1961; x_wconf 90' lang='lat' dir='ltr'>laceratum</span> <span class='ocrx_word' id='word_1_266' title='bbox 728 1941 809 1960; x_wconf 86' lang='lat' dir='ltr'>esse.</span> <span class='ocrx_word' id='word_1_267' title='bbox 848 1931 895 1959; x_wconf 90' lang='lat' dir='ltr'>De</span> <span class='ocrx_word' id='word_1_268' title='bbox 912 1940 982 1961; x_wconf 78' lang='lat' dir='ltr'>voc.</span> 
     </span>
     <span class='ocr_line' id='line_1_40' title="bbox 226 1974 703 2017; baseline -0.008 -8"><span class='ocrx_word' id='word_1_269' title='bbox 226 1978 396 2017; x_wconf 79' lang='lat' dir='ltr'>aliquando</span> <span class='ocrx_word' id='word_1_270' title='bbox 422 1975 466 2006; x_wconf 88' lang='lat' dir='ltr'>cf.</span> <span class='ocrx_word' id='word_1_271' title='bbox 490 1974 532 2006; x_wconf 87' lang='lat' dir='ltr'>ad</span> <span class='ocrx_word' id='word_1_272' title='bbox 557 1976 581 2005; x_wconf 96' lang='lat' dir='ltr'>I.</span> <span class='ocrx_word' id='word_1_273' title='bbox 611 1977 647 2012; x_wconf 88' lang='lat'>1,</span> <span class='ocrx_word' id='word_1_274' title='bbox 676 1975 703 2006; x_wconf 85' lang='lat'>1.</span> 
     </span>
    </p>

    <p class='ocr_par' dir='ltr' id='par_1_27' title="bbox 230 2018 993 2461">
     <span class='ocr_line' id='line_1_41' title="bbox 295 2018 985 2062; baseline -0.004 -11"><span class='ocrx_word' id='word_1_275' title='bbox 295 2020 406 2062; x_wconf 84' lang='lat' dir='ltr'>Immo]</span> <span class='ocrx_word' id='word_1_276' title='bbox 435 2021 478 2050; x_wconf 91' lang='lat' dir='ltr'>Ut</span> <span class='ocrx_word' id='word_1_277' title='bbox 497 2030 608 2050; x_wconf 87' lang='lat' dir='ltr'>versus</span> <span class='ocrx_word' id='word_1_278' title='bbox 624 2018 809 2049; x_wconf 80' lang='lat' dir='ltr'>trochaicus</span> <span class='ocrx_word' id='word_1_279' title='bbox 826 2024 985 2060; x_wconf 89' lang='lat' dir='ltr'>septena-</span> 
     </span>
     <span class='ocr_line' id='line_1_42' title="bbox 230 2062 987 2101; baseline -0.007 -4"><span class='ocrx_word' id='word_1_280' title='bbox 230 2066 293 2098; x_wconf 86' lang='lat' dir='ltr'>rius</span> <span class='ocrx_word' id='word_1_281' title='bbox 319 2063 559 2101; x_wconf 78' lang='lat' dir='ltr'>constituatur,</span> <span class='ocrx_word' id='word_1_282' title='bbox 594 2064 813 2094; x_wconf 80' lang='lat' dir='ltr'>Billerbechius</span> <span class='ocrx_word' id='word_1_283' title='bbox 837 2062 987 2093; x_wconf 79' lang='lat' dir='ltr'>voculam</span> 
     </span>
     <span class='ocr_line' id='line_1_43' title="bbox 230 2106 986 2148; baseline -0.007 -7"><span class='ocrx_word' id='word_1_284' title='bbox 230 2112 311 2142; x_wconf 83' lang='lat' dir='ltr'>enim</span> <span class='ocrx_word' id='word_1_285' title='bbox 325 2107 498 2139; x_wconf 84' lang='lat' dir='ltr'>delendam</span> <span class='ocrx_word' id='word_1_286' title='bbox 522 2114 651 2144; x_wconf 82' lang='lat' dir='ltr'>censet3</span> <span class='ocrx_word' id='word_1_287' title='bbox 677 2118 737 2138; x_wconf 92' lang='lat' dir='ltr'>nec</span> <span class='ocrx_word' id='word_1_288' title='bbox 757 2118 794 2137; x_wconf 91' lang='lat' dir='ltr'>ea</span> <span class='ocrx_word' id='word_1_289' title='bbox 814 2106 933 2148; x_wconf 81' lang='lat' dir='ltr'>legitur</span> <span class='ocrx_word' id='word_1_290' title='bbox 954 2106 986 2136; x_wconf 89' lang='lat' dir='ltr'>in</span> 
     </span>
     <span class='ocr_line' id='line_1_44' title="bbox 233 2150 988 2187; baseline -0.007 -1"><span class='ocrx_word' id='word_1_291' title='bbox 233 2153 329 2186; x_wconf 92' lang='lat' dir='ltr'>codd.</span> <span class='ocrx_word' id='word_1_292' title='bbox 354 2152 451 2184; x_wconf 87' lang='lat' dir='ltr'>Vind.</span> <span class='ocrx_word' id='word_1_293' title='bbox 476 2152 501 2183; x_wconf 94' lang='lat' dir='ltr'>l.</span> <span class='ocrx_word' id='word_1_294' title='bbox 527 2151 640 2182; x_wconf 86' lang='lat' dir='ltr'>Duisb.</span> <span class='ocrx_word' id='word_1_295' title='bbox 664 2150 768 2181; x_wconf 89' lang='lat' dir='ltr'>tribus</span> <span class='ocrx_word' id='word_1_296' title='bbox 793 2153 894 2187; x_wconf 80' lang='lat' dir='ltr'>Oxx.;</span> <span class='ocrx_word' id='word_1_297' title='bbox 929 2150 988 2181; x_wconf 88' lang='lat' dir='ltr'>sed</span> 
     </span>
     <span class='ocr_line' id='line_1_45' title="bbox 231 2196 990 2241; baseline -0.007 -11"><span class='ocrx_word' id='word_1_298' title='bbox 231 2199 321 2241; x_wconf 80' lang='lat' dir='ltr'>ipse,</span> <span class='ocrx_word' id='word_1_299' title='bbox 354 2196 387 2227; x_wconf 88' lang='lat' dir='ltr'>in</span> <span class='ocrx_word' id='word_1_300' title='bbox 412 2202 520 2239; x_wconf 85' lang='lat' dir='ltr'>partes</span> <span class='ocrx_word' id='word_1_301' title='bbox 545 2202 665 2227; x_wconf 86' lang='lat' dir='ltr'>vocato</span> <span class='ocrx_word' id='word_1_302' title='bbox 694 2198 728 2226; x_wconf 89' lang='lat' dir='ltr'>G.</span> <span class='ocrx_word' id='word_1_303' title='bbox 751 2197 785 2226; x_wconf 90' lang='lat' dir='ltr'>F.</span> <span class='ocrx_word' id='word_1_304' title='bbox 808 2197 990 2235; x_wconf 78' lang='lat' dir='ltr'>Grolesendo</span> 
     </span>
     <span class='ocr_line' id='line_1_46' title="bbox 231 2239 990 2282; baseline -0.005 -8"><span class='ocrx_word' id='word_1_305' title='bbox 231 2244 264 2274; x_wconf 91' lang='lat' dir='ltr'>in</span> <span class='ocrx_word' id='word_1_306' title='bbox 291 2243 347 2273; x_wconf 90' lang='lat' dir='ltr'>Gr.</span> <span class='ocrx_word' id='word_1_307' title='bbox 374 2242 411 2272; x_wconf 93' lang='lat' dir='ltr'>L.</span> <span class='ocrx_word' id='word_1_308' title='bbox 436 2243 476 2272; x_wconf 87' lang='lat' dir='ltr'>Il.</span> <span class='ocrx_word' id='word_1_309' title='bbox 503 2241 649 2281; x_wconf 77' lang='grc'>6.11;”).,</span> <span class='ocrx_word' id='word_1_310' title='bbox 675 2239 778 2278; x_wconf 77' lang='lat' dir='ltr'>vidit,</span> <span class='ocrx_word' id='word_1_311' title='bbox 803 2239 866 2281; x_wconf 85' lang='lat' dir='ltr'>legi</span> <span class='ocrx_word' id='word_1_312' title='bbox 892 2250 990 2282; x_wconf 87' lang='lat' dir='ltr'>posse</span> 
     </span>
     <span class='ocr_line' id='line_1_47' title="bbox 232 2282 991 2327; baseline -0.007 -8"><span class='ocrx_word' id='word_1_313' title='bbox 232 2291 326 2320; x_wconf 78' lang='lat' dir='ltr'>immo</span> <span class='ocrx_word' id='word_1_314' title='bbox 353 2282 530 2318; x_wconf 64' lang='lat' dir='ltr'>Enimvero.</span> <span class='ocrx_word' id='word_1_315' title='bbox 586 2286 685 2316; x_wconf 87' lang='lat' dir='ltr'>Moser</span> <span class='ocrx_word' id='word_1_316' title='bbox 713 2290 882 2327; x_wconf 84' lang='lat' dir='ltr'>comparat</span> <span class='ocrx_word' id='word_1_317' title='bbox 913 2286 991 2316; x_wconf 87' lang='lat' dir='ltr'>Ter.</span> 
     </span>
     <span class='ocr_line' id='line_1_48' title="bbox 235 2328 993 2371; baseline -0.004 -8"><span class='ocrx_word' id='word_1_318' title='bbox 235 2331 325 2364; x_wconf 84' lang='lat' dir='ltr'>Andr</span> <span class='ocrx_word' id='word_1_319' title='bbox 359 2333 383 2362; x_wconf 90' lang='grc' dir='ltr'>Ι.</span> <span class='ocrx_word' id='word_1_320' title='bbox 414 2330 440 2369; x_wconf 89' lang='lat' dir='ltr'>l,</span> <span class='ocrx_word' id='word_1_321' title='bbox 466 2329 526 2363; x_wconf 61' lang='lat'>6⁴¹1:</span> <span class='ocrx_word' id='word_1_322' title='bbox 547 2328 713 2362; x_wconf 56' lang='lat' dir='ltr'>enimvero</span> <span class='ocrx_word' id='word_1_323' title='bbox 734 2335 917 2371; x_wconf 86' lang='lat' dir='ltr'>spectatum</span> <span class='ocrx_word' id='word_1_324' title='bbox 937 2340 993 2360; x_wconf 83' lang='lat' dir='ltr'>sa-</span> 
     </span>
     <span class='ocr_line' id='line_1_49' title="bbox 235 2372 992 2415; baseline -0.005 -7"><span class='ocrx_word' id='word_1_325' title='bbox 235 2378 286 2408; x_wconf 78' lang='lat' dir='ltr'>tis.</span> <span class='ocrx_word' id='word_1_326' title='bbox 333 2377 414 2407; x_wconf 88' lang='lat' dir='ltr'>Hec.</span> <span class='ocrx_word' id='word_1_327' title='bbox 444 2376 497 2407; x_wconf 81' lang='lat' dir='ltr'>[V.</span> <span class='ocrx_word' id='word_1_328' title='bbox 521 2372 554 2415; x_wconf 78' lang='lat'>4,</span> <span class='ocrx_word' id='word_1_329' title='bbox 578 2376 640 2406; x_wconf 75' lang='lat'>51:</span> <span class='ocrx_word' id='word_1_330' title='bbox 676 2373 837 2408; x_wconf 55' lang='lat' dir='ltr'>Enimvero</span> <span class='ocrx_word' id='word_1_331' title='bbox 861 2385 992 2415; x_wconf 85' lang='lat' dir='ltr'>prorsus</span> 
     </span>
     <span class='ocr_line' id='line_1_50' title="bbox 235 2423 642 2461; baseline -0.01 -8"><span class='ocrx_word' id='word_1_332' title='bbox 235 2423 298 2453; x_wconf 80' lang='lat' dir='ltr'>iam</span> <span class='ocrx_word' id='word_1_333' title='bbox 323 2427 431 2452; x_wconf 85' lang='lat' dir='ltr'>tacere</span> <span class='ocrx_word' id='word_1_334' title='bbox 457 2431 522 2450; x_wconf 89' lang='lat' dir='ltr'>non</span> <span class='ocrx_word' id='word_1_335' title='bbox 547 2430 642 2461; x_wconf 90' lang='lat' dir='ltr'>queo.</span> 
     </span>
    </p>

    <p class='ocr_par' dir='ltr' id='par_1_28' title="bbox 238 2463 998 2994">
     <span class='ocr_line' id='line_1_51' title="bbox 304 2463 994 2505; baseline -0.004 -9"><span class='ocrx_word' id='word_1_336' title='bbox 304 2468 369 2497; x_wconf 78' lang='lat' dir='ltr'>Non</span> <span class='ocrx_word' id='word_1_337' title='bbox 393 2467 488 2504; x_wconf 67' lang='lat' dir='ltr'>igitur</span> <span class='ocrx_word' id='word_1_338' title='bbox 510 2465 655 2505; x_wconf 71' lang='lat' dir='ltr'>Hectora]</span> <span class='ocrx_word' id='word_1_339' title='bbox 692 2463 746 2494; x_wconf 89' lang='lat' dir='ltr'>Sic</span> <span class='ocrx_word' id='word_1_340' title='bbox 781 2474 894 2494; x_wconf 83' lang='lat' dir='ltr'>omnes</span> <span class='ocrx_word' id='word_1_341' title='bbox 924 2463 994 2493; x_wconf 80' lang='lat' dir='ltr'>fere</span> 
     </span>
     <span class='ocr_line' id='line_1_52' title="bbox 238 2508 993 2550; baseline -0.005 -9"><span class='ocrx_word' id='word_1_342' title='bbox 238 2509 313 2541; x_wconf 91' lang='lat' dir='ltr'>libri</span> <span class='ocrx_word' id='word_1_343' title='bbox 335 2516 369 2539; x_wconf 87' lang='lat' dir='ltr'>et</span> <span class='ocrx_word' id='word_1_344' title='bbox 382 2508 493 2550; x_wconf 83' lang='lat' dir='ltr'>scripti</span> <span class='ocrx_word' id='word_1_345' title='bbox 511 2515 543 2539; x_wconf 93' lang='lat' dir='ltr'>et</span> <span class='ocrx_word' id='word_1_346' title='bbox 560 2508 639 2540; x_wconf 89' lang='lat' dir='ltr'>editi</span> <span class='ocrx_word' id='word_1_347' title='bbox 654 2521 660 2545; x_wconf 71' lang='grc' dir='ltr'><strong>ς</strong></span> <span class='ocrx_word' id='word_1_348' title='bbox 687 2508 752 2540; x_wconf 92' lang='lat' dir='ltr'>duo</span> <span class='ocrx_word' id='word_1_349' title='bbox 768 2514 897 2539; x_wconf 89' lang='lat' dir='ltr'>tantum</span> <span class='ocrx_word' id='word_1_350' title='bbox 913 2509 993 2538; x_wconf 76' lang='lat' dir='ltr'>Oxx.</span> 
     </span>
     <span class='ocr_line' id='line_1_53' title="bbox 240 2553 994 2595; baseline -0.004 -10"><span class='ocrx_word' id='word_1_351' title='bbox 240 2561 273 2585; x_wconf 90' lang='lat' dir='ltr'>et</span> <span class='ocrx_word' id='word_1_352' title='bbox 288 2553 373 2584; x_wconf 85' lang='lat' dir='ltr'>Gud.</span> <span class='ocrx_word' id='word_1_353' title='bbox 386 2556 416 2584; x_wconf 64' lang='lat'>¹2.</span> <span class='ocrx_word' id='word_1_354' title='bbox 437 2553 591 2584; x_wconf 82' lang='lat' dir='ltr'>exhibent</span> <span class='ocrx_word' id='word_1_355' title='bbox 603 2555 771 2592; x_wconf 77' lang='lat' dir='ltr'>Hectorem,</span> <span class='ocrx_word' id='word_1_356' title='bbox 794 2553 883 2595; x_wconf 84' lang='lat' dir='ltr'>quod</span> <span class='ocrx_word' id='word_1_357' title='bbox 898 2563 994 2583; x_wconf 83' lang='lat' dir='ltr'>rece—</span> 
     </span>
     <span class='ocr_line' id='line_1_54' title="bbox 239 2597 994 2641; baseline -0.003 -12"><span class='ocrx_word' id='word_1_358' title='bbox 239 2604 358 2641; x_wconf 86' lang='lat' dir='ltr'>perunt</span> <span class='ocrx_word' id='word_1_359' title='bbox 379 2598 433 2628; x_wconf 83' lang='lat' dir='ltr'>W.</span> <span class='ocrx_word' id='word_1_360' title='bbox 457 2597 511 2627; x_wconf 83' lang='lat' dir='ltr'>Kl.</span> <span class='ocrx_word' id='word_1_361' title='bbox 534 2597 609 2628; x_wconf 89' lang='lat' dir='ltr'>Sch.</span> <span class='ocrx_word' id='word_1_362' title='bbox 632 2598 716 2629; x_wconf 82' lang='lat' dir='ltr'>Mos.</span> <span class='ocrx_word' id='word_1_363' title='bbox 751 2598 857 2636; x_wconf 90' lang='lat' dir='ltr'>Quum</span> <span class='ocrx_word' id='word_1_364' title='bbox 879 2597 994 2628; x_wconf 89' lang='lat' dir='ltr'>Cicero</span> 
     </span>
     <span class='ocr_line' id='line_1_55' title="bbox 240 2641 994 2684; baseline -0.004 -9"><span class='ocrx_word' id='word_1_365' title='bbox 240 2644 272 2675; x_wconf 88' lang='lat' dir='ltr'>in</span> <span class='ocrx_word' id='word_1_366' title='bbox 298 2653 395 2684; x_wconf 89' lang='lat' dir='ltr'>prosa</span> <span class='ocrx_word' id='word_1_367' title='bbox 419 2641 568 2672; x_wconf 81' lang='lat' dir='ltr'>oratione</span> <span class='ocrx_word' id='word_1_368' title='bbox 592 2652 721 2683; x_wconf 85' lang='lat' dir='ltr'>semper</span> <span class='ocrx_word' id='word_1_369' title='bbox 746 2649 880 2684; x_wconf 85' lang='lat' dir='ltr'>usurpet</span> <span class='ocrx_word' id='word_1_370' title='bbox 901 2641 994 2672; x_wconf 88' lang='lat' dir='ltr'>Lati-</span> 
     </span>
     <span class='ocr_line' id='line_1_56' title="bbox 241 2686 995 2728; baseline -0.004 -9"><span class='ocrx_word' id='word_1_371' title='bbox 241 2699 315 2719; x_wconf 88' lang='lat' dir='ltr'>nam</span> <span class='ocrx_word' id='word_1_372' title='bbox 341 2687 480 2718; x_wconf 74' lang='lat' dir='ltr'>formam</span> <span class='ocrx_word' id='word_1_373' title='bbox 506 2687 683 2725; x_wconf 79' lang='lat' dir='ltr'>Hectorem,</span> <span class='ocrx_word' id='word_1_374' title='bbox 718 2686 749 2717; x_wconf 91' lang='lat' dir='ltr'>h.</span> <span class='ocrx_word' id='word_1_375' title='bbox 774 2687 795 2717; x_wconf 91' lang='lat'>1.</span> <span class='ocrx_word' id='word_1_376' title='bbox 831 2699 869 2718; x_wconf 86' lang='lat' dir='ltr'>eo</span> <span class='ocrx_word' id='word_1_377' title='bbox 894 2686 995 2728; x_wconf 82' lang='lat' dir='ltr'>magis</span> 
     </span>
     <span class='ocr_line' id='line_1_57' title="bbox 242 2730 996 2773; baseline -0.003 -9"><span class='ocrx_word' id='word_1_378' title='bbox 242 2731 383 2764; x_wconf 83' lang='lat' dir='ltr'>offendit</span> <span class='ocrx_word' id='word_1_379' title='bbox 409 2731 534 2761; x_wconf 81' lang='lat' dir='ltr'>Graeca</span> <span class='ocrx_word' id='word_1_380' title='bbox 566 2730 691 2768; x_wconf 86' lang='lat' dir='ltr'>forma,</span> <span class='ocrx_word' id='word_1_381' title='bbox 729 2731 816 2773; x_wconf 92' lang='lat' dir='ltr'>quod</span> <span class='ocrx_word' id='word_1_382' title='bbox 839 2731 872 2762; x_wconf 86' lang='lat' dir='ltr'>in</span> <span class='ocrx_word' id='word_1_383' title='bbox 906 2730 996 2762; x_wconf 85' lang='lat' dir='ltr'>Accii</span> 
     </span>
     <span class='ocr_line' id='line_1_58' title="bbox 242 2773 996 2814; baseline -0.001 -6"><span class='ocrx_word' id='word_1_384' title='bbox 242 2776 349 2808; x_wconf 89' lang='lat' dir='ltr'>verbis</span> <span class='ocrx_word' id='word_1_385' title='bbox 382 2777 540 2807; x_wconf 80' lang='lat' dir='ltr'>Hectorem</span> <span class='ocrx_word' id='word_1_386' title='bbox 572 2773 694 2805; x_wconf 84' lang='lat' dir='ltr'>dietum</span> <span class='ocrx_word' id='word_1_387' title='bbox 722 2782 790 2811; x_wconf 81' lang='lat' dir='ltr'>est3</span> <span class='ocrx_word' id='word_1_388' title='bbox 825 2775 902 2814; x_wconf 81' lang='lat' dir='ltr'>sed,</span> <span class='ocrx_word' id='word_1_389' title='bbox 940 2787 996 2807; x_wconf 87' lang='lat' dir='ltr'>re-</span> 
     </span>
     <span class='ocr_line' id='line_1_59' title="bbox 242 2818 997 2864; baseline -0.003 -11"><span class='ocrx_word' id='word_1_390' title='bbox 242 2819 462 2864; x_wconf 86' lang='lat' dir='ltr'>pugnantibus</span> <span class='ocrx_word' id='word_1_391' title='bbox 484 2818 634 2850; x_wconf 86' lang='lat' dir='ltr'>omnibus</span> <span class='ocrx_word' id='word_1_392' title='bbox 666 2818 736 2849; x_wconf 88' lang='lat' dir='ltr'>fere</span> <span class='ocrx_word' id='word_1_393' title='bbox 759 2819 866 2857; x_wconf 89' lang='lat' dir='ltr'>libris,</span> <span class='ocrx_word' id='word_1_394' title='bbox 903 2831 997 2851; x_wconf 88' lang='lat' dir='ltr'>ausus</span> 
     </span>
     <span class='ocr_line' id='line_1_60' title="bbox 244 2866 998 2906; baseline -0.004 -8"><span class='ocrx_word' id='word_1_395' title='bbox 244 2877 311 2898; x_wconf 87' lang='lat' dir='ltr'>non</span> <span class='ocrx_word' id='word_1_396' title='bbox 354 2876 425 2896; x_wconf 91' lang='lat' dir='ltr'>sum</span> <span class='ocrx_word' id='word_1_397' title='bbox 467 2866 624 2896; x_wconf 78' lang='lat' dir='ltr'>Hectorem</span> <span class='ocrx_word' id='word_1_398' title='bbox 665 2874 845 2904; x_wconf 80' lang='lat' dir='ltr'>reponere,</span> <span class='ocrx_word' id='word_1_399' title='bbox 899 2876 998 2906; x_wconf 85' lang='lat' dir='ltr'>prae-</span> 
     </span>
     <span class='ocr_line' id='line_1_61' title="bbox 244 2907 998 2951; baseline -0.004 -9"><span class='ocrx_word' id='word_1_400' title='bbox 244 2910 357 2942; x_wconf 82' lang='lat' dir='ltr'>sertim</span> <span class='ocrx_word' id='word_1_401' title='bbox 387 2920 483 2951; x_wconf 86' lang='lat' dir='ltr'>quum</span> <span class='ocrx_word' id='word_1_402' title='bbox 508 2907 624 2939; x_wconf 87' lang='lat' dir='ltr'>Cicero</span> <span class='ocrx_word' id='word_1_403' title='bbox 654 2907 724 2938; x_wconf 88' lang='lat' dir='ltr'>aliis</span> <span class='ocrx_word' id='word_1_404' title='bbox 758 2919 887 2949; x_wconf 75' lang='lat' dir='ltr'>quoque</span> <span class='ocrx_word' id='word_1_405' title='bbox 917 2909 998 2940; x_wconf 87' lang='lat' dir='ltr'>locis</span> 
     </span>
     <span class='ocr_line' id='line_1_62' title="bbox 245 2951 998 2994; baseline -0.003 -8"><span class='ocrx_word' id='word_1_406' title='bbox 245 2955 277 2986; x_wconf 90' lang='lat' dir='ltr'>in</span> <span class='ocrx_word' id='word_1_407' title='bbox 304 2954 419 2986; x_wconf 77' lang='lat' dir='ltr'>codem</span> <span class='ocrx_word' id='word_1_408' title='bbox 445 2952 605 2985; x_wconf 75' lang='lat' dir='ltr'>vocabulo</span> <span class='ocrx_word' id='word_1_409' title='bbox 642 2951 782 2983; x_wconf 86' lang='lat' dir='ltr'>sormam</span> <span class='ocrx_word' id='word_1_410' title='bbox 815 2952 998 2994; x_wconf 67' lang='lat' dir='ltr'>variaverit,</span> 
     </span>
    </p>
   </div>
   <div class='ocr_carea' id='block_1_26' title="bbox 939 1357 1770 1392">
    <p class='ocr_par' dir='ltr' id='par_1_29' title="bbox 939 1357 1770 1392">
     <span class='ocr_line' id='line_1_63' title="bbox 939 1357 1770 1392; baseline 0 -3"><span class='ocrx_word' id='word_1_411' title='bbox 939 1357 960 1391; x_wconf 79' lang='grc'>7</span> <span class='ocrx_word' id='word_1_412' title='bbox 986 1359 1062 1390; x_wconf 90' lang='lat' dir='ltr'>Ern.</span> <span class='ocrx_word' id='word_1_413' title='bbox 1084 1358 1140 1392; x_wconf 81' lang='lat' dir='ltr'>Kl.</span> <span class='ocrx_word' id='word_1_414' title='bbox 1154 1360 1210 1390; x_wconf 91' lang='lat' dir='ltr'>Tr.</span> <span class='ocrx_word' id='word_1_415' title='bbox 1226 1370 1251 1390; x_wconf 91' lang='lat' dir='ltr'>c.</span> <span class='ocrx_word' id='word_1_416' title='bbox 1272 1359 1311 1389; x_wconf 89' lang='lat' dir='ltr'>R.</span> <span class='ocrx_word' id='word_1_417' title='bbox 1326 1358 1357 1389; x_wconf 95' lang='lat' dir='ltr'>b.</span> <span class='ocrx_word' id='word_1_418' title='bbox 1373 1366 1405 1389; x_wconf 90' lang='lat' dir='ltr'>et</span> <span class='ocrx_word' id='word_1_419' title='bbox 1427 1358 1478 1389; x_wconf 88' lang='lat' dir='ltr'>ed.</span> <span class='ocrx_word' id='word_1_420' title='bbox 1493 1365 1557 1389; x_wconf 78' lang='lat' dir='ltr'>vet.</span> <span class='ocrx_word' id='word_1_421' title='bbox 1572 1359 1676 1390; x_wconf 90' lang='lat' dir='ltr'>Bouh.</span> <span class='ocrx_word' id='word_1_422' title='bbox 1699 1361 1770 1391; x_wconf 74' lang='lat' dir='ltr'>sint.</span> 
     </span>
    </p>
   </div>
   <div class='ocr_carea' id='block_1_27' title="bbox 1011 1434 1788 2995">
    <p class='ocr_par' dir='ltr' id='par_1_30' title="bbox 1011 1434 1774 1747">
     <span class='ocr_line' id='line_1_64' title="bbox 1012 1434 1769 1473; baseline -0.001 -6"><span class='ocrx_word' id='word_1_423' title='bbox 1012 1443 1047 1467; x_wconf 90' lang='lat' dir='ltr'>ut</span> <span class='ocrx_word' id='word_1_424' title='bbox 1060 1438 1175 1469; x_wconf 83' lang='lat' dir='ltr'>Nesida</span> <span class='ocrx_word' id='word_1_425' title='bbox 1190 1439 1256 1467; x_wconf 87' lang='lat' dir='ltr'>Att.</span> <span class='ocrx_word' id='word_1_426' title='bbox 1271 1437 1363 1469; x_wconf 79' lang='lat' dir='ltr'>XVI.</span> <span class='ocrx_word' id='word_1_427' title='bbox 1385 1434 1417 1473; x_wconf 78' lang='lat'>4,</span> <span class='ocrx_word' id='word_1_428' title='bbox 1438 1434 1469 1468; x_wconf 69' lang='lat'>4.</span> <span class='ocrx_word' id='word_1_429' title='bbox 1492 1443 1524 1467; x_wconf 81' lang='lat' dir='ltr'>et</span> <span class='ocrx_word' id='word_1_430' title='bbox 1536 1438 1677 1468; x_wconf 79' lang='lat' dir='ltr'>Nesidem</span> <span class='ocrx_word' id='word_1_431' title='bbox 1689 1435 1769 1467; x_wconf 87' lang='lat' dir='ltr'>ibid.</span> 
     </span>
     <span class='ocr_line' id='line_1_65' title="bbox 1015 1479 1772 1520; baseline -0.001 -7"><span class='ocrx_word' id='word_1_432' title='bbox 1015 1481 1051 1519; x_wconf 90' lang='lat'>1,</span> <span class='ocrx_word' id='word_1_433' title='bbox 1080 1483 1116 1518; x_wconf 87' lang='lat'>1;</span> <span class='ocrx_word' id='word_1_434' title='bbox 1154 1483 1324 1520; x_wconf 73' lang='lat' dir='ltr'>tyrannida</span> <span class='ocrx_word' id='word_1_435' title='bbox 1346 1482 1440 1512; x_wconf 88' lang='lat' dir='ltr'>XIV.</span> <span class='ocrx_word' id='word_1_436' title='bbox 1469 1479 1527 1517; x_wconf 76' lang='lat'>14,</span> <span class='ocrx_word' id='word_1_437' title='bbox 1552 1483 1582 1512; x_wconf 55' lang='grc' dir='ltr'>ζ).</span> <span class='ocrx_word' id='word_1_438' title='bbox 1608 1487 1639 1510; x_wconf 81' lang='lat' dir='ltr'>et</span> <span class='ocrx_word' id='word_1_439' title='bbox 1665 1484 1772 1519; x_wconf 75' lang='lat' dir='ltr'>tyran-</span> 
     </span>
     <span class='ocr_line' id='line_1_66' title="bbox 1011 1525 1774 1562; baseline -0.001 -5"><span class='ocrx_word' id='word_1_440' title='bbox 1011 1528 1115 1557; x_wconf 78' lang='lat' dir='ltr'>nidem</span> <span class='ocrx_word' id='word_1_441' title='bbox 1140 1525 1203 1556; x_wconf 84' lang='lat' dir='ltr'>Off.</span> <span class='ocrx_word' id='word_1_442' title='bbox 1226 1527 1283 1557; x_wconf 84' lang='lat' dir='ltr'>Ill.</span> <span class='ocrx_word' id='word_1_443' title='bbox 1306 1525 1369 1562; x_wconf 65' lang='lat'>23,</span> <span class='ocrx_word' id='word_1_444' title='bbox 1391 1526 1444 1558; x_wconf 67' lang='lat'>90.</span> <span class='ocrx_word' id='word_1_445' title='bbox 1496 1526 1543 1556; x_wconf 90' lang='lat' dir='ltr'>De</span> <span class='ocrx_word' id='word_1_446' title='bbox 1567 1526 1694 1556; x_wconf 86' lang='lat' dir='ltr'>Graeco</span> <span class='ocrx_word' id='word_1_447' title='bbox 1715 1537 1774 1556; x_wconf 91' lang='lat' dir='ltr'>ac-</span> 
     </span>
     <span class='ocr_line' id='line_1_67' title="bbox 1014 1569 1771 1602; baseline -0.003 0"><span class='ocrx_word' id='word_1_448' title='bbox 1014 1571 1160 1602; x_wconf 86' lang='lat' dir='ltr'>cusativo</span> <span class='ocrx_word' id='word_1_449' title='bbox 1184 1582 1213 1602; x_wconf 87' lang='lat' dir='ltr'>v.</span> <span class='ocrx_word' id='word_1_450' title='bbox 1238 1572 1271 1602; x_wconf 87' lang='lat' dir='ltr'>C.</span> <span class='ocrx_word' id='word_1_451' title='bbox 1285 1573 1320 1601; x_wconf 90' lang='lat' dir='ltr'>L.</span> <span class='ocrx_word' id='word_1_452' title='bbox 1342 1572 1517 1602; x_wconf 83' lang='lat' dir='ltr'>Schneider.</span> <span class='ocrx_word' id='word_1_453' title='bbox 1543 1569 1710 1601; x_wconf 82' lang='lat' dir='ltr'>Ausfuhrl.</span> <span class='ocrx_word' id='word_1_454' title='bbox 1732 1570 1771 1601; x_wconf 92' lang='lat' dir='ltr'>L.</span> 
     </span>
     <span class='ocr_line' id='line_1_68' title="bbox 1016 1614 1772 1657; baseline -0.003 -10"><span class='ocrx_word' id='word_1_455' title='bbox 1016 1617 1071 1647; x_wconf 91' lang='lat' dir='ltr'>Gr.</span> <span class='ocrx_word' id='word_1_456' title='bbox 1092 1617 1131 1653; x_wconf 87' lang='lat' dir='ltr'>ll,</span> <span class='ocrx_word' id='word_1_457' title='bbox 1158 1615 1183 1647; x_wconf 91' lang='lat' dir='ltr'>l.</span> <span class='ocrx_word' id='word_1_458' title='bbox 1209 1627 1240 1657; x_wconf 92' lang='lat' dir='ltr'>p.</span> <span class='ocrx_word' id='word_1_459' title='bbox 1253 1614 1313 1646; x_wconf 61' lang='lat'>&#39;291</span> <span class='ocrx_word' id='word_1_460' title='bbox 1330 1627 1378 1657; x_wconf 90' lang='lat' dir='ltr'>sq.</span> <span class='ocrx_word' id='word_1_461' title='bbox 1429 1617 1615 1655; x_wconf 68' lang='lat' dir='ltr'>Wesenberg.</span> <span class='ocrx_word' id='word_1_462' title='bbox 1639 1616 1710 1646; x_wconf 84' lang='lat' dir='ltr'>Em.</span> <span class='ocrx_word' id='word_1_463' title='bbox 1731 1615 1772 1645; x_wconf 90' lang='lat' dir='ltr'>Il.</span> 
     </span>
     <span class='ocr_line' id='line_1_69' title="bbox 1013 1660 1773 1703; baseline -0.003 -11"><span class='ocrx_word' id='word_1_464' title='bbox 1013 1673 1045 1703; x_wconf 88' lang='lat' dir='ltr'>p.</span> <span class='ocrx_word' id='word_1_465' title='bbox 1060 1661 1102 1692; x_wconf 71' lang='lat'>53</span> <span class='ocrx_word' id='word_1_466' title='bbox 1115 1671 1186 1702; x_wconf 80' lang='lat' dir='ltr'>sqq.</span> <span class='ocrx_word' id='word_1_467' title='bbox 1222 1661 1406 1691; x_wconf 81' lang='lat' dir='ltr'>Ramshorn.</span> <span class='ocrx_word' id='word_1_468' title='bbox 1433 1660 1470 1690; x_wconf 90' lang='lat' dir='ltr'>L.</span> <span class='ocrx_word' id='word_1_469' title='bbox 1486 1660 1542 1690; x_wconf 85' lang='lat' dir='ltr'>Gr.</span> <span class='ocrx_word' id='word_1_470' title='bbox 1565 1662 1591 1703; x_wconf 54' lang='grc' dir='ltr'>ᾗ.</span> <span class='ocrx_word' id='word_1_471' title='bbox 1608 1660 1660 1691; x_wconf 52' lang='grc' dir='ltr'>’.ὓ-Ἀ</span> <span class='ocrx_word' id='word_1_472' title='bbox 1685 1661 1773 1691; x_wconf 68' lang='lat' dir='ltr'>Kich-</span> 
     </span>
     <span class='ocr_line' id='line_1_70' title="bbox 1013 1704 1429 1747; baseline -0.005 -10"><span class='ocrx_word' id='word_1_473' title='bbox 1013 1715 1077 1737; x_wconf 77' lang='lat' dir='ltr'>ner.</span> <span class='ocrx_word' id='word_1_474' title='bbox 1102 1705 1141 1736; x_wconf 95' lang='lat' dir='ltr'>L.</span> <span class='ocrx_word' id='word_1_475' title='bbox 1169 1705 1225 1735; x_wconf 89' lang='lat' dir='ltr'>Gr.</span> <span class='ocrx_word' id='word_1_476' title='bbox 1254 1706 1280 1747; x_wconf 70' lang='lat'>§.</span> <span class='ocrx_word' id='word_1_477' title='bbox 1297 1706 1358 1742; x_wconf 69' lang='lat'>21,</span> <span class='ocrx_word' id='word_1_478' title='bbox 1381 1704 1429 1745; x_wconf 83' lang='lat' dir='ltr'>d).</span> 
     </span>
    </p>

    <p class='ocr_par' dir='ltr' id='par_1_31' title="bbox 1016 1747 1785 2718">
     <span class='ocr_line' id='line_1_71' title="bbox 1083 1747 1775 1792; baseline -0.004 -10"><span class='ocrx_word' id='word_1_479' title='bbox 1083 1750 1111 1791; x_wconf 64' lang='grc' dir='ltr'>ᾇ.</span> <span class='ocrx_word' id='word_1_480' title='bbox 1128 1748 1200 1781; x_wconf 85' lang='grc'>106.</span> <span class='ocrx_word' id='word_1_481' title='bbox 1225 1751 1301 1780; x_wconf 85' lang='lat' dir='ltr'>Ecce</span> <span class='ocrx_word' id='word_1_482' title='bbox 1317 1752 1398 1780; x_wconf 78' lang='lat' dir='ltr'>alius</span> <span class='ocrx_word' id='word_1_483' title='bbox 1414 1750 1564 1790; x_wconf 70' lang='lat' dir='ltr'>exoritur]</span> <span class='ocrx_word' id='word_1_484' title='bbox 1589 1747 1775 1792; x_wconf 80' lang='lat' dir='ltr'>„Polydori</span> 
     </span>
     <span class='ocr_line' id='line_1_72' title="bbox 1017 1793 1774 1836; baseline -0.003 -11"><span class='ocrx_word' id='word_1_485' title='bbox 1017 1795 1151 1831; x_wconf 82' lang='lat' dir='ltr'>umbra⁷</span> <span class='ocrx_word' id='word_1_486' title='bbox 1178 1805 1274 1835; x_wconf 87' lang='lat' dir='ltr'>quem</span> <span class='ocrx_word' id='word_1_487' title='bbox 1299 1794 1464 1825; x_wconf 87' lang='lat' dir='ltr'>Thracum</span> <span class='ocrx_word' id='word_1_488' title='bbox 1486 1805 1564 1831; x_wconf 87' lang='lat' dir='ltr'>rex,</span> <span class='ocrx_word' id='word_1_489' title='bbox 1595 1793 1774 1836; x_wconf 87' lang='lat' dir='ltr'>Polymne-</span> 
     </span>
     <span class='ocr_line' id='line_1_73' title="bbox 1016 1838 1777 1881; baseline -0.001 -11"><span class='ocrx_word' id='word_1_490' title='bbox 1016 1847 1108 1877; x_wconf 86' lang='lat' dir='ltr'>stor,</span> <span class='ocrx_word' id='word_1_491' title='bbox 1134 1838 1320 1876; x_wconf 72' lang='lat' dir='ltr'>occiderat,</span> <span class='ocrx_word' id='word_1_492' title='bbox 1358 1845 1392 1869; x_wconf 88' lang='lat' dir='ltr'>ut</span> <span class='ocrx_word' id='word_1_493' title='bbox 1414 1850 1494 1870; x_wconf 82' lang='lat' dir='ltr'>auro</span> <span class='ocrx_word' id='word_1_494' title='bbox 1516 1838 1690 1881; x_wconf 81' lang='lat' dir='ltr'>potiretur.</span> <span class='ocrx_word' id='word_1_495' title='bbox 1737 1839 1777 1869; x_wconf 91' lang='lat' dir='ltr'>V.</span> 
     </span>
     <span class='ocr_line' id='line_1_74' title="bbox 1016 1882 1779 1925; baseline -0.003 -11"><span class='ocrx_word' id='word_1_496' title='bbox 1016 1884 1144 1914; x_wconf 89' lang='lat' dir='ltr'>initium</span> <span class='ocrx_word' id='word_1_497' title='bbox 1171 1883 1301 1914; x_wconf 86' lang='lat' dir='ltr'>fabulae</span> <span class='ocrx_word' id='word_1_498' title='bbox 1329 1882 1508 1925; x_wconf 84' lang='lat' dir='ltr'>Euripidis,</span> <span class='ocrx_word' id='word_1_499' title='bbox 1547 1894 1627 1925; x_wconf 81' lang='lat' dir='ltr'>quae</span> <span class='ocrx_word' id='word_1_500' title='bbox 1658 1882 1779 1913; x_wconf 90' lang='lat' dir='ltr'>inscri-</span> 
     </span>
     <span class='ocr_line' id='line_1_75' title="bbox 1017 1924 1778 1970; baseline 0 -11"><span class='ocrx_word' id='word_1_501' title='bbox 1017 1929 1105 1959; x_wconf 84' lang='lat' dir='ltr'>bitur</span> <span class='ocrx_word' id='word_1_502' title='bbox 1126 1927 1272 1959; x_wconf 86' lang='lat' dir='ltr'>Hecuba.</span> <span class='ocrx_word' id='word_1_503' title='bbox 1310 1928 1360 1958; x_wconf 84' lang='lat' dir='ltr'>Cf.</span> <span class='ocrx_word' id='word_1_504' title='bbox 1375 1928 1558 1970; x_wconf 71' lang='lat' dir='ltr'>Virg.Aen.</span> <span class='ocrx_word' id='word_1_505' title='bbox 1582 1928 1635 1958; x_wconf 81' lang='lat' dir='ltr'>Ill.</span> <span class='ocrx_word' id='word_1_506' title='bbox 1649 1924 1692 1958; x_wconf 74' lang='lat'>49</span> <span class='ocrx_word' id='word_1_507' title='bbox 1704 1929 1778 1969; x_wconf 81' lang='lat' dir='ltr'>sq.¹‘</span> 
     </span>
     <span class='ocr_line' id='line_1_76' title="bbox 1020 1971 1778 2013; baseline -0.005 -8"><span class='ocrx_word' id='word_1_508' title='bbox 1020 1975 1157 2005; x_wconf 78' lang='lat' dir='ltr'>Neidius.</span> <span class='ocrx_word' id='word_1_509' title='bbox 1190 1974 1335 2009; x_wconf 70' lang='lat' dir='ltr'>„Verum</span> <span class='ocrx_word' id='word_1_510' title='bbox 1356 1972 1422 2004; x_wconf 92' lang='lat' dir='ltr'>hoc</span> <span class='ocrx_word' id='word_1_511' title='bbox 1442 1983 1509 2003; x_wconf 90' lang='lat' dir='ltr'>non</span> <span class='ocrx_word' id='word_1_512' title='bbox 1533 1971 1683 2013; x_wconf 79' lang='lat' dir='ltr'>congruit</span> <span class='ocrx_word' id='word_1_513' title='bbox 1706 1982 1778 2002; x_wconf 89' lang='lat' dir='ltr'>cum</span> 
     </span>
     <span class='ocr_line' id='line_1_77' title="bbox 1022 2016 1782 2055; baseline -0.001 -7"><span class='ocrx_word' id='word_1_514' title='bbox 1022 2017 1088 2048; x_wconf 88' lang='lat' dir='ltr'>Cic.</span> <span class='ocrx_word' id='word_1_515' title='bbox 1114 2016 1214 2047; x_wconf 84' lang='lat' dir='ltr'>Acad.</span> <span class='ocrx_word' id='word_1_516' title='bbox 1238 2018 1286 2054; x_wconf 92' lang='lat' dir='ltr'>Il,</span> <span class='ocrx_word' id='word_1_517' title='bbox 1306 2017 1368 2049; x_wconf 68' lang='lat'>27:</span> <span class='ocrx_word' id='word_1_518' title='bbox 1405 2018 1515 2055; x_wconf 79' lang='lat' dir='ltr'>Quid?</span> <span class='ocrx_word' id='word_1_519' title='bbox 1549 2019 1648 2048; x_wconf 81' lang='lat' dir='ltr'>Iliona</span> <span class='ocrx_word' id='word_1_520' title='bbox 1674 2026 1782 2047; x_wconf 82' lang='lat' dir='ltr'>somno</span> 
     </span>
     <span class='ocr_line' id='line_1_78' title="bbox 1020 2060 1781 2103; baseline -0.003 -10"><span class='ocrx_word' id='word_1_521' title='bbox 1020 2064 1095 2100; x_wconf 82' lang='lat' dir='ltr'>illo,</span> <span class='ocrx_word' id='word_1_522' title='bbox 1119 2062 1227 2091; x_wconf 83' lang='lat' dir='ltr'>Mater</span> <span class='ocrx_word' id='word_1_523' title='bbox 1254 2067 1288 2091; x_wconf 84' lang='lat' dir='ltr'>te</span> <span class='ocrx_word' id='word_1_524' title='bbox 1312 2060 1466 2103; x_wconf 82' lang='lat' dir='ltr'>appello,</span> <span class='ocrx_word' id='word_1_525' title='bbox 1489 2071 1588 2092; x_wconf 80' lang='lat' dir='ltr'>nonne</span> <span class='ocrx_word' id='word_1_526' title='bbox 1608 2063 1664 2092; x_wconf 81' lang='lat' dir='ltr'>illa</span> <span class='ocrx_word' id='word_1_527' title='bbox 1685 2062 1781 2092; x_wconf 77' lang='lat' dir='ltr'>credit</span> 
     </span>
     <span class='ocr_line' id='line_1_79' title="bbox 1022 2105 1781 2148; baseline 0 -12"><span class='ocrx_word' id='word_1_528' title='bbox 1022 2108 1121 2145; x_wconf 82' lang='lat' dir='ltr'>filiurn</span> <span class='ocrx_word' id='word_1_529' title='bbox 1152 2108 1310 2144; x_wconf 75' lang='lat' dir='ltr'>loquutum</span> <span class='ocrx_word' id='word_1_530' title='bbox 1335 2111 1432 2138; x_wconf 85' lang='lat' dir='ltr'>cett.:</span> <span class='ocrx_word' id='word_1_531' title='bbox 1470 2117 1532 2148; x_wconf 81' lang='lat' dir='ltr'>qua</span> <span class='ocrx_word' id='word_1_532' title='bbox 1554 2117 1589 2136; x_wconf 92' lang='lat' dir='ltr'>re</span> <span class='ocrx_word' id='word_1_533' title='bbox 1613 2105 1647 2136; x_wconf 88' lang='lat' dir='ltr'>hi</span> <span class='ocrx_word' id='word_1_534' title='bbox 1671 2116 1781 2136; x_wconf 88' lang='lat' dir='ltr'>versus</span> 
     </span>
     <span class='ocr_line' id='line_1_80' title="bbox 1024 2149 1781 2191; baseline 0 -10"><span class='ocrx_word' id='word_1_535' title='bbox 1024 2162 1041 2181; x_wconf 83' lang='lat' dir='ltr'>e</span> <span class='ocrx_word' id='word_1_536' title='bbox 1066 2149 1196 2180; x_wconf 82' lang='lat' dir='ltr'>Pacuvii</span> <span class='ocrx_word' id='word_1_537' title='bbox 1229 2151 1327 2180; x_wconf 79' lang='lat' dir='ltr'>Iliona</span> <span class='ocrx_word' id='word_1_538' title='bbox 1359 2150 1480 2191; x_wconf 85' lang='lat' dir='ltr'>sumpti</span> <span class='ocrx_word' id='word_1_539' title='bbox 1505 2156 1591 2181; x_wconf 73' lang='lat' dir='ltr'>sunt.</span> <span class='ocrx_word' id='word_1_540' title='bbox 1639 2152 1781 2182; x_wconf 79' lang='lat' dir='ltr'>Goerenz.</span> 
     </span>
     <span class='ocr_line' id='line_1_81' title="bbox 1024 2193 1782 2235; baseline -0.001 -10"><span class='ocrx_word' id='word_1_541' title='bbox 1024 2194 1065 2225; x_wconf 86' lang='lat' dir='ltr'>ad</span> <span class='ocrx_word' id='word_1_542' title='bbox 1093 2193 1191 2224; x_wconf 87' lang='lat' dir='ltr'>Acad.</span> <span class='ocrx_word' id='word_1_543' title='bbox 1217 2193 1237 2224; x_wconf 90' lang='lat' dir='ltr'>l.</span> <span class='ocrx_word' id='word_1_544' title='bbox 1254 2193 1285 2223; x_wconf 85' lang='lat' dir='ltr'>d.</span> <span class='ocrx_word' id='word_1_545' title='bbox 1307 2193 1441 2231; x_wconf 86' lang='lat' dir='ltr'>statuit,</span> <span class='ocrx_word' id='word_1_546' title='bbox 1468 2193 1668 2235; x_wconf 85' lang='lat' dir='ltr'>Polydorum</span> <span class='ocrx_word' id='word_1_547' title='bbox 1691 2205 1782 2224; x_wconf 88' lang='lat' dir='ltr'>suam</span> 
     </span>
     <span class='ocr_line' id='line_1_82' title="bbox 1025 2237 1782 2280; baseline 0 -11"><span class='ocrx_word' id='word_1_548' title='bbox 1025 2249 1174 2269; x_wconf 88' lang='lat' dir='ltr'>sororem</span> <span class='ocrx_word' id='word_1_549' title='bbox 1196 2237 1331 2269; x_wconf 82' lang='lat' dir='ltr'>Ilionam</span> <span class='ocrx_word' id='word_1_550' title='bbox 1354 2242 1484 2269; x_wconf 77' lang='lat' dir='ltr'>matrem</span> <span class='ocrx_word' id='word_1_551' title='bbox 1508 2238 1684 2280; x_wconf 79' lang='lat' dir='ltr'>appellare,</span> <span class='ocrx_word' id='word_1_552' title='bbox 1708 2238 1782 2280; x_wconf 87' lang='lat' dir='ltr'>quia</span> 
     </span>
     <span class='ocr_line' id='line_1_83' title="bbox 1027 2282 1782 2319; baseline 0.001 -6"><span class='ocrx_word' id='word_1_553' title='bbox 1027 2283 1067 2314; x_wconf 84' lang='lat' dir='ltr'>ab</span> <span class='ocrx_word' id='word_1_554' title='bbox 1091 2294 1126 2313; x_wconf 85' lang='lat' dir='ltr'>ea</span> <span class='ocrx_word' id='word_1_555' title='bbox 1152 2282 1307 2313; x_wconf 84' lang='lat' dir='ltr'>educatus</span> <span class='ocrx_word' id='word_1_556' title='bbox 1329 2282 1392 2319; x_wconf 72' lang='lat' dir='ltr'>sit,</span> <span class='ocrx_word' id='word_1_557' title='bbox 1428 2283 1506 2313; x_wconf 86' lang='lat' dir='ltr'>satis</span> <span class='ocrx_word' id='word_1_558' title='bbox 1530 2282 1622 2313; x_wconf 80' lang='lat' dir='ltr'>mire!</span> <span class='ocrx_word' id='word_1_559' title='bbox 1676 2283 1782 2314; x_wconf 83' lang='lat' dir='ltr'>Multo</span> 
     </span>
     <span class='ocr_line' id='line_1_84' title="bbox 1026 2327 1785 2360; baseline -0.001 0"><span class='ocrx_word' id='word_1_560' title='bbox 1026 2327 1146 2360; x_wconf 85' lang='lat' dir='ltr'>rectius</span> <span class='ocrx_word' id='word_1_561' title='bbox 1170 2339 1240 2359; x_wconf 86' lang='lat' dir='ltr'>cum</span> <span class='ocrx_word' id='word_1_562' title='bbox 1259 2329 1421 2359; x_wconf 79' lang='lat' dir='ltr'>Bouhierio</span> <span class='ocrx_word' id='word_1_563' title='bbox 1434 2327 1476 2358; x_wconf 89' lang='lat' dir='ltr'>ad</span> <span class='ocrx_word' id='word_1_564' title='bbox 1497 2327 1529 2358; x_wconf 90' lang='lat' dir='ltr'>h.</span> <span class='ocrx_word' id='word_1_565' title='bbox 1543 2327 1563 2357; x_wconf 92' lang='lat' dir='ltr'>l.</span> <span class='ocrx_word' id='word_1_566' title='bbox 1586 2334 1619 2358; x_wconf 90' lang='lat' dir='ltr'>et</span> <span class='ocrx_word' id='word_1_567' title='bbox 1634 2329 1785 2359; x_wconf 82' lang='lat' dir='ltr'>Heindor-</span> 
     </span>
     <span class='ocr_line' id='line_1_85' title="bbox 1028 2371 1784 2414; baseline -0.003 -10"><span class='ocrx_word' id='word_1_568' title='bbox 1028 2375 1068 2414; x_wconf 80' lang='lat' dir='ltr'>fio</span> <span class='ocrx_word' id='word_1_569' title='bbox 1090 2372 1132 2403; x_wconf 86' lang='lat' dir='ltr'>ad</span> <span class='ocrx_word' id='word_1_570' title='bbox 1154 2373 1234 2403; x_wconf 89' lang='lat' dir='ltr'>Hor.</span> <span class='ocrx_word' id='word_1_571' title='bbox 1251 2373 1317 2403; x_wconf 92' lang='lat' dir='ltr'>Sat.</span> <span class='ocrx_word' id='word_1_572' title='bbox 1342 2373 1382 2403; x_wconf 83' lang='lat' dir='ltr'>H.</span> <span class='ocrx_word' id='word_1_573' title='bbox 1405 2371 1436 2410; x_wconf 86' lang='lat'>3,</span> <span class='ocrx_word' id='word_1_574' title='bbox 1457 2371 1510 2404; x_wconf 84' lang='grc'>60.</span> <span class='ocrx_word' id='word_1_575' title='bbox 1535 2371 1679 2414; x_wconf 88' lang='lat' dir='ltr'>ponitur,</span> <span class='ocrx_word' id='word_1_576' title='bbox 1705 2383 1784 2414; x_wconf 88' lang='lat' dir='ltr'>per—</span> 
     </span>
     <span class='ocr_line' id='line_1_86' title="bbox 1029 2416 1784 2459; baseline -0.001 -11"><span class='ocrx_word' id='word_1_577' title='bbox 1029 2429 1140 2448; x_wconf 81' lang='lat' dir='ltr'>sonam</span> <span class='ocrx_word' id='word_1_578' title='bbox 1175 2416 1229 2448; x_wconf 89' lang='lat' dir='ltr'>hic</span> <span class='ocrx_word' id='word_1_579' title='bbox 1263 2416 1450 2459; x_wconf 83' lang='lat' dir='ltr'>loquentem</span> <span class='ocrx_word' id='word_1_580' title='bbox 1484 2428 1553 2447; x_wconf 89' lang='lat' dir='ltr'>esse</span> <span class='ocrx_word' id='word_1_581' title='bbox 1585 2416 1784 2458; x_wconf 89' lang='lat' dir='ltr'>Deiphilum‚</span> 
     </span>
     <span class='ocr_line' id='line_1_87' title="bbox 1032 2461 1784 2504; baseline -0.001 -11"><span class='ocrx_word' id='word_1_582' title='bbox 1032 2463 1153 2494; x_wconf 82' lang='lat' dir='ltr'>Ilionae</span> <span class='ocrx_word' id='word_1_583' title='bbox 1178 2461 1296 2499; x_wconf 80' lang='lat' dir='ltr'>filium,</span> <span class='ocrx_word' id='word_1_584' title='bbox 1324 2461 1560 2504; x_wconf 86' lang='lat' dir='ltr'>Pacuviumque</span> <span class='ocrx_word' id='word_1_585' title='bbox 1586 2472 1719 2503; x_wconf 88' lang='lat' dir='ltr'>prorsus</span> <span class='ocrx_word' id='word_1_586' title='bbox 1744 2461 1784 2492; x_wconf 91' lang='lat' dir='ltr'>ab</span> 
     </span>
     <span class='ocr_line' id='line_1_88' title="bbox 1030 2506 1785 2549; baseline -0.003 -11"><span class='ocrx_word' id='word_1_587' title='bbox 1030 2506 1185 2549; x_wconf 74' lang='lat' dir='ltr'>Euripide</span> <span class='ocrx_word' id='word_1_588' title='bbox 1200 2506 1375 2537; x_wconf 88' lang='lat' dir='ltr'>abeuntem</span> <span class='ocrx_word' id='word_1_589' title='bbox 1394 2517 1464 2536; x_wconf 91' lang='lat' dir='ltr'>eam</span> <span class='ocrx_word' id='word_1_590' title='bbox 1487 2506 1630 2536; x_wconf 82' lang='lat' dir='ltr'>fabulam</span> <span class='ocrx_word' id='word_1_591' title='bbox 1648 2512 1785 2536; x_wconf 87' lang='lat' dir='ltr'>tractas·</span> 
     </span>
     <span class='ocr_line' id='line_1_89' title="bbox 1029 2549 1784 2594; baseline -0.005 -11"><span class='ocrx_word' id='word_1_592' title='bbox 1029 2564 1082 2587; x_wconf 81' lang='lat' dir='ltr'>se,</span> <span class='ocrx_word' id='word_1_593' title='bbox 1111 2563 1206 2594; x_wconf 85' lang='lat' dir='ltr'>quam</span> <span class='ocrx_word' id='word_1_594' title='bbox 1231 2551 1377 2593; x_wconf 76' lang='lat' dir='ltr'>Hyginus</span> <span class='ocrx_word' id='word_1_595' title='bbox 1402 2550 1479 2581; x_wconf 79' lang='lat' dir='ltr'>Fab.</span> <span class='ocrx_word' id='word_1_596' title='bbox 1506 2550 1575 2581; x_wconf 57' lang='lat'>108³.</span> <span class='ocrx_word' id='word_1_597' title='bbox 1605 2549 1784 2580; x_wconf 84' lang='lat' dir='ltr'>narravit.“</span> 
     </span>
     <span class='ocr_line' id='line_1_90' title="bbox 1031 2593 1785 2629; baseline -0.005 -1"><span class='ocrx_word' id='word_1_598' title='bbox 1031 2599 1171 2629; x_wconf 79' lang='lat' dir='ltr'>Orellius.</span> <span class='ocrx_word' id='word_1_599' title='bbox 1223 2597 1268 2626; x_wconf 89' lang='lat' dir='ltr'>De</span> <span class='ocrx_word' id='word_1_600' title='bbox 1291 2594 1448 2626; x_wconf 85' lang='lat' dir='ltr'>orationis</span> <span class='ocrx_word' id='word_1_601' title='bbox 1469 2594 1577 2625; x_wconf 83' lang='lat' dir='ltr'>forma</span> <span class='ocrx_word' id='word_1_602' title='bbox 1594 2595 1733 2625; x_wconf 80' lang='lat' dir='ltr'>Menkius</span> <span class='ocrx_word' id='word_1_603' title='bbox 1752 2593 1785 2624; x_wconf 88' lang='lat' dir='ltr'>in</span> 
     </span>
     <span class='ocr_line' id='line_1_91' title="bbox 1031 2636 1782 2681; baseline -0.008 -8"><span class='ocrx_word' id='word_1_604' title='bbox 1031 2642 1186 2673; x_wconf 84' lang='lat' dir='ltr'>Observv.</span> <span class='ocrx_word' id='word_1_605' title='bbox 1213 2639 1301 2671; x_wconf 90' lang='lat' dir='ltr'>ined.</span> <span class='ocrx_word' id='word_1_606' title='bbox 1327 2650 1433 2681; x_wconf 87' lang='lat' dir='ltr'>comp.</span> <span class='ocrx_word' id='word_1_607' title='bbox 1449 2638 1488 2669; x_wconf 92' lang='lat' dir='ltr'>de</span> <span class='ocrx_word' id='word_1_608' title='bbox 1511 2641 1563 2669; x_wconf 91' lang='lat' dir='ltr'>Or.</span> <span class='ocrx_word' id='word_1_609' title='bbox 1592 2639 1631 2668; x_wconf 89' lang='grc' dir='ltr'>ΙΙ.</span> <span class='ocrx_word' id='word_1_610' title='bbox 1653 2636 1782 2677; x_wconf 65' lang='grc'>22,94.·</span> 
     </span>
     <span class='ocr_line' id='line_1_92' title="bbox 1030 2684 1593 2718; baseline -0.011 0"><span class='ocrx_word' id='word_1_611' title='bbox 1030 2689 1105 2718; x_wconf 84' lang='lat' dir='ltr'>Ecce</span> <span class='ocrx_word' id='word_1_612' title='bbox 1129 2686 1187 2716; x_wconf 83' lang='lat' dir='ltr'>tibi</span> <span class='ocrx_word' id='word_1_613' title='bbox 1212 2689 1334 2717; x_wconf 74' lang='lat' dir='ltr'>exortus</span> <span class='ocrx_word' id='word_1_614' title='bbox 1357 2687 1399 2715; x_wconf 74' lang='lat' dir='ltr'>est</span> <span class='ocrx_word' id='word_1_615' title='bbox 1423 2684 1593 2714; x_wconf 77' lang='lat' dir='ltr'>Isocrates,</span> 
     </span>
    </p>

    <p class='ocr_par' dir='ltr' id='par_1_32' title="bbox 1031 2726 1786 2859">
     <span class='ocr_line' id='line_1_93' title="bbox 1098 2726 1786 2771; baseline -0.007 -9"><span class='ocrx_word' id='word_1_616' title='bbox 1098 2732 1209 2771; x_wconf 71' lang='lat' dir='ltr'>Mater]</span> <span class='ocrx_word' id='word_1_617' title='bbox 1237 2732 1318 2760; x_wconf 88' lang='lat' dir='ltr'>Sunt</span> <span class='ocrx_word' id='word_1_618' title='bbox 1342 2727 1522 2759; x_wconf 84' lang='lat' dir='ltr'>tetrametri</span> <span class='ocrx_word' id='word_1_619' title='bbox 1546 2726 1704 2758; x_wconf 84' lang='lat' dir='ltr'>trochaici</span> <span class='ocrx_word' id='word_1_620' title='bbox 1728 2738 1786 2758; x_wconf 87' lang='lat' dir='ltr'>ca-</span> 
     </span>
     <span class='ocr_line' id='line_1_94' title="bbox 1031 2771 1786 2814; baseline -0.008 -7"><span class='ocrx_word' id='word_1_621' title='bbox 1031 2775 1187 2807; x_wconf 85' lang='lat' dir='ltr'>talectici.</span> <span class='ocrx_word' id='word_1_622' title='bbox 1236 2772 1450 2804; x_wconf 86' lang='lat' dir='ltr'>Posteriorem</span> <span class='ocrx_word' id='word_1_623' title='bbox 1482 2783 1609 2803; x_wconf 86' lang='lat' dir='ltr'>versum</span> <span class='ocrx_word' id='word_1_624' title='bbox 1642 2771 1786 2814; x_wconf 86' lang='lat' dir='ltr'>complet</span> 
     </span>
     <span class='ocr_line' id='line_1_95' title="bbox 1033 2816 1694 2859; baseline -0.009 -7"><span class='ocrx_word' id='word_1_625' title='bbox 1033 2820 1148 2852; x_wconf 90' lang='lat' dir='ltr'>vocula</span> <span class='ocrx_word' id='word_1_626' title='bbox 1169 2821 1269 2859; x_wconf 83' lang='lat' dir='ltr'>prius,</span> <span class='ocrx_word' id='word_1_627' title='bbox 1299 2829 1379 2859; x_wconf 79' lang='lat' dir='ltr'>quae</span> <span class='ocrx_word' id='word_1_628' title='bbox 1403 2816 1515 2848; x_wconf 78' lang='lat' dir='ltr'>statim</span> <span class='ocrx_word' id='word_1_629' title='bbox 1538 2816 1694 2858; x_wconf 84' lang='lat' dir='ltr'>sequitur.</span> 
     </span>
    </p>

    <p class='ocr_par' dir='ltr' id='par_1_33' title="bbox 1032 2861 1788 2995">
     <span class='ocr_line' id='line_1_96' title="bbox 1099 2861 1788 2905; baseline -0.006 -10"><span class='ocrx_word' id='word_1_630' title='bbox 1099 2874 1178 2905; x_wconf 79' lang='lat' dir='ltr'>quae</span> <span class='ocrx_word' id='word_1_631' title='bbox 1209 2872 1317 2895; x_wconf 83' lang='lat' dir='ltr'>curam</span> <span class='ocrx_word' id='word_1_632' title='bbox 1342 2880 1385 2885; x_wconf 97' lang='lat'><strong>—</strong></span> <span class='ocrx_word' id='word_1_633' title='bbox 1410 2861 1508 2904; x_wconf 80' lang='lat' dir='ltr'>levas]</span> <span class='ocrx_word' id='word_1_634' title='bbox 1546 2862 1588 2892; x_wconf 90' lang='lat' dir='ltr'>H.</span> <span class='ocrx_word' id='word_1_635' title='bbox 1614 2873 1640 2891; x_wconf 85' lang='lat' dir='ltr'>e..</span> <span class='ocrx_word' id='word_1_636' title='bbox 1678 2872 1788 2892; x_wconf 88' lang='lat' dir='ltr'>curam</span> 
     </span>
     <span class='ocr_line' id='line_1_97' title="bbox 1032 2905 1786 2949; baseline -0.007 -8"><span class='ocrx_word' id='word_1_637' title='bbox 1032 2921 1149 2941; x_wconf 89' lang='lat' dir='ltr'>somno</span> <span class='ocrx_word' id='word_1_638' title='bbox 1171 2906 1352 2949; x_wconf 79' lang='lat' dir='ltr'>suspendis,</span> <span class='ocrx_word' id='word_1_639' title='bbox 1377 2906 1408 2937; x_wconf 89' lang='lat' dir='ltr'>h.</span> <span class='ocrx_word' id='word_1_640' title='bbox 1432 2917 1460 2937; x_wconf 90' lang='lat' dir='ltr'>e.</span> <span class='ocrx_word' id='word_1_641' title='bbox 1483 2916 1599 2937; x_wconf 89' lang='lat' dir='ltr'>somno</span> <span class='ocrx_word' id='word_1_642' title='bbox 1619 2905 1786 2937; x_wconf 89' lang='lat' dir='ltr'>intermit-</span> 
     </span>
     <span class='ocr_line' id='line_1_98' title="bbox 1033 2949 1787 2995; baseline -0.005 -10"><span class='ocrx_word' id='word_1_643' title='bbox 1033 2954 1075 2985; x_wconf 76' lang='lat' dir='ltr'>tis</span> <span class='ocrx_word' id='word_1_644' title='bbox 1096 2953 1148 2985; x_wconf 92' lang='lat' dir='ltr'>vel</span> <span class='ocrx_word' id='word_1_645' title='bbox 1172 2950 1346 2995; x_wconf 85' lang='lat' dir='ltr'>supprimis</span> <span class='ocrx_word' id='word_1_646' title='bbox 1368 2958 1401 2982; x_wconf 88' lang='lat' dir='ltr'>et</span> <span class='ocrx_word' id='word_1_647' title='bbox 1423 2950 1523 2982; x_wconf 88' lang='lat' dir='ltr'>levas.</span> <span class='ocrx_word' id='word_1_648' title='bbox 1562 2950 1661 2994; x_wconf 82' lang='lat' dir='ltr'>Sequi</span> <span class='ocrx_word' id='word_1_649' title='bbox 1683 2949 1787 2982; x_wconf 85' lang='lat' dir='ltr'>debe-</span> 
     </span>
    </p>
   </div>
  </div>
 </body>
</html>
