1863 3221
205 96 288 139 428

204 193 272 226 51.
307 183 397 238 Quo
420 185 506 225 loco
528 196 696 237 quaem,
729 194 842 234 quam
866 180 944 221 vim
963 179 1104 220 habeat
1129 180 1227 220 libra
1248 180 1313 221 illa
1333 179 1523 233 Critolai,
1556 183 1619 237 qui
1646 197 1762 238 quum

752 103 918 146 Licea
942 103 982 135 v.
1014 100 1071 141 18,
1097 103 1151 135 51.
1174 103 1228 136 52.

204 260 242 299 in
267 259 428 298 alteram
460 257 610 296 lancem
644 253 761 294 animi
793 252 896 293 bona
928 253 1123 306 imponat,
1168 252 1207 292 in
1238 253 1398 294 alteram
1426 256 1601 309 corporis
1631 262 1671 296 et
1692 269 1763 296 ex-

204 339 336 380 terna,
381 335 528 369 tantum
558 326 798 382 propendere
825 325 931 366 illam
955 326 1137 365 lancem4
1167 332 1297 379 putet,
1338 334 1380 367 ut
1405 334 1549 368 terram
1576 335 1615 368 et
1641 328 1763 368 maria

204 403 406 457 deprimat.

313 471 476 514 XVIII.
540 470 654 525 Quid‘
670 485 763 525 ergo
791 477 858 511 aut
885 470 986 511 hunc
1014 470 1216 525 prohibet,
1257 478 1323 511 aut
1354 471 1470 512 etiam
1493 470 1761 512 Xenocratem

202 548 329 596 illum,
363 545 636 600 gravissimum
660 543 995 599 philosophorum,
1038 550 1346 597 exaggerantem
1370 551 1475 584 tanto
1503 559 1620 598 opere
1640 545 1763 586 virtu-

202 627 276 659 tem
291 650 301 669 ,
334 625 613 659 extenuantem
635 624 766 657 cetera
789 624 827 657 et
846 616 1091 656 abiicientem
1105 646 1117 667 ,
1150 616 1188 655 in
1210 615 1354 656 virtute
1375 631 1451 656 non
1473 617 1627 658 beatam
1647 619 1762 658 modo

201 694 341 743 vitam,
375 692 443 732 sed
471 691 587 732 etiam
614 690 877 730 beatissimam
905 690 1077 744 ponere?
1109 690 1208 743 quod
1237 689 1389 743 quidem
1415 690 1490 730 nisi
1515 691 1607 741 fitl,
1640 691 1764 732 virtu-

201 773 280 805 tum
311 765 490 805 interitus
522 771 799 817 consequetur.
861 769 930 803 52.
962 761 1067 802 Nam
1099 762 1139 802 in
1171 776 1284 816 quem
1321 763 1423 802 cadit
1447 763 1675 817 aegritudo,
1720 763 1761 804 in

201 838 364 878 eundem
388 844 531 878 metum
554 837 693 876 cadere
720 849 882 876 necesse
902 843 984 885 est,
1018 842 1079 875 est
1101 835 1202 874 enim
1222 842 1347 876 metus
1373 836 1523 876 futurae
1548 836 1760 890 aegritudi-

202 911 261 951 nis
283 910 448 950 sollicita
472 909 739 964 exspectatio,
774 908 814 948 in
836 922 949 961 quem
971 914 1101 947 autem
1125 914 1276 959 metus,
1314 908 1352 948 in
1386 909 1551 949 eundem
1576 910 1756 960 formido,

201 983 406 1034 timiditas,
440 996 583 1036 pavor,
616 980 800 1035 ignavia:
835 995 927 1034 ergo
951 987 1001 1031 nt,
1017 980 1116 1020 idem
1138 982 1320 1021 vincatur
1343 981 1536 1021 interdum
1552 984 1571 1007 2
1600 995 1671 1022 nec
1695 996 1763 1036 pu-

202 1063 255 1096 tet
285 1056 332 1095 ad
363 1069 406 1096 se
436 1062 685 1110 praeceptum
714 1054 807 1094 illud
837 1040 960 1094 Atrei*
983 1052 1202 1108 pertinere:

290 1170 312 1205 4
336 1185 366 1205 v.
391 1172 478 1204 Adn.
525 1173 652 1204 XVIII.

201 1219 258 1251 Gr.
279 1229 341 1261 pro
364 1218 453 1260 vulg.
476 1220 525 1250 sit.

200 1263 326 1295 addunt
346 1263 489 1305 glossam
513 1272 631 1294 necesse
652 1266 704 1295 est.
751 1263 791 1295 V.
813 1261 899 1293 Adn.

199 1331 318 1362 misera
343 1330 410 1362 vita
434 1342 504 1362 esse
522 1330 689 1370 statuitur,
715 1329 761 1360 ita
778 1328 880 1360 virtus
900 1328 965 1360 dici

200 1382 314 1419 potest
339 1375 473 1407 efficere
497 1374 600 1406 vitam
624 1375 765 1405 beatam.
800 1375 940 1405 Neidius.

271 1433 299 1468 ὁ.
320 1430 373 1462 51.
408 1441 504 1471 quam
527 1433 592 1462 vim
615 1431 740 1470 habeat]
766 1429 809 1460 H.
834 1441 861 1460 e.
887 1428 966 1471 quid

200 1475 371 1518 significet.
421 1477 526 1517 Supra
549 1476 573 1505 I.
594 1474 647 1512 22,
670 1476 732 1506 52:
759 1481 792 1505 et
813 1473 965 1505 nimirum

200 1521 286 1552 hanc
309 1520 409 1551 habet
432 1522 496 1552 vim
522 1525 736 1562 praeceptum
761 1518 933 1560 Apollinis.

265 1579 344 1609 libra
367 1579 421 1608 illa
449 1575 600 1618 Critolai]
638 1575 733 1606 Hanc
763 1574 832 1606 sine
864 1574 963 1606 dubio

200 1621 346 1664 respexit
372 1620 470 1652 etiam
498 1620 568 1651 Fin.
595 1621 634 1650 V.
660 1619 722 1656 30,
745 1618 808 1650 92:
835 1619 964 1651 audebo

200 1667 318 1709 igitur,
367 1676 450 1708 quae
486 1664 665 1696 secundum
700 1670 851 1695 naturam
885 1664 961 1702 sint,

200 1712 288 1743 bona
313 1710 480 1753 appellare
510 1728 565 1746 -,
600 1708 731 1740 virtutis
757 1716 866 1740 autem
890 1721 963 1740 am-

201 1755 398 1799 plitudinem
424 1754 514 1797 quasi
547 1753 578 1784 in
604 1753 707 1784 altera
741 1753 844 1784 librae
868 1754 962 1785 lance

199 1812 334 1843 ponere.
382 1801 540 1837 Terram,
573 1798 650 1829 mihi
678 1797 792 1836 crede,
828 1810 865 1830 ea
886 1799 963 1829 lanx

200 1852 232 1876 et
267 1844 368 1876 maria
404 1844 578 1886 deprimet.
627 1843 678 1874 Cf.
708 1843 748 1874 de
784 1843 847 1874 hac
879 1843 962 1875 libra

198 1893 339 1922 Beierum
364 1889 406 1921 ad
431 1888 527 1920 Offic.
553 1889 610 1929 IlI.
635 1888 676 1927 8,
701 1888 755 1921 35.
780 1899 812 1930 p.
831 1885 907 1920 241.

266 1948 318 1986 qui
342 1956 437 1986 quum
462 1948 494 1977 in
518 1946 665 1985 alteram]
704 1945 961 1986 Exspectamus:

198 1991 230 2022 in
258 1991 346 2022 cuius
370 1991 506 2022 alteram
529 1990 657 2020 lancem
678 2000 777 2031 quum
795 2009 831 2013 -
850 1989 962 2032 impo—

198 2042 328 2066 nantur.
378 2038 421 2066 At
446 2047 476 2065 v.
502 2034 623 2065 Adnot.
651 2034 683 2064 in
710 2035 768 2066 Ill.
794 2031 859 2073 24,
885 2034 937 2067 57.

267 2091 417 2130 externa]
456 2089 553 2120 Rhet.
590 2089 631 2119 ad
667 2090 813 2120 Herenn.
850 2090 892 2126 3,
918 2089 958 2121 6:

198 2135 317 2166 Rerum
343 2141 550 2165 externarum
584 2141 659 2164 sunt
685 2145 742 2171 ea,
779 2145 861 2176 quae
886 2146 960 2165 casu

198 2186 255 2211 aut
273 2179 406 2211 fortuna
424 2178 567 2210 secunda
588 2185 643 2209 aut
659 2178 795 2210 adversa
811 2178 961 2209 accidere

198 2231 358 2267 possunt,
385 2230 419 2255 ut
443 2235 544 2265 genus
561 2248 568 2261 ,
606 2223 778 2260 educatio,
814 2223 959 2262 divitiae,

197 2275 393 2312 potestates,
418 2268 552 2311 gloriae,
581 2268 715 2309 civitas,
741 2267 903 2299 amicitiae
929 2274 960 2299 et

197 2326 281 2357 quae
306 2312 493 2345 huiusmodi
518 2319 612 2350 sunt,
652 2320 685 2344 et
709 2325 746 2344 ea
771 2324 853 2355 quae
884 2319 961 2344 sunt

196 2359 235 2390 iis
261 2358 435 2390 contraria.
490 2358 646 2400 Corporis
680 2364 755 2389 sunt
787 2369 844 2395 ea,
879 2369 961 2400 quae

198 2410 313 2435 natura
348 2404 479 2446 corpori
511 2402 662 2435 attribuit
696 2403 889 2440 commoda,
926 2409 961 2433 ut

199 2448 381 2489 velocitas,
418 2449 520 2487 vires,
547 2447 711 2489 dignitas,
747 2446 902 2479 valetudo
928 2454 960 2478 et

199 2504 282 2535 quae
297 2494 460 2525 contraria
473 2500 560 2524 sunt.
599 2493 707 2524 Animi
720 2499 795 2524 sunt
810 2504 856 2529 ea,
877 2503 960 2534 quae

199 2537 336 2568 consilio
371 2545 404 2567 et
430 2538 633 2580 cogitatione
657 2544 770 2569 nostra
791 2543 957 2576 constant,

199 2588 235 2612 ut
259 2581 447 2624 prudentia,
471 2582 613 2618 institia,
637 2582 816 2621 fortitudo,
839 2582 959 2614 mode-

197 2626 260 2658 stia
286 2632 318 2656 et
343 2637 425 2668 quae
450 2627 614 2658 contraria
638 2634 723 2658 sunt.

264 2673 355 2702 illam
377 2672 510 2709 lancem]
548 2671 714 2702 Ernestius
745 2671 848 2702 edidit
871 2674 960 2703 illam

198 2718 347 2748 bonorum
370 2718 467 2747 animi
486 2717 578 2753 lanc„
603 2727 708 2758 neque
730 2717 826 2747 aliter
840 2716 960 2758 legitur

197 2760 232 2792 in
254 2759 327 2792 cod.
343 2760 425 2791 Lall.
476 2758 621 2790 Eandem
642 2760 835 2802 scripturam
859 2761 960 2792 etiarn

198 2805 352 2836 Klotzius
379 2812 412 2836 et
438 2805 548 2835 Moser
572 2812 786 2845 receperunt3
813 2812 847 2836 at
870 2813 961 2837 recte

196 2850 340 2882 Wolfius
372 2849 470 2881 verba
495 2851 642 2880 bonorum
668 2851 767 2880 animi
792 2850 882 2880 uncis
906 2851 959 2882 in-

199 2894 304 2931 clusit,
327 2894 446 2926 rectius
459 2893 596 2924 Orellius
619 2904 690 2924 cum
714 2893 786 2924 cod.
807 2894 961 2926 Bernensi

202 2938 299 2981 plane
316 2939 565 2975 exterminavit;
592 2944 668 2970 nata
692 2937 777 2969 enim
800 2944 874 2970 sunt
892 2939 961 2971 sine

701 1171 715 1203 1
745 1171 798 1203 Sic
822 1174 876 1203 Or.
903 1183 930 1203 c.
957 1171 1122 1214 plerisque
1147 1169 1265 1210 codd.,
1301 1170 1400 1202 etiam
1432 1171 1470 1203 R.
1491 1172 1526 1203 P.
1552 1171 1639 1204 Gud.
1669 1171 1698 1204 1.
1722 1174 1762 1206 11.

573 1217 594 1249 2
619 1219 695 1248 Post
717 1219 872 1249 interdum
892 1215 967 1248 eod.
982 1219 1064 1259 Aug.
1085 1221 1118 1247 et
1139 1227 1252 1247 omnes
1275 1216 1346 1247 sere
1368 1215 1442 1247 edd.
1461 1223 1542 1249 vett.
1564 1223 1641 1248 ante
1655 1217 1762 1249 Gebh.

1001 1328 1101 1360 dubio
1127 1339 1166 1359 ex
1197 1328 1472 1370 interpretatione
1496 1328 1701 1370 pronominis
1725 1331 1765 1361 il-

1001 1376 1074 1404 lam.
1126 1375 1159 1404 In
1185 1372 1282 1404 codd.
1311 1372 1496 1416 plerisque,
1535 1373 1635 1404 etiam
1667 1373 1706 1404 R.
1726 1374 1761 1405 P.

1002 1417 1088 1449 Gud.
1117 1417 1164 1455 1.,
1191 1423 1223 1448 et
1248 1416 1322 1448 edd.
1351 1424 1431 1448 vett.
1461 1429 1561 1460 usque
1586 1418 1627 1449 ad
1654 1417 1761 1449 Gebh.

1001 1462 1150 1493 omnibus
1173 1461 1293 1503 legitur
1312 1464 1400 1493 illam
1421 1464 1490 1493 bom⁴
1507 1465 1649 1494 lancem:
1675 1462 1765 1504 quod

999 1507 1084 1538 tueri
1109 1518 1144 1537 se
1173 1518 1239 1537 non
1265 1513 1394 1549 potest,
1431 1507 1572 1548 primum
1598 1507 1686 1549 quod
1711 1510 1765 1539 bo-

999 1562 1074 1583 num
1097 1557 1253 1594 tanquam
1282 1562 1402 1582 nomen
1428 1551 1517 1592 quod
1542 1551 1662 1582 dicitur
1686 1552 1765 1583 abs-

1001 1602 1143 1627 tractum
1165 1607 1224 1638 pro
1240 1598 1362 1627 honesto
1376 1596 1487 1626 Latini
1503 1595 1681 1638 scriptores
1696 1607 1763 1628 non

999 1640 1174 1677 dixerunt3
1210 1647 1278 1671 tum
1311 1639 1337 1670 si
1372 1640 1589 1679 concesseris,
1626 1640 1691 1672 dici
1715 1641 1763 1673 sic

998 1697 1106 1727 posse,
1134 1692 1222 1716 certe
1242 1685 1305 1716 hoc
1328 1684 1414 1723 loco,
1443 1684 1496 1716 ubi
1517 1685 1614 1716 animi
1635 1692 1668 1717 et
1687 1697 1763 1718 cor-

1000 1730 1088 1772 poris
1114 1737 1147 1761 et
1180 1737 1313 1761 externa
1337 1733 1417 1761 bona
1451 1737 1760 1769 commemorantur,

997 1775 1238 1817 ineptissimum
1276 1774 1348 1807 erit.
1398 1774 1562 1805 Bentleius
1587 1775 1758 1806 tentabat:

996 1822 1086 1851 illam
1110 1819 1209 1850 animi
1231 1822 1370 1851 lancem:
1394 1819 1483 1862 quod
1507 1819 1637 1850 dicendi
1660 1831 1761 1862 genus

997 1864 1137 1896 Latinae
1162 1865 1292 1906 linguae
1328 1863 1460 1906 ingenio
1486 1863 1615 1896 videtur
1639 1864 1760 1897 adver—

997 1909 1072 1941 sari.

1066 1954 1233 1997 deprimat]
1261 1956 1297 1985 In
1318 1953 1457 1992 bilance,
1482 1953 1587 1996 inquit
1600 1956 1760 1994 Davisius,

997 1999 1121 2030 leviora
1146 2010 1212 2030 non
1239 1998 1486 2041 deprimuntur,
1511 1999 1570 2030 sed
1595 1999 1759 2031 attollun-

995 2050 1061 2074 tur.
1111 2045 1168 2075 Est
1192 2043 1291 2085 igitur
1315 2039 1445 2085 ἄκυρον.
1496 2044 1630 2075 Errasse
1654 2044 1760 2075 virum

996 2087 1141 2124 doctum,
1160 2088 1541 2120 intellexeruntssKernius
1560 2095 1592 2120 et
1609 2090 1759 2121 Klotzius.

997 2132 1168 2163 Sententia
1192 2132 1277 2163 enim
1300 2133 1380 2163 haec
1402 2139 1467 2163 est:
1495 2134 1602 2170 Quum
1621 2133 1654 2164 in
1673 2133 1760 2165 alte-

995 2188 1064 2208 ram
1089 2176 1217 2207 lancem
1240 2176 1340 2207 animi
1360 2177 1446 2208 bona
1465 2177 1700 2219 imponuntur,
1725 2178 1757 2209 in

996 2221 1134 2252 alteram
1159 2221 1307 2263 corporis
1333 2227 1366 2252 et
1390 2228 1544 2258 externa3
1582 2221 1638 2252 illa
1669 2222 1757 2260 lanx,

996 2265 1028 2296 in
1054 2277 1116 2308 qua
1140 2266 1239 2297 animi
1261 2265 1349 2297 bona
1373 2272 1469 2305 sunt,
1494 2271 1588 2297 tanto
1607 2266 1757 2308 pondere

996 2310 1195 2353 propendet,
1221 2310 1241 2342 i.
1257 2322 1284 2341 e.
1314 2310 1467 2341 deorsum
1480 2309 1640 2349 defertur,
1667 2318 1703 2342 ut
1716 2323 1756 2342 ne

996 2362 1084 2386 terra
1110 2355 1239 2398 quidem
1266 2362 1299 2385 et
1323 2355 1425 2386 maria
1450 2355 1479 2385 ei
1504 2355 1657 2387 resistere
1676 2367 1759 2398 pos-

996 2400 1081 2437 sint,
1107 2399 1165 2431 sed
1190 2399 1425 2442 deprimantur.

1065 2446 1140 2477 CAP.
1155 2445 1278 2476 XVIII.
1302 2444 1518 2487 Xenocratem]
1542 2456 1572 2476 v.
1590 2444 1661 2476 Ind.
1682 2445 1758 2477 hist.

1062 2493 1300 2531 exa99erantem
1325 2509 1367 2513 —
1391 2489 1548 2532 virtutem]
1585 2489 1639 2521 Sic
1670 2489 1758 2522 infra

997 2547 1024 2566 c.
1040 2534 1094 2571 30,
1118 2536 1180 2568 65:
1220 2540 1254 2565 ut
1276 2533 1472 2576 gravitatem
1497 2533 1756 2576 dignitatemque

995 2579 1125 2611 virtutis
1147 2583 1350 2619 exuyyerent:
1374 2578 1427 2610 ubi
1449 2590 1478 2609 v.
1495 2580 1653 2610 Orellium.
1689 2580 1756 2610 Su·-

995 2636 1055 2667 pra
1080 2625 1121 2657 11.
1143 2623 1197 2662 26,
1219 2622 1280 2656 64:
1307 2623 1367 2654 tibi
1390 2634 1540 2665 propone
1561 2622 1754 2665 amplitudi-

995 2681 1071 2700 nem
1106 2675 1138 2700 et
1167 2668 1258 2711 quasi
1293 2668 1456 2710 quandam
1488 2670 1756 2707 eoeayyerationem

995 2725 1092 2757 quam
1117 2713 1308 2745 altissimam
1329 2712 1439 2744 animi.
1464 2713 1521 2742 111.
1545 2712 1595 2749 19,
1613 2710 1675 2743 45:
1701 2723 1754 2745 ex-

995 2761 1153 2799 ayyeratis
1175 2758 1261 2799 regis
1279 2758 1405 2800 opibus.
1440 2757 1637 2798 Metaphora
1656 2757 1754 2789 dueta

997 2810 1047 2834 est
1071 2803 1111 2834 ab
1136 2814 1255 2845 aggere
1280 2814 1298 2833 e
1332 2801 1453 2842 cespite
1485 2801 1561 2833 vivo
1595 2802 1750 2834 excitato.

997 2848 1165 2890 Significat
1188 2848 1286 2885 idem,
1311 2845 1399 2888 quod
1422 2848 1572 2878 extollere.
1612 2846 1753 2879 Tirones

997 2893 1056 2924 sibi
1078 2899 1236 2930 caveant,
1262 2902 1304 2922 ne
1322 2891 1386 2922 hoc
1410 2890 1524 2922 vocab.
1548 2891 1754 2923 confundant

998 2949 1070 2970 cum
1089 2935 1335 2979 Francogallico
1350 2935 1497 2976 exayt’frer
1514 2936 1753 2978 (ubertreibcn)
