1863 3221
227 116 312 159 450

231 219 364 246 corum
394 204 546 259 quidem
581 199 705 241 facilis
733 198 932 238 conclusio
958 205 1041 247 est,

812 119 975 151 menn
1001 117 1125 160 v.29‚
1151 117 1205 152 82.

1084 197 1145 251 qui
1179 211 1293 251 quum
1327 198 1439 238 finem
1478 199 1666 240 bonorum
1699 212 1788 240 esse

230 278 427 320 senserint
456 285 673 327 congruere
700 278 862 311 naturae
894 284 1056 324 cumque
1086 284 1131 310 ea
1157 270 1439 311 convenienter
1469 272 1628 322 vivere,
1671 286 1787 326 quum

232 353 268 392 id
299 351 408 391 sitin
433 347 641 401 sapiente4
670 344 786 384 situm
808 358 884 383 non
913 343 1036 383 officio
1067 343 1213 392 solum,
1256 357 1390 383 verum
1422 343 1538 383 etiam
1567 351 1786 398 potestate3

230 430 414 476 sequatur
436 432 598 460 necesse
622 425 696 467 est,
730 424 793 466 ut,
827 416 935 456 cuius
954 417 990 455 in
1014 422 1206 470 potestate
1226 430 1415 455 summum
1437 417 1594 466 bonum,
1627 417 1666 455 in
1686 415 1790 457 eius-

1636 488 1785 538 Habes,

231 581 328 620 quae
355 565 566 605 fortissime
588 564 634 603 de
657 563 768 602 beata
796 564 876 602 vita
898 562 969 601 dici
995 569 1123 616 putem
1149 568 1209 612 et,
1243 575 1318 614 quo
1344 562 1456 601 modo
1477 575 1580 601 nunc
1602 567 1683 612 est,
1717 561 1790 601 nisi

232 498 316 536 dem
352 494 430 535 vita
466 492 580 532 beata
609 490 674 530 sit.
738 488 794 528 lta
839 490 878 529 fit
910 503 1065 543 semper
1094 489 1172 528 vita
1212 488 1325 528 beata
1369 489 1572 543 sapientis.

231 640 319 693 quid
354 645 391 678 tu
424 638 560 678 melius
591 637 789 685 attuleris,
825 635 939 675 etiam
970 634 1192 675 verissime.

343 709 509 751 XXIX.
572 710 623 749 Α.
656 707 801 749 Melius
823 709 998 762 equidem
1021 708 1162 747 afferre
1190 707 1280 746 nihil
1304 720 1486 761 possum,
1519 706 1588 747 sed
1611 720 1634 747 a
1660 713 1698 746 te
1720 706 1792 746 im-

234 785 417 840 petrarim
442 784 630 833 libenter,
664 781 756 832 utl,
792 781 865 821 nisi
890 781 1093 820 molestum
1116 781 1186 830 sit,
1222 780 1423 833 (quoniam
1449 787 1485 820 te
1509 780 1611 819 nulla
1637 779 1794 819 vincula

235 858 445 912 impediunt
476 856 589 896 ullius
618 862 748 895 certae
769 854 993 908 disciplinae
1019 853 1192 906 libasque
1217 867 1269 892 ex
1293 852 1492 901 omnihus,
1537 853 1792 905 quodcunque

234 940 270 971 te
291 930 460 971 maxime
481 929 612 983 specie
634 927 812 968 veritatis
829 927 1001 976 φονεῖ.)
1036 926 1133 978 quod
1157 926 1282 979 paullo
1303 933 1392 965 ante
1413 923 1698 979 Peripateticos
1719 938 1790 965 ve-

234 1011 432 1056 teremque
460 1000 712 1040 Academiam
750 997 896 1038 hortari
931 998 1138 1046 videbare,
1185 1005 1226 1036 ut
1255 998 1340 1036 sine
1371 997 1648 1037 retractatione
1673 997 1796 1036 libere

234 1076 364 1116 «licere
388 1074 599 1123 auderent,
634 1072 830 1125 sapientes
851 1084 939 1110 esse
963 1083 1118 1123 semper
1139 1069 1410 1120 beatissimos,
1445 1070 1481 1109 id
1505 1069 1618 1109 velim
1641 1069 1792 1119 audire,

235 1147 556 1202 quemadmodum
583 1145 640 1185 his
666 1152 776 1198 putes
809 1149 1114 1183 consentaneum
1153 1155 1242 1182 esse
1269 1143 1305 1182 id
1335 1142 1480 1182 dicere.
1543 1140 1667 1182 Multa
1693 1142 1794 1182 enim

326 1263 345 1297 4
372 1276 401 1296 v.
425 1263 508 1295 Adn.
555 1263 691 1295 XXIX.
729 1262 745 1294 1
772 1274 802 1294 v.
826 1261 908 1293 Adn.

1036 1339 1089 1371 die
1113 1339 1249 1378 VVeise‚
1283 1339 1341 1370 wie
1367 1350 1399 1370 es
1424 1339 1531 1370 einem
1554 1341 1603 1371 vir
1627 1340 1715 1378 fortis
1736 1349 1796 1370 zu-

1036 1385 1199 1417 kommt.‘⁴
1249 1386 1351 1417 Orelli.

1107 1440 1183 1473 Cap,
1201 1441 1336 1472 XXIX.
1383 1443 1434 1478 ut,
1468 1442 1528 1471 nisi
1560 1441 1720 1470 molestum
1744 1440 1796 1480 sit]

1038 1484 1206 1515 Einestius
1242 1496 1314 1516 cum
1350 1484 1482 1515 Davisio
1524 1484 1717 1526 particulam
1753 1488 1798 1522 ut,

238 1343 315 1386 pulo
342 1349 450 1375 essent
476 1342 597 1373 omnia.
638 1341 679 1372 de
705 1342 758 1372 Ol.
783 1342 807 1371 Ι.
833 1340 887 1377 25,
918 1340 997 1372 115:

240 1399 346 1430 neque
368 1388 451 1419 haec
475 1387 521 1418 ita
547 1386 643 1425 dico,
675 1389 708 1417 ut
732 1397 783 1416 ars
809 1365 933 1427 aliquid
958 1384 1000 1415 li—

238 1444 327 1463 maie
362 1443 429 1462 non
458 1430 573 1473 possit.
620 1431 669 1461 De
700 1429 866 1461 sententia
903 1441 932 1461 ν
960 1428 1001 1460 ad

238 1478 295 1508 111.
323 1474 383 1514 14,
409 1476 462 1508 30.

308 1523 335 1564 ξ.
358 1521 412 1552 ὃ2.
447 1521 538 1560 finem
573 1522 721 1550 bonorum
754 1528 816 1550 esse
840 1518 1001 1560 senserint]

241 1567 283 1596 H.
307 1576 334 1596 e.
357 1564 551 1604 indicalint,
579 1563 775 1595 censuerint.
825 1565 1005 1603 Maritimus

240 1610 281 1642 ad
304 1609 376 1640 Fin.
399 1611 438 1645 2,
465 1609 497 1641 3.
520 1620 551 1650 p.
569 1608 642 1640 147.
670 1614 703 1638 et
737 1608 770 1638 in
794 1607 944 1639 Addend.
969 1618 1000 1648 p

239 1654 315 1687 867.
338 1654 522 1695 complures
547 1653 737 1684 eCicerone
761 1652 925 1694 congessit
947 1652 1002 1682 lo-

241 1710 315 1737 cos,
352 1698 385 1728 in
409 1698 525 1740 quibus
547 1697 682 1728 verbum
711 1699 859 1728 sentiendi
884 1709 909 1727 c.
935 1708 1002 1727 acc.

242 1751 273 1774 et
296 1743 356 1774 inf.
371 1742 516 1773 iunctum
538 1742 623 1772 hanc
641 1742 916 1783 significationem
939 1742 1002 1771 lia—

240 1789 315 1823 bet3
337 1787 394 1817 sed
416 1787 526 1817 nescio
550 1798 606 1817 cur
624 1787 782 1817 raiiorem
803 1786 891 1816 hunc
911 1797 1002 1816 usum

239 1833 340 1872 dicat,
356 1843 454 1874 quum
471 1830 559 1873 apud
574 1831 767 1862 Ciceronem
787 1830 829 1861 sit
844 1831 1003 1873 frequen-

238 1858 391 1908 tissinius.

315 1931 481 1961 congruere
502 1920 648 1963 naturae]
675 1920 715 1951 de
738 1921 883 1951 Fin.111.
906 1919 937 1955 9
949 1900 1002 1952 31.

239 1967 279 1998 V.
303 1978 363 1997 nos
398 1965 431 1996 in
466 1966 486 1996 l.
513 1965 544 1996 d.
572 1967 609 1996 de
646 1967 741 1997 Cicer.
764 1968 797 1996 in
828 1967 903 2004 phil.
930 1975 1004 1996 mer.

266 2034 273 2041 .
290 2010 366 2043 227.

240 2023 260 2053 p
306 2065 402 2094 quum
425 2056 458 2085 id
482 2057 519 2085 sit
542 2057 574 2085 in
599 2056 735 2093 sapiente
760 2056 852 2085 situm
876 2064 936 2085 non
957 2055 1003 2093 of-

240 2101 310 2139 ficio
328 2101 447 2137 solum,
470 2108 577 2129 ‘cerum
601 2101 694 2128 etiam
715 2100 878 2138 potestate]
911 2099 1004 2129 Hanc

242 2143 385 2173 omnium
410 2142 506 2173 codd.
530 2142 726 2184 scripturam
750 2150 841 2173 recte
863 2153 1003 2173 revoca-

242 2188 289 2219 vit
318 2189 467 2218 Klotzius.
526 2189 579 2218 Or.
616 2193 648 2218 et
679 2198 783 2229 nuper
812 2186 962 2228 Tregder
985 2198 1002 2217 e

242 2231 358 2262 Lamb.
392 2231 477 2262 coni.
502 2231 694 2262 ediderunt:
731 2243 763 2273 q.
784 2231 804 2261 i.
830 2243 854 2264 s.
888 2231 922 2261 in
950 2241 1002 2262 sa-

239 2278 352 2316 pientis
380 2279 474 2307 situm
501 2286 562 2308 non
592 2277 694 2316 officio
714 2278 814 2307 solum
834 2282 898 2307 etc.
947 2275 1003 2306 Si-

243 2321 352 2352 milem
385 2327 499 2352 nostro
535 2320 644 2351 locum
676 2322 817 2352 Klotzius
851 2320 961 2351 attulit
986 2331 1003 2349 e

243 2365 263 2396 l.
293 2365 334 2396 de
357 2367 431 2398 Sen.
462 2364 510 2403 16,
532 2364 593 2397 ὁδε
631 2376 732 2401 „num
757 2365 856 2406 igitur
886 2366 1002 2396 horum

243 2416 393 2441 senectus
411 2409 603 2440 miserabilis
625 2409 700 2447 fuit,
720 2410 820 2451 quise
841 2410 910 2451 agri
931 2409 1001 2440 cul—

245 2455 333 2485 tione
357 2453 595 2485 oblectabant7
622 2465 694 2485 mea
718 2454 848 2496 quidem
867 2461 1004 2485 senten—

244 2498 290 2529 tia
305 2499 392 2529 haud
413 2499 491 2536 scio,
517 2511 555 2530 an
575 2499 638 2529 ulla
656 2499 784 2530 beatior
800 2502 905 2540 possit
921 2510 1002 2538 esse,

247 2554 351 2584 neque
385 2544 489 2573 solum
526 2545 628 2584 officio
661 2543 734 2585 (der
757 2544 1002 2581 Pflichtnacm,

246 2587 335 2629 quod
362 2587 529 2618 hominum
553 2588 663 2629 generi
695 2588 846 2619 universo
879 2589 1004 2620 cultura

246 2642 398 2673 agrorum
421 2638 471 2661 est
488 2632 648 2665 salutaris,
674 2632 731 2663 sed
751 2640 783 2663 et
798 2634 1005 2671 delectatione,

247 2687 343 2720 quum
367 2676 443 2713 dixi,
470 2682 501 2705 et
525 2680 703 2708 maturitate
725 2680 874 2717 copiaque
899 2690 1005 2709 rerum

249 2721 415 2761 omnium,
440 2731 521 2762 quae
544 2721 586 2750 ad
608 2721 728 2752 victum
749 2722 937 2756 hominum,
964 2722 1006 2753 ad

250 2766 371 2797 cultum
392 2765 489 2796 etiam
506 2764 641 2795 deorum
658 2766 874 2807 pertinent?“
908 2767 1005 2799 Eius·

249 2811 339 2842 modi
360 2809 494 2841 ablativi
514 2809 672 2847 indicant,
698 2810 819 2852 aliquid
845 2812 1007 2843 enuntiari

248 2858 367 2887 ratione
389 2857 495 2887 habita
515 2855 651 2886 alicuius
668 2856 724 2885 rei.
765 2856 802 2886 V.
820 2867 878 2886 nos
900 2856 932 2887 in
949 2858 1006 2888 Gr.

248 2900 285 2930 L.
313 2901 340 2941 ξ.
357 2901 429 2936 115.
454 2897 486 2932 4.
513 2899 554 2937 c).

315 2954 394 2983 quae
425 2945 586 2983 fortissime
613 2962 651 2967 —-
677 2945 739 2974 dici
771 2945 889 2986 putem]
927 2945 1010 2978 „auf

1039 1540 1121 1572 quae
1145 1529 1237 1560 abest
1262 1541 1280 1560 a
1305 1529 1416 1571 paucis
1442 1528 1660 1559 deterioribus
1686 1528 1797 1566 coddq

1040 1574 1154 1604 eiecit:
1181 1574 1270 1616 quod
1293 1573 1444 1616 equidem
1467 1573 1606 1615 probare
1631 1584 1696 1604 non
1716 1584 1799 1615 pos-

1037 1630 1117 1649 sum.
1167 1620 1234 1649 lam
1257 1630 1354 1660 supra
1378 1618 1419 1648 ad
1445 1619 1553 1654 1112<
1580 1618 1629 1649 16.
1656 1617 1796 1649 demon-

1037 1663 1230 1701 stravimus,
1267 1662 1355 1693 haud
1375 1674 1447 1694 rara
1470 1674 1538 1693 esse
1561 1662 1649 1704 apud
1672 1669 1798 1694 veteres

1037 1708 1214 1750 scriptores
1238 1707 1404 1749 exempla,
1438 1708 1469 1738 in
1495 1707 1610 1749 quibus
1634 1707 1799 1739 sententia

1038 1753 1134 1783 aliter
1167 1753 1397 1790 continuetur,
1438 1764 1476 1783 ac
1505 1763 1565 1793 pro
1601 1752 1670 1782 eius
1703 1752 1797 1783 initio

1039 1805 1269 1839 exspectetur,
1316 1798 1364 1829 sic
1399 1797 1462 1828 hoc
1498 1798 1573 1828 loco
1610 1797 1718 1828 oratio
1752 1797 1798 1828 ita

1040 1843 1228 1880 exorditur,
1264 1855 1301 1874 ac
1325 1841 1350 1872 si
1382 1849 1554 1884 sequatur:
1588 1843 1621 1872 id
1646 1844 1723 1873 mihi
1746 1844 1799 1873 de-

1038 1891 1198 1927 monstres,
1222 1889 1484 1927 quemadmodum
1505 1893 1582 1918 cett.
1631 1886 1682 1918 Cf.
1703 1889 1800 1919 Beier.

1040 1932 1080 1962 ad
1107 1932 1201 1963 Oslic.
1228 1933 1260 1968 3,
1285 1932 1338 1964 26.
1367 1942 1397 1973 p.
1417 1932 1492 1964 365.

1106 1980 1194 2008 nulla
1215 1977 1356 2017 vincula]
1382 1978 1421 2007 V.
1447 1976 1487 2007 ad
1515 1976 1569 2007 IV.
1596 1974 1626 2014 4,
1653 1976 1673 2009 7

1101 2024 1211 2061 paullo
1236 2024 1319 2062 ante]
1348 2033 1373 2052 c.
1391 2020 1446 2062 26,
1473 2021 1526 2053 75.

1106 2069 1170 2097 sine
1193 2067 1422 2107 retractatione]
1450 2067 1490 2096 V.
1510 2065 1552 2096 ad
1578 2067 1601 2097 Ι.
1623 2065 1686 2105 31,
1712 2064 1765 2100 76.

1105 2123 1139 2152 id
1163 2123 1254 2152 velim
1280 2123 1402 2160 audire,
1425 2122 1688 2160 quemadmodum
1706 2140 1749 2145 —
1765 2123 1798 2152 id

1036 2167 1151 2206 dicere]
1190 2166 1322 2195 Frustra
1349 2166 1517 2196 Ernestius
1548 2166 1742 2196 alterutrum
1765 2167 1799 2197 id

1038 2210 1182 2241 deletum
1208 2209 1351 2240 volebat.

1104 2258 1211 2286 contra
1233 2257 1323 2285 istam
1348 2254 1541 2296 sententiam]
1578 2265 1640 2296 qua
1662 2253 1797 2296 sapien—

1036 2306 1105 2330 tem
1130 2299 1260 2329 beatum
1273 2298 1405 2340 quidem
1428 2310 1497 2330 esse
1520 2310 1650 2341 semper
1667 2305 1798 2330 statue-

1037 2344 1138 2380 bant,
1164 2343 1222 2374 sed
1247 2355 1312 2374 11011
1338 2354 1469 2385 semper
1493 2343 1726 2375 beatissimum.

1109 2399 1203 2438 ξ.ι“«ἶ3
1230 2401 1316 2431 nobis
1338 2401 1423 2440 solis]
1451 2399 1687 2431 recentioiibus
1710 2401 1799 2431 Aca-

1038 2443 1183 2474 demicis.

1105 2490 1222 2519 nullius
1239 2490 1434 2529 auctoritate]
1461 2491 1582 2520 Nullius
1597 2488 1682 2519 vices
1697 2488 1798 2519 susti—

1041 2539 1095 2564 net
1123 2533 1246 2563 soloeci
1270 2533 1404 2574 genitivi
1433 2536 1572 2565 neminis.
1606 2534 1645 2563 V.
1671 2534 1797 2564 Stiiren-

1040 2581 1126 2617 bury.
1147 2577 1178 2608 in
1206 2579 1243 2608 11.
1260 2579 1478 2609 commentat.
1493 2577 1533 2608 ad
1549 2577 1642 2608 Offic.
1659 2588 1684 2607 c.
1696 2579 1796 2619 2Sqq·

1040 2629 1074 2653 et
1099 2633 1158 2653 nos
1182 2621 1214 2652 in
1243 2622 1298 2653 Gr.
1320 2623 1355 2653 L.
1381 2623 1478 2664 939.
1506 2622 1585 2652 Not.
1605 2622 1637 2652 ’2.

1106 2680 1144 2708 (lc
1167 2677 1293 2719 finibus]
1315 2677 1476 2708 bonorum
1498 2683 1530 2707 et
1551 2676 1720 2708 malorum.
1747 2677 1797 2709 Cf.

1040 2722 1093 2759 30,
1116 2720 1169 2753 3-1.
1221 2723 1266 2752 De
1291 2734 1320 2753 v.
1346 2724 1399 2761 fin.
1424 2734 1452 2753 v.
1478 2721 1519 2752 ad
1547 2723 1583 2752 [1.
1614 2724 1647 2757 l,
1673 2723 1704 2753 3.

1107 2768 1188 2806 quod
1211 2768 1335 2806 quidem
1362 2766 1567 2808 Carneadem]
1605 2766 1730 2798 Locum
1752 2765 1798 2798 sic

1041 2811 1260 2853 interpretor:
1299 2811 1401 2842 Stoici
1425 2810 1632 2850 statuebant,
1670 2822 1707 2841 ex
1734 2822 1797 2842 una

1041 2867 1078 2887 ea
1100 2855 1274 2893 sententia,
1290 2867 1352 2898 qua
1372 2854 1451 2885 nihil
1472 2854 1594 2886 bonum
1615 2862 1709 2894 esset,
1735 2855 1797 2886 nisi

1042 2900 1130 2943 quod
1152 2900 1327 2931 honestum
1349 2905 1452 2937 esset,
1478 2899 1559 2930 nihil
1579 2900 1712 2938 malum,
1736 2899 1797 2931 nisi

1042 2945 1130 2986 quod
1152 2951 1248 2986 turpe
1267 2951 1374 2984 esset,
1398 2943 1553 2976 virtutem
1577 2944 1654 2976 satis
1676 2944 1797 2975 habere
