1863 3221
215 89 300 132 348

216 177 455 218 offensiones
475 176 558 216 sine
582 174 693 228 eulpa
717 171 895 212 accidere
917 179 1094 227 possunt,
1123 172 1338 213 animorum
1358 188 1435 214 non
1458 174 1573 214 item:
1610 187 1772 227 quorum

788 95 954 127 LIBER
978 95 1035 127 IV.
1063 91 1124 134 14,
1148 94 1202 128 32.

217 263 352 290 omnes
368 248 489 289 morbi
511 254 549 287 et
574 245 886 300 perturbationes
900 258 951 284 ex
972 245 1273 299 adspernatione
1294 246 1456 286 rationis
1472 247 1671 287 eveniunt.
1697 244 1775 286 lta-

216 322 341 375 quein
363 319 580 360 bominibus
603 318 725 358 solum
748 317 970 368 exsistunt3
998 331 1083 357 nam
1103 317 1251 357 bestiae
1272 318 1394 358 simile
1412 319 1589 372 quiddam
1615 318 1773 368 faciunt,

1115 396 1184 431 52.

795 463 894 516 quod
918 463 1136 517 ingeniosi,
1178 470 1221 502 ut
1241 476 1308 502 aes
1333 460 1578 503 Corinthium
1602 463 1640 502 in
1665 476 1776 503 aeru-

215 393 353 433 sedin
397 391 706 446 perturbationes
749 404 824 430 non
866 390 1054 430 incidunt.
1248 389 1356 430 luter
1398 399 1533 431 acutos
1573 398 1700 430 autem
1739 398 1778 430 et

215 465 320 505 inter
346 465 506 504 hebetes
526 466 540 490 ¹
566 463 752 512 interest,

213 537 365 591 ginem,
413 537 469 576 sie
497 535 551 576 illi
581 536 619 576 in
660 536 833 576 morbum
867 542 904 576 et
928 536 1103 575 incidunt
1144 535 1290 575 tardius
1323 542 1361 574 et
1390 542 1618 575 recreantur
1650 535 1773 584 ocius,

215 608 375 649 hebetes
397 624 474 650 non
502 610 610 649 item.
671 608 758 649 Nee
784 623 879 650 vero
908 609 946 648 in
981 621 1133 648 omnem
1164 607 1339 647 morbum
1379 621 1423 647 ao
1447 607 1776 662 perturbationem

215 682 570 736 aniinusingeniosi
589 682 711 734 eadit,
739 695 814 721 non
835 681 935 720 enim
951 681 1018 720 *in
1037 681 1143 720 ulla*
1162 683 1172 706 ¹
1203 681 1362 720 efferata
1382 679 1635 731 etinimania3
1661 693 1777 733 quae-

174 759 176 761 ’
216 754 303 794 dam
332 762 459 794 autem
485 754 730 795 humanitatis
767 767 918 807 quoque
949 753 1090 793 habent
1125 753 1284 807 primani
1317 753 1511 807 speciem,
1556 759 1596 793 ut
1627 752 1778 792 iniseri-

216 827 362 877 cordia,
397 827 621 880 aegritudo,
656 834 797 866 metus.
860 825 1164 879 Aegrotationes
1189 833 1315 865 autem
1337 825 1536 879 morbique
1561 826 1777 866 animorum

216 899 404 939 difficilius
427 900 541 939 evelli
568 913 683 953 posse
709 906 910 953 putantur,
954 912 1065 951 quam
1092 912 1239 938 summa
1262 898 1328 938 illa
1352 898 1468 948 vitia,
1502 911 1600 951 quae
1624 898 1778 938 virtuti-

215 971 286 1011 bus
310 979 399 1012 sunt
421 972 630 1012 contraria.

216 1110 280 1142 que
314 1099 360 1132 ita
396 1111 526 1143 semper
565 1111 636 1131 cum
675 1099 770 1142 culpa
807 1099 979 1131 coniuncta

215 1150 314 1181 sunt;
358 1152 472 1176 contra
510 1156 649 1187 corpora
685 1144 827 1176 valentia
862 1144 979 1175 morbo

215 1189 415 1221 extrinsecus
440 1190 540 1221 allato
565 1189 685 1221 tentari
710 1195 867 1231 possunt3
905 1200 980 1220 nam

215 1233 308 1264 multi
335 1245 508 1276 corporum
534 1235 640 1265 morbi
668 1234 867 1265 extrinsecus
893 1233 979 1264 affe-

215 1285 331 1309 runtur
366 1285 463 1321 atque
498 1279 544 1310 ita
580 1279 650 1310 sine
687 1278 781 1321 culpa
815 1277 978 1309 accidunt.

216 1325 350 1363 Treyder
367 1330 501 1355 auctore
525 1326 686 1364 Madviyio
709 1324 806 1354 verba
830 1334 889 1354 uon
907 1333 979 1362 pos-

214 1372 307 1406 sunt,
348 1379 479 1408 corpora
514 1368 603 1399 uncis
639 1368 770 1399 inclusit
804 1367 835 1398 in
871 1368 978 1408 praef.

214 1423 247 1454 p.
270 1413 383 1443 XXII.
420 1413 552 1443 dicens:
590 1412 715 1451 „verba
747 1423 807 1443 uon
840 1416 980 1450 possunt,

215 1466 347 1495 corpora
363 1463 555 1498 pervertunt
573 1468 651 1487 sane
664 1456 878 1493 sententiam3
905 1467 979 1487 nam

215 1500 324 1542 agitur
351 1501 461 1532 statim
497 1501 537 1532 de
570 1501 684 1532 animis
717 1501 830 1543 aegris.
889 1501 979 1532 Haec

216 1544 326 1576 dicere
352 1546 454 1577 voluit
478 1546 532 1576 C.:
563 1546 596 1576 in
619 1557 658 1577 eo
682 1545 978 1576 dissimilitudinem

215 1589 398 1621 animorum
420 1597 451 1621 et
469 1601 643 1632 corporum
658 1590 772 1628 inesse,
796 1590 883 1632 quod
902 1601 978 1621 cor-

214 1645 330 1676 porum
354 1635 458 1667 morbi
484 1635 647 1665 interdum
671 1635 739 1665 sine
769 1635 864 1677 culpa
888 1634 977 1665 acei—

215 1678 351 1720 demut,
389 1679 570 1710 animorum
603 1686 710 1710 autem
743 1691 872 1721 semper
905 1690 977 1710 cum

216 1723 346 1766 culpa.“
394 1725 488 1755 Hanc
517 1724 736 1755 coniecturam
760 1724 886 1765 optimo
908 1723 977 1754 iure

215 1768 356 1810 explosit
370 1771 509 1801 Klotzius
528 1769 559 1799 in
577 1768 660 1799 Add.
686 1781 718 1811 p,
739 1768 829 1805 1624
856 1779 929 1799 nam
951 1767 977 1798 si

217 1812 331 1844 Cicero
357 1813 435 1844 nihil
460 1813 548 1844 aliud
573 1813 682 1844 dicere
708 1813 886 1851 voluisset,
913 1812 975 1843 du-

212 1856 302 1888 bium
328 1869 392 1889 non
421 1865 488 1896 est,
520 1857 596 1900 quin
622 1858 741 1888 verba:
773 1859 856 1897 quod
880 1859 978 1889 animi

213 1904 348 1934 valenles
370 1905 474 1934 morbo
499 1905 610 1934 temari
641 1907 769 1941 possunt
801 1902 977 1933 omissurus

215 1957 275 1977 nec
295 1947 466 1989 quicquam
489 1947 587 1983 aliud,
613 1946 691 1977 nisi:
717 1949 797 1978 Illud
819 1957 850 1978 α.
869 1957 894 1978 c.
915 1948 978 1978 dis-

212 1993 322 2029 simile,
346 1994 427 2032 quod
451 2001 612 2030 corporum
636 1994 688 2031 off.
710 1994 773 2022 sine
794 1994 887 2030 culpa
911 2002 976 2023 acc.

210 2040 358 2075 possunt,
393 2038 569 2066 animorum
602 2045 662 2066 nou
695 2038 767 2066 item
799 2036 977 2078 scripturus

214 2078 325 2109 suerit.

281 2125 312 2154 in
336 2125 509 2154 homiuibus
529 2123 643 2165 solum]
666 2124 705 2153 V.
729 2122 770 2153 ad
793 2134 820 2153 c.
838 2124 868 2161 7,
900 2123 948 2155 15.

279 2169 376 2199 simile
389 2170 540 2206 quiddam
553 2167 685 2209 faciunt]
702 2167 844 2198 Graece:
866 2169 977 2200 ποιοῦ-

215 2222 248 2244 σι
271 2209 417 2245 τοιοῦτόν
442 2223 483 2244 τι.
533 2214 637 2253 Saepe
662 2211 797 2242 verbnm
828 2214 975 2251 faciendi,

214 2262 248 2287 ut
274 2256 434 2287 Graecum
457 2260 558 2288 ποιεῖν
579 2263 612 2286 et
637 2263 783 2287 nostrum
806 2259 900 2294 thun,
931 2256 976 2287 ita

214 2300 366 2343 ponitur,
405 2307 439 2331 ut
472 2301 552 2331 alius
577 2300 667 2331 verbi
693 2301 779 2332 vices
814 2301 975 2331 sustinens

214 2345 281 2376 eius
304 2345 487 2376 univexsam
509 2345 574 2376 vim
605 2351 709 2376 notet.
758 2346 797 2376 V.
828 2345 915 2376 infra
936 2346 975 2376 V

212 2390 267 2428 27,
293 2390 345 2423 78.
378 2391 439 2426 ὃ),
465 2390 518 2421 (ΙΙ),
570 2389 667 2421 Coin.
700 2390 784 2431 Nep.
819 2389 976 2421 Chabrias

212 2434 244 2473 3,
263 2432 300 2465 4:
328 2434 442 2476 Neque
467 2446 545 2465 vero
570 2433 657 2465 solus
683 2434 737 2465 ille
754 2436 860 2466 aberat
876 2434 976 2465 Athe-

213 2477 263 2508 nis
288 2478 449 2514 libenter,
486 2478 543 2509 sed
570 2490 683 2509 omnes
709 2480 780 2510 sere
811 2478 975 2521 principes

212 2523 346 2562 fecerunt
382 2522 468 2552 idem
516 2523 568 2565 (h.
595 2535 623 2553 e.
658 2523 799 2554 libenter
839 2524 976 2554 aberant

213 2565 384 2605 Athenis):
424 2566 475 2596 ubi
509 2579 537 2597 v.
560 2569 717 2598 Bremium
746 2580 776 2610 p.
801 2567 870 2601 177
923 2568 972 2599 Cf.

216 2612 375 2649 Wopkens.
401 2611 508 2641 Lectt
533 2611 620 2642 Tull
646 2614 677 2649 l,
706 2613 732 2644 l.
760 2624 790 2654 p.
807 2612 839 2643 2.
864 2612 974 2655 ibique

212 2656 373 2686 nandium
407 2655 492 2689 etl
516 2654 546 2686 .3.
582 2667 613 2695 p.
638 2655 687 2688 17.
737 2658 878 2688 Oclzsner.
906 2657 972 2688 Ecl.

215 2698 281 2730 Cic.
305 2710 337 2741 p.
357 2699 410 2731 93.
439 2700 471 2729 A
490 2700 662 2737 Grolcsend.
691 2701 875 2732 Comment.
893 2702 972 2732 Mat

213 2743 272 2774 IX.
292 2742 342 2781 16,
362 2744 393 2775 5.
418 2744 547 2774 Passov.
563 2743 619 2773 Gr.
633 2743 742 2774 Lexic.
768 2756 797 2775 v.
818 2749 919 2778 ποιεῖν
935 2746 955 2785 Ῐ)
959 2746 969 2787 )

213 2787 237 2818 f.
261 2799 293 2830 p.
308 2785 384 2819 494.
421 2788 557 2818 Ki'thner.
580 2786 621 2816 ad
641 2787 728 2818 Xen.
752 2789 970 2820 commentar.

212 2833 269 2863 111.
295 2831 335 2870 ὃ,
362 2832 392 2863 2.
441 2832 490 2861 De
510 2830 673 2861 sententia
696 2843 802 2873 comp.
826 2835 973 2865 Davisius

212 2878 327 2907 Senec.
361 2875 402 2906 de
434 2876 484 2906 lra
510 2876 532 2905 Ι.
566 2874 649 2907 c.3:
694 2876 787 2906 Muta
822 2877 973 2909 animalia

212 2920 359 2952 humanis
380 2919 551 2952 affectibus
575 2925 696 2958 carent,
720 2919 843 2952 habent
865 2928 974 2953 autem

692 970 844 1011 Morbis
868 970 969 1010 enim
994 971 1254 1020 manentibus,
1288 970 1384 1010 vitia
1407 970 1560 1010 sublata
1583 984 1671 1010 esse
1690 985 1777 1025 pos-

1014 1099 1136 1131 similes
1150 1099 1213 1130 illis
1232 1098 1391 1142 quosdam
1405 1098 1573 1141 impulsus.
1599 1099 1691 1130 Stob.
1709 1099 1776 1130 Ect.

1015 1144 1081 1177 eth
1115 1155 1146 1186 p
1180 1144 1260 1177 175:
1297 1144 1349 1175 ubi
1376 1143 1479 1175 Stoici
1514 1143 1674 1175 diversam
1706 1155 1776 1174 esse

1013 1196 1158 1220 statuere
1179 1188 1331 1219 dicuntur
1350 1187 1411 1230 τήν
1433 1200 1469 1221 τε
1491 1187 1524 1221 ἐν
1545 1200 1614 1226 τοις
1635 1190 1777 1241 λογικοις

1014 1232 1208 1285 γιγνομένην
1234 1231 1342 1276 ορμήν
1374 1232 1432 1266 καὶ
1463 1244 1522 1275 την
1547 1232 1580 1266 ἐν
1603 1237 1672 1270 τοῖς
1695 1230 1773 1266 ἀλό-

1015 1290 1084 1321 γοις
1111 1276 1216 1317 ζώοις.

1083 1325 1110 1366 ᾗ.
1133 1323 1186 1354 δ’.
1222 1325 1302 1354 Inter
1325 1326 1431 1354 acutos
1453 1325 1556 1353 autem
1577 1326 1604 1354 et
1622 1324 1700 1354 inter
1724 1324 1776 1354 he-

1015 1367 1106 1410 betes]
1133 1366 1187 1397 Sic
1212 1368 1247 1397 R.
1273 1368 1305 1398 P.
1325 1368 1400 1397 Vat.
1425 1366 1519 1397 Fabr.
1547 1367 1613 1398 Pal.
1635 1368 1684 1404 5.;
1722 1369 1776 1398 Or.

1015 1424 1041 1443 e.
1065 1411 1153 1453 v.ulg
1175 1410 1285 1441 omisit
1308 1411 1469 1453 posterius
1491 1413 1579 1450 inter,
1605 1422 1711 1453 comp.
1734 1410 1775 1441 de

1015 1458 1141 1487 Iuvent
1168 1456 1192 1485 Ι.
1216 1457 1246 1494 ὁ,
1269 1455 1308 1487 6.
1335 1455 1422 1486 inter
1444 1455 1589 1486 officium
1611 1462 1719 1486 autem
1743 1462 1776 1486 et

1014 1501 1111 1531 finem
1132 1500 1196 1531 hoc
1218 1499 1366 1531 interest.
1406 1500 1495 1531 Alios
1518 1500 1610 1531 locos
1635 1500 1775 1531 contulit

1016 1548 1083 1578 Ollo
1103 1545 1135 1575 in
1154 1556 1221 1576 exc.
1238 1545 1326 1576 VIM.
1345 1544 1386 1575 ad
1402 1544 1473 1576 Fin.
1495 1556 1526 1586 p.
1538 1541 1602 1576 400
1615 1556 1675 1586 sq„
1698 1544 1773 1587 qni—

1013 1590 1071 1621 bus
1095 1589 1319 1620 demonstrare
1339 1588 1468 1626 studet,
1495 1589 1774 1631 praepositionem

1011 1637 1090 1665 inter
1110 1645 1175 1664 non
1200 1633 1325 1675 repeti,
1361 1633 1422 1664 nisi
1446 1633 1499 1664 ubi
1522 1633 1648 1676 aliquot
1672 1645 1775 1665 voca-

1011 1678 1087 1709 bula
1109 1678 1305 1720 interposita
1327 1677 1410 1716 sint,
1437 1684 1472 1708 ut
1495 1680 1609 1719 Agrar.
1635 1680 1685 1716 ΙΙ,
1711 1679 1773 1711 33:

1012 1722 1168 1762 „videte‚
1193 1730 1350 1765 quantum
1372 1722 1582 1754 intervallum
1602 1723 1645 1753 sit
1670 1723 1772 1755 inter-

1012 1767 1132 1798 iectum
1151 1768 1238 1799 inter
1257 1767 1414 1798 maiorum
1435 1773 1620 1799 nostrorum
1641 1768 1775 1799 consilia

1013 1819 1046 1843 et
1068 1812 1154 1843 inter
1178 1812 1314 1843 istorum
1338 1812 1507 1843 hominum
1539 1812 1772 1844 dementiam.“

1014 1857 1110 1888 Ratio
1130 1857 1228 1899 igitur
1247 1856 1408 1899 repetitae
1428 1857 1682 1899 praepositionis
1705 1857 1774 1888 sine

1014 1901 1114 1932 dubio
1145 1902 1232 1932 nulla
1264 1902 1326 1933 alia
1359 1908 1428 1941 est,
1464 1901 1524 1932 nisi
1556 1908 1592 1932 ut
1615 1901 1680 1932 duo
1710 1914 1776 1933 no·-

1013 1947 1110 1984 mina‚
1136 1947 1250 1988 quibus
1273 1947 1353 1977 haec
1373 1946 1576 1988 praepositio
1600 1946 1775 1988 praemissa

1013 1998 1072 2029 est,
1096 1991 1277 2022 accuratius
1304 1991 1557 2032 distinguantur.
1608 1990 1671 2022 Ubi
1694 1991 1775 2022 nihil

1012 2035 1254 2077 interponitur,
1282 2047 1337 2066 cur
1356 2035 1561 2078 praepositio
1583 2036 1686 2077 repeti
1708 2047 1773 2067 non

1012 2080 1128 2117 soleat,
1156 2080 1253 2111 facile
1272 2080 1484 2122 intelligitur;
1512 2091 1587 2111 nam
1604 2087 1672 2111 tum
1693 2080 1773 2112 haec

1011 2124 1196 2155 accuratior
1236 2124 1404 2155 distinctio
1446 2124 1550 2155 minus
1591 2125 1773 2156 necessaria

1013 2175 1079 2205 est;
1105 2175 1139 2198 at
1161 2179 1216 2199 cur
1236 2169 1341 2210 repeti
1361 2179 1426 2199 non
1448 2168 1564 2210 possit,
1589 2180 1666 2200 sana
1688 2170 1772 2201 ratio

1012 2212 1189 2254 excogitari
1223 2223 1286 2243 non
1322 2219 1443 2254 potest.
1492 2212 1544 2243 Cf.
1569 2223 1652 2254 quae
1675 2225 1771 2255 supra

1011 2257 1052 2287 ad
1074 2258 1097 2288 Ι.
1118 2258 1167 2294 12,
1184 2256 1236 2289 27.
1260 2256 1300 2287 de
1322 2256 1464 2299 repetita
1485 2263 1518 2287 et
1536 2257 1654 2288 omissa
1674 2269 1773 2300 prae-

1011 2301 1180 2353 positione
1200 2300 1349 2332 diximus.

1078 2348 1247 2386 inyeniosi,
1271 2350 1368 2377 ul—
1380 2369 1390 2385 ‚
1421 2348 1465 2377 sic
1483 2346 1542 2388 illi]
1569 2346 1639 2377 Etsi
1660 2346 1772 2378 subie-

1013 2397 1100 2421 ctum
1135 2390 1199 2420 iam
1231 2390 1427 2429 antecessit,
1463 2397 1572 2421 tamen
1605 2403 1704 2434 saepe
1739 2391 1772 2423 in

1012 2434 1289 2466 enuntiitionibus
1326 2434 1558 2477 comparativis
1592 2435 1623 2466 in
1661 2435 1772 2478 piimis

1009 2479 1041 2510 in
1069 2479 1300 2522 oppositione,
1326 2490 1509 2521 pronomen
1534 2479 1771 2511 demonstrati-

1010 2535 1084 2555 vum
1099 2523 1279 2555 subiectum
1292 2535 1518 2566 praegressum
1531 2530 1684 2566 repetens
1698 2536 1769 2555 cum

1010 2568 1041 2599 vi
1062 2569 1200 2611 quadam
1222 2569 1364 2610 ponitur.
1402 2568 1452 2598 Cf.
1478 2568 1570 2605 c.30,
1587 2566 1640 2599 64.
1665 2569 1767 2611 Legg.

1009 2614 1066 2646 ΙΙΙ.
1089 2613 1128 2651 2,
1154 2615 1191 2645 5:
1221 2613 1342 2644 Noster
1364 2623 1441 2643 vero
1465 2612 1557 2643 Plato
1578 2612 1731 2643 Titanum
1752 2625 1770 2644 e

1007 2669 1127 2699 genere
1149 2657 1264 2689 statuit
1288 2668 1364 2695 θος,
1389 2658 1462 2696 qui,
1487 2662 1523 2686 ut
1546 2655 1592 2686 illi
1616 2657 1768 2688 caelesti-

1007 2702 1086 2739 bus,
1123 2702 1170 2733 sic
1198 2704 1228 2733 hi
1262 2701 1326 2744 (vel
1357 2700 1465 2743 potius
1484 2701 1519 2740 ii)
1555 2699 1768 2733 adversentur

1008 2746 1261 2788 magistratibus
1312 2745 1361 2776 Cf.
1382 2747 1581 2776 Hulsemann.
1604 2745 1645 2776 ad
1667 2747 1767 2778 Acad.

1009 2792 1112 2829 ΙΙ.5,
1142 2787 1341 2832 1111455.
1390 2788 1479 2820 Idem
1503 2788 1539 2819 fit
1561 2801 1658 2831 saepe
1679 2791 1767 2844 apud

1009 2836 1167 2874 Graecos,
1193 2801 1239 2865 utp
1254 2833 1583 2864 Xen.Commenta1-.
1608 2835 1632 2866 Ι,
1653 2835 1685 2874 2,
1703 2833 1765 2867 24:

1007 2876 1227 2934 Ἀλκιβιάδης
1247 2897 1309 2919 —‚
1334 2873 1443 2919 ὥςπερ
1467 2877 1497 2909 οἱ
1512 2879 1577 2911 τῶν
1601 2879 1767 2921 γυμνικῶν

1010 2920 1148 2966 ἀγώνων
1192 2920 1336 2964 ἀθληταὶ
1382 2921 1507 2965 ῥᾳδίως
1546 2922 1769 2965 πρωτεύοντες
