1832 3137
632 106 794 138 Lissa
822 106 925 146 n.4‚
954 105 1004 139 12.
1525 96 1604 139 189

44 197 141 240 quae
165 183 393 239 quibusdam
419 184 530 238 quasi
559 185 777 239 praeceptis
801 185 1004 225 confirmat
1028 185 1104 225 vim
1133 184 1383 225 fortitudinis.
1447 184 1509 226 Te
1536 200 1605 227 na-

43 266 129 298 tura
150 257 351 298 excelsum
376 257 566 311 quendam
589 258 771 298 videlicet
791 265 830 297 et
850 258 968 298 altum
991 266 1030 298 et
1050 259 1212 298 humana
1236 258 1514 313 despicientem
1537 273 1605 313 ge-

45 330 152 382 nuit,
186 331 314 384 itaque
338 330 452 371 facile
475 331 514 371 in
535 331 665 370 animo
691 330 776 370 forti
800 338 933 370 contra
958 338 1119 371 mortem
1143 331 1272 372 habita
1295 331 1438 372 insedit
1463 331 1603 372 oratio.

41 401 123 444 Sed
156 403 254 444 haec
283 403 418 444 eadem
451 418 540 443 num
573 417 712 444 censes
743 403 842 458 apud
875 416 943 442 eos
975 404 1080 457 ipsos
1106 404 1263 455 valere,
1296 404 1370 445 nisi
1401 405 1605 446 admodum

43 490 206 531 paucos,
240 490 260 516 a
285 476 424 530 quibus
447 477 624 527 inventa,
658 477 868 531 disputata,
903 476 1123 529 conscripta
1149 478 1265 517 sunt?
1323 476 1478 531 Quotus
1504 479 1606 519 enim

43 549 208 603 quisque
237 549 553 604 philosophorum
587 549 808 598 invenitur,
845 548 906 602 qui
935 549 985 588 sit
1012 549 1063 588 ita
1092 557 1287 601 moratus,
1321 552 1373 591 ita
1406 553 1534 592 animo
1562 567 1607 593 ac

43 623 125 663 vita
156 622 414 674 constitutus,
448 629 490 663 ut
514 623 614 662 ratio
641 622 838 677 postulat?
869 621 932 675 qui
962 621 1201 676 disciplinam
1231 636 1339 663 suam
1370 639 1446 664 non
1478 633 1609 666 osten-

47 695 236 736 tationem
260 695 464 746 scientiae,
499 696 565 736 sed
592 695 715 748 legem
741 695 845 736 vitae
872 696 1008 750 putet?
1039 694 1100 748 qni
1127 695 1369 750 obtemperet
1393 697 1476 751 ipse
1499 697 1606 737 sibi⁶

47 776 88 808 et
110 769 280 814 decretis
302 768 384 808 suis
409 770 571 822 pareat?
623 774 689 808 1‘2.
718 767 866 808 Videre
888 767 979 808 licet
1000 768 1097 808 alios
1120 774 1226 808 tanta
1247 769 1406 809 levitate
1431 777 1470 810 et
1488 770 1610 811 iacta-

44 841 166 892 tione,
195 848 237 881 ut
260 841 307 881 iis
334 841 482 881 fuerit⁷
509 855 586 881 non
609 841 792 881 didicisse
814 841 967 892 melius,
996 841 1094 882 alios
1114 842 1303 896 pecuniae
1326 842 1500 898 cupidos,
1528 843 1611 898 glo-

131 957 154 991 6
179 959 215 991 R.
238 958 388 1002 (Tregd.)
416 959 501 991 Gud.
519 959 547 992 1.
573 966 605 991 et
628 959 780 992 nonnulli
802 960 856 992 alii
877 959 975 992 codd.
1000 966 1034 991 et
1055 959 1233 992 nonnullae
1253 959 1328 992 edd.
1355 966 1437 991 vett.
1460 962 1521 1000 ipsi
1541 963 1610 993 sibi.

43 1009 92 1037 At
110 1017 141 1036 v.
164 1004 247 1036 Adn.
268 1004 310 1036 ad
333 1006 356 1035 1.
375 1003 432 1043 30,
456 1003 511 1037 73.
557 1003 578 1037 7
604 1004 658 1036 Sic
678 1005 716 1037 R.
740 1005 826 1037 Gud.
843 1004 872 1036 1.
888 1004 919 1036 2.
947 1007 989 1036 ΙΙ.
1015 1005 1155 1047 aliique3
1180 1008 1220 1037 iis
1240 1009 1273 1036 uc
1293 1007 1316 1046 f.
1339 1004 1414 1037 edd.
1436 1012 1518 1037 vett.
1532 1006 1611 1048 plu—

47 1050 148 1081 rimae
171 1056 204 1080 et
227 1049 377 1080 nonnulli
400 1049 581 1081 deteriores
605 1049 723 1084 codd.;
749 1050 851 1088 male5
877 1062 953 1081 nam
976 1053 1015 1082 iis
1038 1050 1199 1081 minorem
1222 1050 1322 1081 habet
1346 1050 1432 1087 vim,
1458 1061 1554 1092 quam
1577 1057 1613 1081 ut

44 1095 128 1127 hacc
153 1093 345 1136 exquisitior
369 1094 545 1125 verborum
570 1094 745 1127 collocatio
772 1098 814 1137 (v.
840 1095 883 1126 ad
906 1096 928 1125 Ι.
951 1094 991 1132 8,
1021 1092 1086 1135 16.)
1113 1102 1189 1136 apte
1211 1094 1319 1126 locum
1344 1094 1475 1126 habeat.

47 1163 70 1193 Ι.
98 1162 158 1199 12,
183 1160 243 1193 27;
269 1162 431 1200 quandam
455 1163 545 1200 quasi
570 1160 810 1203 migrationem.

51 1206 127 1238 Aliis
158 1205 239 1236 locis
275 1206 346 1236 fere
370 1206 487 1237 vocula
509 1209 600 1245 quasi
624 1206 812 1248 praemitti-

46 1258 101 1282 tur
136 1250 320 1292 pronomini
353 1252 501 1290 quidam,
538 1251 582 1281 uti
608 1252 646 1281 II.
669 1250 731 1289 26,
755 1249 810 1283 64.

46 1297 106 1327 111.
130 1296 186 1333 11,
208 1296 271 1327 25:
306 1297 398 1334 quasi
416 1296 573 1334 quasdam
595 1294 706 1326 furias.
758 1296 812 1326 1V.

49 1339 101 1378 11,
125 1337 188 1371 24:
223 1341 313 1379 quasi
334 1341 489 1378 quaedam
512 1339 682 1371 Socratica
704 1339 813 1370 medi—

48 1385 131 1416 cina.
178 1385 217 1414 V.
243 1383 412 1425 exempla,
449 1394 531 1426 quae
564 1384 699 1426 collegit
732 1384 811 1415 dili-

45 1429 158 1472 gentia
187 1430 286 1460 Beieri
316 1427 358 1459 ad
384 1428 480 1460 offic.
508 1429 531 1459 1.
555 1428 586 1467 9,
613 1429 667 1461 30.
703 1441 734 1472 p.
755 1429 811 1462 (57.

849 1162 1070 1192 commentar.
1096 1173 1121 1191 z.
1147 1161 1178 1192 d.
1195 1161 1268 1193 Lat.
1288 1161 1486 1205 Styliibung.
1509 1174 1541 1205 p.
1555 1162 1611 1196 28.

847 1208 946 1237 Klotz.
971 1206 1013 1236 ad
1044 1205 1191 1236 Laelium
1226 1217 1257 1248 p.
1283 1206 1355 1239 142.
1405 1210 1546 1247 Seyffert.
1571 1206 1614 1239 ad

848 1249 943 1282 eund.
964 1250 995 1287 ἒ),
1022 1251 1076 1281 25).
1102 1262 1133 1292 p.
1151 1249 1222 1282 199.
1245 1257 1278 1281 et
1302 1251 1359 1288 13,
1382 1250 1435 1283 4&-
1469 1264 1500 1294 p.
1524 1253 1612 1290 322„

848 1294 903 1337 qui
925 1294 1007 1325 illud
1028 1297 1159 1334 qnidam
1176 1295 1287 1326 reddit
1312 1303 1424 1328 nostro
1445 1298 1613 1337 wahrhaft,

846 1350 938 1379 yanz.
996 1341 1133 1370 Kithner.
1167 1340 1206 1370 L.
1229 1341 1284 1371 Gr.
1325 1343 1353 1382 ᾗ.
1377 1340 1448 1373 124.
1478 1342 1558 1374 Not.
1580 1341 1612 1374 ὃ.

849 1383 1039 1426 Comparari
1071 1390 1181 1426 potest
1214 1396 1285 1415 cum
1318 1385 1376 1416 illo
1408 1389 1507 1417 nescio
1539 1388 1615 1426 quid

844 1431 1045 1469 praeclarum
1070 1440 1131 1470 pro
1157 1428 1255 1460 Arch.
1281 1429 1313 1462 7.

50 1475 101 1506 Cf.
125 1476 270 1505 Goerenz.
288 1472 331 1504 ad
351 1472 509 1504 Academ.
536 1474 560 1504 Ι.
584 1472 615 1509 6,
635 1472 688 1505 24.
714 1471 812 1516 p.41.

47 1526 81 1551 et
96 1520 295 1558 Starenbury.
318 1517 361 1549 ad
382 1529 428 1549 or.
447 1529 508 1560 pro
528 1518 627 1549 Arch.
651 1529 683 1560 p.
696 1520 739 1551 30
750 1530 813 1561 sq„

48 1563 104 1608 qui
125 1563 268 1606 primum
293 1563 491 1601 observavit,
517 1563 604 1605 apud
621 1563 812 1595 Ciceronem

49 1608 152 1640 semel
173 1614 302 1639 tautum
324 1607 388 1650 legi
407 1612 434 1640 et
453 1610 583 1648 quidam
602 1611 693 1648 quasi
713 1610 813 1651 (Part.

50 1659 133 1686 orat.
168 1653 238 1691 IX,
261 1652 299 1685 31
318 1652 352 1693 ),
389 1653 505 1684 ceteris
530 1653 611 1684 locis
635 1665 765 1696 semper
789 1657 816 1686 et

48 1701 139 1739 quasi
159 1699 310 1737 quidam,·
343 1704 414 1728 tum
442 1697 533 1729 nullo
567 1697 641 1730 loco
674 1698 813 1730 inveniri

48 1748 140 1783 atque
163 1742 226 1784 (ac)
250 1745 341 1782 quasi
362 1744 512 1782 quidam,
545 1754 652 1786 neque
676 1743 813 1775 omnino

49 1792 138 1828 alque
165 1788 228 1830 tac)
254 1789 367 1826 quasi,
400 1799 508 1830 neque
536 1792 628 1828 atque
654 1788 717 1830 (ac)
745 1793 815 1820 tan-

48 1843 166 1873 quam,
189 1831 248 1862 sed
264 1842 394 1874 semper
417 1836 443 1864 et
467 1835 568 1872 quasi,
593 1837 620 1864 et
644 1837 815 1872 tanquam,-

51 1877 139 1909 cuius
158 1876 205 1908 rei
226 1888 372 1907 caussam
390 1877 532 1918 positam
549 1888 620 1908 esse
636 1878 667 1908 in
685 1877 816 1909 diversa

50 1922 82 1953 vi
105 1921 341 1964 particularum
365 1925 455 1960 atque
481 1922 545 1963 (acl
573 1928 606 1953 et
630 1925 666 1953 et.

118 1969 272 1998 excelsum
305 1967 475 2006 quendam]
517 1967 559 1997 H.
589 1978 616 1998 e.
654 1966 817 1997 excelsum

50 2011 230 2046 hominem,
253 2016 289 2040 ut
315 2010 372 2040 Gr.
395 2008 542 2051 γενναῖόν
563 2022 644 2043 τινα.
682 2012 721 2043 V.
736 2013 816 2043 Wol-

51 2058 129 2096 fium
151 2061 184 2086 et
205 2056 353 2087 Orellium
376 2055 417 2085 ad
443 2054 474 2085 h.
500 2055 521 2086 l.
571 2056 659 2087 Infra
684 2057 739 2093 IV,
760 2054 814 2094 28,

51 2100 105 2132 61.
153 2099 224 2130 Fin.
260 2100 302 2130 11.
330 2097 391 2137 14,
415 2097 478 2131 46:
524 2100 625 2131 altum
660 2100 817 2143 quiddam

53 2151 84 2175 et
107 2144 281 2176 excelsum.
316 2145 424 2183 Quum
442 2156 519 2176 vero
540 2145 747 2177 substantivo
764 2145 817 2176 vel

51 2190 114 2221 soli
136 2189 187 2221 vel
212 2200 284 2220 cum
305 2188 466 2220 adiectivo
488 2190 665 2222 coniuncto
689 2201 818 2233 prono-

53 2246 125 2266 men
147 2236 276 2274 quidam
291 2233 434 2271 additur,
451 2240 520 2265 tum
541 2235 606 2267 hoc
620 2235 818 2278 pronomine

53 2279 216 2311 indicatur
239 2278 363 2321 aliquid
381 2279 532 2311 eximium
548 2280 617 2311 sive
638 2280 671 2312 in
685 2281 818 2318 bonam,

53 2323 123 2355 sive
149 2323 184 2354 in
213 2324 331 2354 malam
355 2330 492 2366 partem.
542 2326 571 2356 Is
595 2326 647 2368 qui
672 2326 819 2369 loquitur

54 2368 100 2399 rei
122 2368 382 2409 magnitudinem
414 2369 464 2399 vel
489 2369 594 2400 nescit
618 2370 669 2401 vel
693 2370 818 2402 nescire

54 2424 90 2444 se
112 2412 215 2454 fingit.
265 2412 387 2444 Eadem
409 2412 456 2443 vis
478 2419 527 2443 est
551 2414 666 2446 Graeci
689 2426 818 2457 prono-

54 2457 150 2488 minis
174 2456 337 2488 indefiniti
357 2456 418 2494 τίς.
466 2458 505 2488 V.
531 2469 590 2489 nos
623 2458 655 2489 in
679 2460 734 2491 Gr.
759 2461 815 2490 Gr.

55 2503 94 2534 T.
118 2503 158 2533 ΙΙ.
186 2505 213 2542 ξ.
228 2501 304 2541 633,
329 2499 360 2533 4.
413 2502 484 2543 (Gr.
508 2502 610 2533 schol.
633 2504 752 2545 §.50:5,
772 2502 816 2544 4.)

58 2547 146 2578 Infra
163 2548 220 2578 111.
247 2547 278 2584 2,
297 2547 328 2579 3.
355 2545 409 2584 26,
425 2546 479 2578 63.
508 2548 547 2577 V.
570 2547 618 2585 10,
641 2549 694 2580 31.
730 2550 819 2580 Lae—

56 2591 116 2623 lius
136 2592 169 2632 9,
190 2595 233 2624 2:
271 2591 471 2622 admirabilis
494 2592 653 2634 quaedam
679 2593 818 2624 exarde-

57 2637 119 2668 scit
142 2636 394 2668 benevolentiae
417 2636 621 2679 magnitudo.
660 2637 761 2669 Acad.
781 2639 819 2669 11.

61 2681 91 2721 l,
114 2680 153 2713 2:
189 2681 388 2713 incredibilis
414 2681 574 2724 quaedam
602 2681 723 2724 ingenii
748 2693 818 2714 ma-

60 2725 197 2766 gnitudo
214 2738 278 2764 ——3
304 2725 417 2758 habuit
441 2727 527 2758 euim
551 2726 694 2758 divinam
714 2738 821 2769 quan-

62 2768 137 2800 dam
165 2770 355 2803 memoriam
388 2783 507 2802 rerum.
566 2772 616 2802 Ct'.
651 2774 745 2803 Beier.
779 2771 821 2803 ad

64 2813 158 2844 offic.
186 2815 208 2846 1.
234 2815 293 2853 15,
315 2814 367 2849 47.
399 2827 433 2858 p.
459 2817 530 2848 115.
563 2822 596 2846 et
623 2818 660 2847 11.
690 2818 743 2852 ΙΙ,
765 2817 819 2848 3³1.

62 2869 95 2899 p.
110 2859 164 2890 35.
209 2861 349 2892 ochsner.
372 2861 438 2892 Ecl.
456 2861 557 2892 Cicer.
580 2872 611 2902 p.
626 2861 657 2893 9.
684 2863 732 2892 11.
751 2862 820 2892 132.

61 2901 137 2934 321.
174 2905 344 2937 Gernhard.
367 2905 408 2936 ad
432 2905 523 2937 Lael.
549 2907 600 2943 13,
623 2904 676 2937 4³.
713 2908 821 2937 Moser.

62 2946 103 2978 ad
128 2947 229 2990 Legg-
252 2949 273 2978 Ῑ-
300 2949 330 2982 7.
364 2962 395 2992 p.
420 2948 497 2983 549.
544 2953 622 2989 Any.
646 2952 818 2990 Grotefend.

916 1472 1071 1515 videlt'cet]
1097 1473 1218 1504 Videre
1239 1473 1326 1512 licet,
1353 1474 1541 1507 manifesto.
1575 1476 1614 1507 V.

849 1518 891 1550 ad
916 1520 938 1549 1.
962 1519 1016 1557 21,
1042 1517 1096 1550 ΞΗ.
1123 1525 1155 1549 ct
1181 1519 1220 1550 H.
1251 1520 1310 1557 11,
1335 1519 1389 1552 27.

920 1566 953 1594 in
976 1565 1081 1594 animo
1104 1565 1177 1603 forti
1202 1583 1242 1586 —
1266 1566 1378 1596 insedit
1401 1565 1516 1608 oratio]
1544 1568 1614 1607 Ap·-

849 1609 959 1652 posite
977 1610 1077 1639 Moser
1101 1619 1208 1650 comp.
1224 1620 1284 1651 pro
1307 1609 1404 1640 Corn.
1419 1610 1509 1642 Balb.
1533 1612 1557 1649 Ι,
1573 1609 1613 1644 4:

848 1654 881 1685 in
906 1652 1021 1685 animis
1058 1653 1204 1684 omnium
1236 1654 1365 1696 penitus
1391 1654 1512 1686 insedit
1538 1667 1615 1688 ora-

849 1698 910 1730 tio.
937 1698 978 1729 ad
1005 1701 1071 1729 Att.
1100 1699 1120 1729 1.
1147 1700 1203 1730 11:
1229 1699 1328 1730 habet
1354 1700 1509 1742 quiddam
1534 1712 1616 1743 pro-

850 1744 962 1781 fecto,
999 1742 1089 1785 quod
1116 1743 1217 1785 magis
1241 1743 1273 1775 in
1300 1745 1409 1776 animo
1435 1745 1501 1776 eius
1526 1746 1615 1778 inse-

850 1788 946 1819 derit.

909 1835 1025 1871 Quoius
1037 1835 1163 1872 quisque
1173 1835 1440 1876 philosophorum]
1461 1836 1597 1878 Proprie
1609 1848 1616 1868 ε

850 1879 905 1909 der
922 1879 981 1908 wie
995 1879 1098 1908 vielste
1115 1879 1278 1917 jedesmal,
1303 1878 1334 1908 h.
1350 1890 1376 1909 e.
1399 1890 1495 1921 quam
1509 1880 1616 1922 pauci,

851 1922 905 1953 Sic
930 1922 972 1952 N.
996 1922 1035 1951 D.
1062 1922 1092 1958 1,
1117 1925 1178 1954 2ι5ε
1217 1923 1345 1960 Quotus
1370 1924 1455 1955 enim
1481 1926 1617 1969 quisque

852 1967 1017 1998 formosus
1037 1965 1112 1996 est?
1130 1985 1169 1989 —
1185 1969 1229 1997 ita
1246 1972 1396 2000 moratus.
1423 1970 1522 2002 Acad.
1540 1972 1562 2009 l,
1576 1970 1615 2003 9:

853 2010 1103 2053 Theophrastus
1119 2017 1238 2049 autem,
1259 2012 1308 2042 vir
1327 2019 1360 2043 et
1375 2014 1525 2046 oratione
1540 2026 1618 2046 sua—

852 2056 900 2087 vis
925 2063 959 2087 et
980 2055 1026 2086 ita
1046 2060 1207 2095 moratus,
1242 2063 1278 2087 ut
1301 2068 1380 2098 prae
1405 2071 1440 2090 se
1464 2060 1618 2102 probita—

852 2108 918 2132 tem
941 2099 1103 2143 quandam
1126 2107 1159 2131 et
1180 2101 1416 2143 ingenuitatem
1443 2105 1539 2136 ferat.
1578 2106 1617 2138 V.

855 2148 998 2178 Ochsner.
1021 2144 1132 2187 Eclog.
1150 2145 1213 2176 Cic.
1239 2158 1268 2188 p.
1281 2146 1356 2179 309.
1394 2150 1441 2179 De
1459 2162 1488 2182 v.
1507 2153 1618 2182 consti-

854 2195 938 2222 tutus
950 2192 1083 2222 Orellius
1100 2191 1239 2222 contulit
1261 2203 1322 2233 pro
1336 2193 1443 2225 Sestio
1467 2194 1520 2229 (55.
1537 2195 1616 2228 137:

853 2235 1064 2266 benenatura
1083 2235 1255 2267 constituti
1276 2236 1346 2267 viri.
1379 2239 1469 2269 Lael.
1491 2240 1536 2274 155,
1554 2238 1616 2272 47:

853 2280 953 2312 animi
966 2280 1050 2311 bene
1073 2280 1255 2311 constituti.
1288 2280 1384 2313 Adde
1405 2283 1491 2313 infra
1516 2283 1548 2321 (i,
1569 2283 1618 2317 17.

853 2326 909 2356 IV.
932 2325 987 2363 37,
1010 2326 1064 2357 &st

920 2371 1062 2410 decretis]
1090 2372 1216 2401 Decreta
1240 2369 1515 2412 philosophorum
1544 2379 1620 2404 sunt

854 2415 1004 2446 Ciceroni
1021 2415 1221 2444 Graecorum
1245 2411 1410 2456 δόγματα.
1453 2417 1553 2448 acad.
1580 2419 1618 2449 ΙΙ.

853 2459 884 2497 9,
903 2459 965 2492 ¹27:
994 2458 1181 2501 (sapientia)
1205 2470 1287 2500 quae
1312 2471 1417 2502 neque
1434 2461 1475 2492 (le
1495 2473 1530 2493 se
1548 2462 1620 2505 ipsa

855 2503 1006 2535 dubitare
1037 2503 1156 2537 debet,
1193 2515 1298 2546 neque
1324 2504 1366 2535 de
1390 2506 1454 2536 suis
1480 2509 1620 2547 decrestis,

855 2559 938 2590 quae
957 2547 1146 2590 philosophi
1167 2555 1287 2579 vocant
1310 2547 1475 2591 δόγματα.
1514 2552 1621 2584 Etiam

854 2593 991 2623 verbum
1012 2594 1193 2624 decernendi
1219 2602 1393 2635 usurpatur
1417 2596 1457 2626 de
1483 2605 1620 2628 senten-

855 2637 912 2676 tia,
939 2648 1034 2679 quam
1055 2644 1235 2680 sequuntur
1250 2639 1452 2683 philosophi,
1477 2649 1511 2672 ut
1532 2642 1620 2674 iufra

858 2693 883 2714 c.
905 2681 936 2719 6,
957 2681 1017 2714 16:
1043 2681 1069 2712 si
1094 2682 1126 2712 id
1145 2694 1304 2715 summum
1327 2686 1446 2716 malum
1470 2698 1540 2718 esse
1567 2690 1619 2719 de-

856 2729 990 2758 creverit.

925 2772 953 2814 §.
982 2771 1032 2803 12.
1072 2774 1193 2804 levitate
1228 2778 1254 2804 et
1284 2776 1460 2817 iactatione]
1498 2778 1616 2808 verte:

854 2817 1078 2855 prahlerischer
1101 2819 1249 2849 Eilelket'l.
1299 2819 1428 2850 Scilicet
1450 2820 1618 2862 proprium

857 2867 905 2891 cst
928 2860 1008 2892 illud
1032 2861 1138 2892 Latini
1170 2863 1350 2897 sermonis.
1378 2871 1431 2901 ut,
1458 2865 1510 2895 ubi
1534 2864 1618 2896 duae

857 2905 1024 2937 nominum
1041 2906 1212 2945 notiones,
1244 2919 1377 2950 quarum
1399 2909 1500 2939 altera
1522 2908 1618 2941 alteri

856 2950 1002 2982 subiecta
1025 2958 1093 2990 est,
1121 2963 1218 2994 quum
1241 2953 1343 2984 altera
1366 2953 1548 2985 universam
1573 2954 1619 2986 rei
