1832 3137
629 72 974 106 PROLEGOMENA.
1524 68 1582 113 33

21 162 134 204 sunt,
164 155 300 193 subter
320 166 359 192 se
380 153 542 203 habeat,
573 153 767 205 culpaque
789 155 898 192 omni
916 168 1068 205 carens,
1099 163 1258 208 praeter
1275 171 1315 197 se
1336 161 1458 212 ipsam
1478 162 1580 201 nihil

22 230 175 263 censeat
200 223 251 261 ad
274 236 313 260 se
331 221 548 273 pertinere:
584 221 787 272 sequitur,
819 229 866 260 ut
886 236 929 261 ea
952 223 1001 261 ad
1023 224 1132 263 beate
1155 225 1370 265 vivendum
1395 235 1579 268 contenta

21 292 85 331 sit.
143 291 263 339 Quod
283 296 435 339 autem,
466 302 588 340 quum
608 295 678 326 aut
700 290 881 340 corporis
901 291 1109 330 doloribus
1134 294 1381 345 cruciamur,
1413 303 1484 335 aut
1503 298 1578 336 ad-

19 359 146 399 versis
166 359 351 397 fortunae
374 358 528 396 casibus
553 356 785 408 affligimur,
815 370 927 408 saepe
950 358 1044 398 huic
1068 362 1284 400 sententiae
1305 363 1486 402 diffidere
1509 365 1577 404 in-

20 428 205 479 cipimus3
245 427 287 465 id
312 426 405 464 inde
426 425 491 474 fit,
531 425 638 475 quod
661 437 710 461 ex
730 423 895 462 humani
915 427 1068 477 generis
1091 429 1276 479 mollitia,
1320 445 1407 472 non,
1422 446 1470 470 ex
1490 433 1578 484 ipsa

20 495 172 534 virtute
202 495 249 533 de
273 494 438 533 virtutis
468 494 612 531 robore
633 491 910 530 existimamus.
939 491 979 544 §2
1006 497 1044 532 5.
1069 499 1108 534 4.
1166 498 1288 536 Cuius
1317 499 1476 549 quidem
1509 514 1576 539 er-

0 563 124 601 roris
155 563 280 601 omnis
323 576 344 600 a
375 560 626 614 philosophia
660 560 830 611 petenda
863 561 1061 599 correctio
1094 570 1164 600 est.
1198 586 1254 593 —
1321 566 1577 619 Philosophia

18 705 221 750 peratores
240 698 415 748 graviter
434 702 641 734 notantur.
669 694 709 747 §.
730 699 768 734 6.
831 697 883 734 De
901 696 1176 748 philosophiae
1195 699 1432 749 antiquitate
1452 702 1577 752 deque

18 766 143 816 ipsius
167 765 335 802 nominis
357 763 520 815 origine.
552 778 585 801 c.
606 768 646 803 5.
705 764 760 801 De
784 764 1029 816 Pythagora,
1060 779 1142 803 non
1164 767 1336 805 nominis
1357 769 1484 806 solum
1507 769 1574 807 in-

2 631 181 801 iegregiis
202 630 384 668 laudibus
404 635 633 677 exornatur,
664 642 696 666 c.
718 632 756 666 2.
777 626 817 679 §.
838 631 876 666 5.
896 628 1056 679 eiusque
1070 637 1362 682 contemptores
1382 635 1445 672 vel
1465 635 1578 674 vitu-

0 822 194 906 'ventore,
224 832 292 870 sed
312 845 444 870 rerum
468 831 583 869 etiam
603 831 781 883 ipsarum
800 832 1097 883 amplificatore.
1146 834 1203 871 De
1221 835 1397 873 Socratis
1416 836 1459 873 in
1477 836 1574 887 phi-

17 899 236 952 losophiam
264 900 447 938 moralem
467 899 615 938 meritis
639 899 764 951 deque
787 899 871 938 eius
895 900 1128 952 disputandi
1151 903 1451 941 consuetudine.
1482 918 1513 942 c.
1536 907 1575 942 4.

129 991 174 1029 II.
233 991 487 1029 Pnoposmm
517 986 674 1042 (θέσις).
737 991 828 1028 Non
852 991 1009 1029 videtur
1036 992 1096 1030 ad
1120 992 1231 1030 beate
1259 993 1473 1031 vivendum
1501 1009 1574 1032 scz—

19 1061 73 1095 tc's
96 1073 214 1109 posse
244 1061 388 1096 virtus.

1 1119 4 1135 l

2 1144 3 1154 ³
131 1162 164 1185 a.
223 1147 447 1185 Sententiae
482 1147 710 1198 propositae
741 1147 798 1185 sic
822 1148 1106 1199 respondetur:
1147 1151 1260 1188 Certe
1282 1150 1332 1188 ad
1356 1151 1449 1188 bene
1474 1149 1517 1203 (i.
1542 1165 1575 1189 e.

20 1213 195 1266 honeste)
216 1215 430 1253 vivendum
450 1215 544 1252 satis
563 1221 619 1252 est
635 1214 824 1266 praesidii
845 1215 886 1252 in
910 1216 1075 1254 virtute.
1135 1217 1473 1264 Quemadmodum
1496 1232 1574 1256 au-

18 1290 111 1330 tem,
142 1283 208 1332 qui
228 1282 324 1319 male
348 1282 473 1330 vivit,
504 1282 619 1319 miser
640 1281 691 1319 sit
714 1294 866 1319 necesse
891 1289 966 1331 est;
995 1283 1075 1331 ita,
1105 1284 1173 1333 qui
1197 1285 1294 1322 bene
1317 1285 1441 1333 vivit,
1473 1285 1574 1323 idem

15 1351 124 1388 beate
148 1349 261 1387 vivat
286 1361 435 1386 necesse
457 1355 524 1386 est.
552 1370 607 1375 -—
664 1348 709 1386 ld
734 1355 848 1399 negat
874 1350 1146 1399 adversarius,
1178 1350 1330 1399 dicens,
1361 1353 1454 1390 bene
1475 1350 1519 1404 (i.
1542 1367 1574 1391 e.

15 1415 190 1468 honeste)
221 1416 335 1454 etiam
362 1417 403 1453 in
436 1416 612 1454 maximis
643 1416 886 1454 cruciatibus
914 1417 1000 1455 vivi
1032 1431 1166 1468 posse,
1211 1432 1293 1456 non
1325 1419 1418 1457 item
1448 1420 1572 1457 beate.

0 1499 46 1542 yc.
72 1489 109 1522 5.
137 1482 177 1536 §-
208 1488 272 1522 12.
331 1484 484 1522 Tullius
513 1490 651 1521 contra
673 1484 808 1532 affert,
826 1493 829 1497 '
848 1484 970 1522 vitam
995 1485 1145 1523 beatam
1167 1499 1254 1523 cum
1273 1487 1496 1525 virtutibus
1518 1488 1575 1525 ita

0 1545 94 1590 lesse
117 1552 396 1600 consociatam,
427 1558 474 1589 ut
494 1565 698 1601 nunquam
717 1565 796 1600 eas,
829 1565 877 1589 ne
894 1552 928 1589 si
946 1552 997 1590 ad
1016 1559 1211 1591 tortorem
1231 1553 1388 1604 quidem
1408 1555 1574 1606 rapian-

16 1627 103 1668 tur,
144 1633 164 1656 a
184 1633 224 1657 se
246 1619 371 1657 deseri
394 1619 584 1670 patiatur.
610 1641 664 1646 —
722 1619 986 1658 Adversarius
1009 1621 1209 1669 concedit,
1249 1621 1353 1659 hanc
1375 1622 1574 1661 virtutum

14 1687 96 1725 vita
133 1688 242 1725 beata
274 1687 576 1725 coniunctarum
606 1687 804 1738 picturam
834 1688 1108 1738 amplissimam
1141 1701 1243 1737 esse,
1285 1702 1406 1739 quum
1444 1696 1574 1728 autem

15 1755 164 1793 animus
188 1755 236 1792 ab
260 1754 333 1792 ista
359 1755 518 1805 pictura
542 1754 857 1805 imaginibusque
885 1756 1084 1793 virtutum
1112 1756 1162 1793 ad
1182 1770 1263 1793 rem
1292 1757 1573 1808 veritatemque

13 1823 266 1870 traducatur,
298 1822 462 1874 probari
485 1836 564 1859 non
595 1835 728 1873 posse,
760 1835 866 1869 eum,
908 1823 976 1872 qui
998 1829 1259 1873 torqueatur,
1301 1825 1459 1862 beatum
1481 1838 1573 1862 esse.

11 1891 142 1928 Novas
167 1890 290 1941 igitur
310 1890 504 1937 rationes,
536 1890 679 1938 quibus
702 1889 769 1925 illa
793 1889 986 1926 sententia
1007 1889 1282 1939 confirmetur,
1325 1892 1572 1942 conquiren-

14 1957 82 1995 das
113 1971 204 1995 esse.
235 1955 274 2007 §-
299 1960 363 1994 15.
385 1959 450 1994 14.

126 2036 165 2073 b.
227 2035 304 2072 Iam
331 2035 465 2072 Cicero
490 2034 760 2072 adversarium
782 2035 942 2073 reducit
964 2036 1015 2073 ad
1042 2037 1100 2085 id,
1143 2037 1249 2088 quod
1268 2044 1398 2075 actum
1422 2044 1479 2076 est
1502 2052 1572 2076 su-

14 2103 235 2154 perioribus
261 2102 610 2153 disputationibus,
671 2103 722 2140 Ut
756 2103 874 2140 animi
906 2105 1228 2154 perturbationes
1264 2106 1384 2143 vitam
1423 2107 1572 2144 beatam

17 2171 182 2219 tollunt,
213 2170 268 2208 sic
291 2169 332 2207 in
355 2169 473 2207 animi
498 2170 631 2220 quieto
652 2176 689 2207 et
704 2170 861 2221 placato
881 2177 988 2208 statu
1007 2172 1090 2210 vita
1108 2173 1220 2211 beata
1243 2174 1435 2211 cernitur.
1497 2175 1571 2211 At—

0 2233 83 2288 ³qui
105 2238 258 2276 virtute
291 2237 461 2275 efficitur
499 2237 593 2274 haec
620 2238 736 2275 animi
761 2239 1003 2289 constantia,
1046 2254 1138 2291 ergo
1174 2241 1306 2278 virtus
1329 2241 1413 2290 ipsa
1436 2254 1509 2290 per
1534 2254 1572 2277 se

0 2305 133 2356 ,efficit
157 2305 279 2342 vitam
306 2306 470 2343 beatam.
501 2319 534 2343 c.
559 2311 598 2346 6.
656 2306 712 2343 Ita
749 2306 910 2345 videtur
939 2307 988 2344 ad
1021 2307 1173 2344 exitum
1205 2307 1357 2345 venisse
1380 2307 1572 2356 quaestio.

0 2362 302 2419 ¹Veruntamen,
334 2372 518 2421 quoniam
541 2371 637 2410 haec
656 2373 740 2424 ipsa
758 2387 816 2411 res
837 2374 1064 2424 gravissima
1088 2381 1162 2422 est,
1194 2387 1275 2411 eam
1295 2373 1449 2411 Tullius
1470 2388 1570 2424 pro—

0 2439 113 2490 priis
150 2445 188 2476 et
217 2439 296 2476 suis
329 2439 566 2489 argumentis
588 2446 626 2477 et
657 2441 992 2478 admonitionibus
1022 2441 1268 2478 tractandam
1302 2441 1501 2492 suscipere
1534 2455 1572 2479 se

14 2507 114 2544 velle
144 2506 254 2544 dicit.
284 2519 318 2543 c.
336 2509 374 2545 7.

128 2600 160 2622 c.
220 2584 482 2623 Adversarius
503 2585 735 2634 assentitur,
767 2598 901 2623 eorum
923 2598 1020 2636 quae
1041 2586 1176 2624 Cicero
1199 2587 1379 2639 posuerit
1403 2588 1568 2626 alterum

14 2651 128 2690 alteri
150 2666 390 2703 consequens
409 2666 507 2700 esse,
538 2659 602 2700 ut,
635 2652 970 2702 quemadmodum,
1001 2653 1046 2702 si,
1078 2655 1185 2704 quod
1203 2654 1414 2693 honestum
1433 2655 1496 2703 sit,
1528 2655 1569 2692 id

16 2719 141 2757 solum
163 2720 214 2757 sit
237 2721 395 2769 bonum,
427 2726 627 2770 sequatur,
658 2720 779 2757 vitam
802 2721 949 2758 beatam
969 2722 1120 2760 virtute
1145 2722 1298 2771 confici,
1328 2723 1404 2770 sic,
1435 2722 1467 2759 si
1487 2722 1569 2759 vita

17 2786 126 2824 beata
146 2787 185 2825 in
212 2787 363 2826 virtute
383 2788 454 2836 sit,
492 2787 594 2825 nihil
622 2801 701 2825 esse
723 2787 799 2825 nisi
825 2787 1015 2826 virtutem
1039 2790 1207 2840 bonum,
1244 2790 1310 2828 sed
1332 2803 1371 2827 se
1402 2802 1481 2826 non
1502 2788 1567 2825 in-

17 2853 185 2905 telligere
207 2855 323 2902 dicit,
356 2869 434 2905 quo
456 2856 571 2893 modo
601 2855 625 2891 ii
658 2854 882 2907 philosophi
899 2856 971 2894 sibi
994 2864 1196 2906 constent,
1229 2858 1317 2906 qui,
1349 2854 1495 2893 etiamsi
1518 2854 1570 2891 sit

1281 2926 1299 2936 ,-

83 2927 129 2955 ed.
151 2935 267 2963 quarta.
1278 2939 1301 2960 Ο
