1832 3137
1534 94 1618 137 ‘215

1485 184 1614 239 Quum

987 273 1102 312 quum
1136 265 1248 299 aestu
1277 272 1420 311 magno
1451 258 1617 298 ducebat

1509 329 1615 372 Con-

52 404 218 444 suetudo
257 403 360 444 enim
400 403 573 444 laborum
615 403 908 458 perpessionem
948 404 1122 444 dolorum
1163 404 1339 445 elliciet³
1384 404 1611 444 faciliorem.

49 482 120 518 56.
165 475 300 531 ltaque
332 476 407 527 illi,
454 476 517 531 qui
552 475 745 517 Graeciae
778 477 939 516 formam
972 490 1101 516 rcrum
1135 478 1372 531 publicarum
1405 478 1610 527 dederunt,

51 563 217 605 corpora
237 549 420 590 iuvenum
446 550 587 590 firmari
616 549 747 590 labore
776 549 1000 590 voluerunt.
1046 547 1160 602 Quod
1188 548 1410 605 Spartiatae
1436 551 1550 591 etiam
1574 549 1612 590 iu

51 623 216 663 feminas
239 623 546 674 transtulerunt,
579 636 677 676 quae
701 624 844 662 ceteris
868 621 906 661 in
932 622 1091 662 urbibus
1117 623 1344 663 mollissimo
1365 624 1470 663 cultu
1492 624 1615 678 paric-

637 104 1040 147 Lissuuu.15,36.

55 192 183 241 putas,
219 183 410 226 Graecia!
454 183 589 235 Aliud,
623 185 796 239 inquam,
830 192 890 226 est
917 185 1066 236 dolere,
1100 185 1202 226 aliud
1225 184 1422 226 laborare.

54 258 208 299 varices
244 257 480 298 secabantur
505 255 556 298 C.
582 256 735 309 Mario,
769 258 944 310 dolebat3

53 344 208 384 agmen,
237 330 453 370 laborabat.
497 329 573 371 Est
597 331 699 371 inter
722 330 816 370 liaeo
841 332 1026 384 quaedam
1051 333 1211 372 tamen²
1237 331 1462 372 similitudo.

51 701 132 736 tum
162 695 308 737 umbris
333 696 579 736 occuluntur.
628 693 688 735 llli
714 701 843 735 autem
864 695 1074 736 voluerunt
1097 695 1191 735 nihil
1217 695 1353 736 borum
1378 696 1502 736 simile
1529 709 1616 736 esse

797 771 900 820 apt'zd
928 771 1121 807 Lacaenas
1152 771 1346 820 virginem

226 842 368 892 Quibus
399 844 526 893 nitigis
551 844 767 893 palaestra,
801 844 950 880 Eurota
968 845 1011 889 ³,
1044 844 1122 889 sol,
1151 844 1303 893 pulvis,
1340 843 1459 887 labor,

224 917 371 954 iilt‘lt'tz’a
389 918 406 941 ³
441 918 479 954 ile
498 919 515 942 ³
548 918 672 954 studio
702 923 778 962 est,
814 918 927 966 qacim
949 916 1138 969 fertilitas
1155 918 1171 942 ³
1207 916 1411 967 barbata·

52 987 163 1044 Ergo
190 987 249 1029 his
275 987 484 1029 laboriosis
506 987 856 1029 exercitationibus
880 994 919 1028 et
942 988 1053 1028 dolor
1071 987 1298 1029 intercurrit
1321 1002 1614 1043 nonnunquam,

139 1093 162 1127 2
186 1094 241 1126 Sic
267 1096 323 1127 Or.
346 1106 374 1127 c.
390 1095 428 1126 R.
455 1094 541 1127 Gud.
566 1093 650 1126 11.2.
675 1094 780 1128 Marb.
803 1095 896 1127 Mon.
914 1094 988 1127 1.2.
1016 1106 1077 1139 pro
1102 1099 1204 1127 tamen
1225 1097 1392 1136 quaedam.
1440 1094 1462 1127 3
1486 1107 1517 1127 v.
1532 1095 1615 1126 Adn.

50 1161 158 1195 Praef.
180 1161 220 1194 3:
246 1161 371 1193 iuvabit
390 1172 493 1193 rerum
511 1166 668 1202 gestarum
688 1173 816 1193 memo-

49 1208 117 1240 riae
151 1209 303 1247 principis
324 1211 477 1238 terrarum
506 1210 615 1247 populi
648 1219 708 1249 pro
732 1206 817 1238 virili

51 1259 146 1296 parte
167 1263 220 1283 me
251 1251 357 1294 ipsum
383 1247 594 1283 cousuluisse.
646 1252 696 1282 Cf.
726 1253 817 1291 Wop-

50 1299 135 1329 kens.
157 1298 265 1328 Lectt.
290 1296 377 1329 Tull.
402 1298 436 1334 Ι,
464 1295 514 1329 16.
566 1296 668 1328 .122.
706 1295 817 1338 ibique

49 1344 223 1380 Handium,
248 1347 281 1372 et
293 1352 352 1371 nos
367 1352 399 1372 m
414 1341 470 1371 Gr.
486 1341 522 1372 L.
542 1342 570 1383 §.
585 1340 656 1372 111.
671 1341 752 1372 Not.
760 1341 814 1373 ‘²0.

49 1387 101 1418 De
122 1385 244 1429 duplici
267 1385 415 1428 genitivo
433 1385 520 1428 apud
537 1386 681 1416 Giaecos
703 1397 734 1417 v.
756 1396 816 1416 nos

50 1431 85 1462 in
109 1431 166 1463 Gr.
192 1430 250 1462 Gr.
275 1431 315 1462 T.
334 1431 372 1461 [1.
397 1432 425 1474 ᾗ.
444 1431 521 1470 542,
568 1430 686 1473 ..(61
711 1429 815 1461 schol.

49 1474 79 1517 §-
99 1475 174 1510 275.
204 1475 283 1506 Not.
301 1474 347 1515 7.)

117 1522 270 1552 studiosos
300 1521 347 1551 vel
377 1522 479 1559 potius
512 1524 653 1552 amantes
685 1521 814 1561 doloris]

49 1565 127 1597 Scil.
166 1562 372 1608 φιλοπόνους.
431 1564 584 1596 Ceterum
619 1565 728 1608 lapsus
765 1571 816 1596 est

51 1610 190 1648 Cicero;
226 1621 301 1640 nam
336 1609 393 1642 Gr.
427 1608 604 1651 φιλόπονος
634 1610 816 1652 respondet

48 1665 183 1698 prorsus
208 1654 312 1686 latino
336 1656 506 1686 industrius
530 1666 559 1685 v.
587 1657 768 1687 laboriosus.

117 1699 251 1742 varices]
287 1700 326 1731 V.
350 1701 482 1731 Erneslii
513 1699 603 1731 Clav.
630 1699 660 1731 h.
687 1711 719 1732 v.
767 1701 815 1731 De

49 1756 85 1776 re
107 1744 178 1787 ipsa
202 1744 246 1776 cf.
267 1743 354 1775 inira
379 1755 406 1775 c.
422 1744 476 1782 22,
498 1744 552 1778 53.
601 1744 682 1776 ΡΙίη.
707 1745 749 1777 H.
774 1745 816 1777 N.

48 1790 120 1829 XI,
145 1788 199 1822 45.
248 1788 412 1821 Plutarch.
437 1789 521 1820 Mar.
547 1801 579 1832 p.
602 1787 679 1822 405.

116 1836 226 1874 efficiet
253 1834 438 1876 faciliorem]
474 1835 527 1865 Or.
555 1845 582 1865 c.
608 1833 695 1865 Gud.
722 1835 763 1865 Π.
782 1833 814 1866 2.

49 1878 150 1911 duob.
166 1881 247 1910 Oxx.
261 1878 367 1910 Marb.
384 1878 489 1911 Rehd.
514 1878 628 1909 Duisb.
650 1881 731 1920 Aug.
750 1879 815 1909 tri-

50 1924 110 1956 bus
135 1923 241 1955 Gebh.
266 1929 301 1955 et
321 1923 398 1954 edd.
420 1923 525 1954 Leod.
548 1924 689 1955 HWols.
705 1923 813 1954 Gebh.

49 1969 150 2002 Verb.
174 1969 252 2001 Ern.
277 1979 348 2011 sqq.
372 1969 484 2007 efficit;
521 1969 559 1999 D.
585 1974 618 1998 et
641 1967 696 1998 Kl.
724 1979 751 1999 c.
775 1968 813 1998 R.

51 2013 138 2045 Gud.
164 2013 191 2045 1.
219 2013 268 2043 El.
290 2013 321 2045 ὃ.
347 2023 412 2043 uno
434 2014 493 2045 Ox.
515 2014 650 2053 efficiam
675 2012 814 2044 coniun-

50 2057 174 2089 ctivum
197 2059 336 2089 Klotzius
367 2063 462 2099 putat
490 2069 561 2089 esse
585 2057 814 2095 dubitativum,

50 2109 86 2134 ut
108 2102 141 2133 in
173 2103 258 2134 dicat
280 2104 416 2142 anquis,
453 2105 569 2134 mirum
597 2104 653 2134 hoc
678 2105 816 2142 cuipiam

50 2149 196 2179 videatur
218 2154 300 2179 etc.:
339 2158 421 2189 quae
446 2147 530 2178 ratio
559 2147 600 2178 ab
625 2147 658 2178 h.
680 2147 701 2178 l.
736 2147 815 2178 mihi

50 2192 182 2224 videtur
202 2203 273 2223 esse
296 2191 504 2224 alienissima.
549 2192 677 2234 Reliqui
702 2203 815 2223 omnes

49 2243 85 2268 et
105 2236 222 2279 scripti
245 2243 279 2268 et
298 2236 378 2268 editi
402 2237 558 2268 exhibent
581 2239 701 2277 efficiet,
726 2236 816 2280 quod

49 2281 243 2324 recepimus.
292 2282 406 2313 Futuri
439 2282 472 2313 in
507 2282 712 2324 generalibus
736 2294 815 2314 sen-

48 2326 161 2357 tentiis
181 2337 254 2357 usus
275 2327 362 2369 apud
377 2326 568 2359 Ciceronem
584 2334 633 2358 est
655 2327 816 2370 frequen-

50 2370 204 2402 tissimus.
254 2372 292 2401 V.
324 2371 365 2401 ad
391 2372 415 2401 l.
444 2371 499 2409 15,
526 2372 579 2403 35.
627 2373 667 2403 V.
698 2384 758 2404 nos
782 2372 815 2403 in

53 2415 110 2446 Gr.
124 2415 163 2446 L.
187 2414 308 2458 §.102
334 2414 366 2447 9.
408 2415 458 2445 Ad
481 2418 590 2455 efficiet
612 2416 712 2447 etiam
732 2417 816 2448 scri-

49 2466 147 2502 ptura
169 2461 283 2499 efficiat
306 2459 408 2490 ducit.
445 2459 579 2490 Minime
600 2460 711 2502 placet
734 2473 817 2493 con—

49 2504 175 2536 iectura
196 2506 302 2536 Orellii
321 2506 482 2545 efficiebat,
507 2511 542 2535 ut
564 2504 606 2536 de
621 2505 728 2537 Mario
752 2517 816 2538 uno

53 2548 168 2581 Cicero
192 2548 236 2580 sit
259 2549 292 2580 h.
314 2549 336 2581 l.
361 2550 499 2581 locutus.

120 2596 149 2638 §.
165 2592 219 2626 36.
267 2596 322 2634 Sp.
345 2597 378 2626 in
400 2596 532 2635 seminas
553 2595 710 2635 transtuli
740 2595 817 2632 „Ad

53 2650 123 2670 rem
145 2638 189 2670 cf.
211 2640 361 2679 Granium
383 2639 423 2671 de
447 2640 525 2681 Rep.
552 2641 630 2670 Lac.
654 2640 708 2670 ΙΙΙ.
734 2640 819 2671 'Fab.

55 2684 119 2721 IX,
141 2682 174 2715 4.
199 2694 230 2725 p
252 2684 452 2717 leo—1⁸8.
499 2686 644 2716 Beroald.
672 2683 712 2715 ad
735 2685 816 2717 Pro-

56 2734 141 2769 pert.
164 2729 231 2764 ΙΙΙ,
259 2728 308 2761 13.
334 2741 366 2772 p.
385 2728 460 2761 76¹2.
496 2729 545 2759 ed.
580 2730 690 2760 Lutet.
723 2727 818 2761 1604.

56 2771 82 2803 f.
104 2783 146 2803 m.
150 2775 170 2790 “
207 2775 315 2805 Moser.
364 2773 457 2804 Adde
481 2776 600 2805 Becher.
625 2773 766 2804 Cliarikl.
796 2775 818 2804 Ι.

56 2827 89 2858 p.
107 2815 173 2847 320
186 2828 256 2859 sqq.
290 2825 324 2849 et
346 2821 385 2850 Κ.
410 2821 444 2850 F.
469 2821 637 2850 Hermann.
664 2820 719 2849 Gr.
747 2818 819 2848 l‘ri-

58 2860 246 2892 vatalterth.
273 2875 302 2904 p.
326 2864 396 2895 111.
444 2865 583 2895 Merit-ius
607 2864 636 2893 in
662 2863 818 2894 obss-ru.

57 2904 146 2936 ined.
170 2916 275 2948 comp.
301 2907 410 2949 Eurip.
435 2908 590 2939 Androm.
611 2907 685 2940 597.
736 2909 818 2938 l'ro-

56 2955 141 2993 pert.
163 2951 220 2982 lli.
241 2949 291 2992 14,
317 2955 344 2985 1.
379 2952 548 2985 Theocrit.
571 2952 619 2984 ld.
645 2953 693 2993 1³5,
714 2952 755 2985 22
768 2964 817 2995 sq.

919 1162 1051 1205 Eurota]
1088 1162 1142 1194 Sic
1163 1169 1253 1194 recte
1277 1164 1330 1193 Or.
1357 1174 1383 1194 c.
1405 1162 1442 1193 R.
1469 1161 1557 1193 Gud.
1585 1163 1614 1194 1.

852 1207 893 1238 Π.
919 1208 950 1239 2.
985 1207 1121 1249 aliisque
1156 1218 1218 1249 pro
1253 1207 1340 1249 vulg.
1374 1209 1516 1239 Eurotas.
1575 1208 1614 1239 V.

851 1253 943 1291 Leop.
959 1254 1136 1284 Schneider.
1162 1253 1200 1283 L.
1218 1251 1275 1284 Gr.
1296 1253 1336 1284 T.
1355 1253 1396 1292 Π,
1415 1252 1442 1283 l.
1466 1263 1498 1294 p.
1511 1250 1555 1284 29
1564 1264 1613 1294 sq.

852 1302 885 1327 et
910 1308 969 1328 nos
991 1296 1023 1328 in
1051 1297 1107 1328 Gr.
1128 1297 1167 1327 L.
1193 1298 1220 1339 ξ.
1240 1294 1290 1328 1-1».
1315 1297 1395 1327 Not.
1412 1296 1440 1329 1.
1481 1298 1614 1329 Wesenb.

852 1342 922 1373 Em.
944 1343 984 1373 11.
1018 1339 1120 1383 p.43.
1152 1340 1239 1383 vulg.
1263 1344 1397 1373 Eurotas
1431 1341 1473 1373 ob
1507 1352 1575 1383 seq.
1602 1352 1615 1372 s

852 1384 1061 1417 retinendum
1095 1385 1293 1424 arbitratur,
1333 1397 1439 1428 comp.
1473 1388 1613 1425 Madvig.

851 1431 893 1462 ad
913 1431 984 1463 Fin.
1008 1431 1048 1461 ll.
1076 1432 1103 1472 §.
1121 1428 1174 1462 9-1.
1200 1441 1272 1461 cum
1295 1430 1371 1461 add.
1393 1450 1437 1455 —-
1469 1431 1518 1461 De
1537 1430 1616 1461 elisa

851 1475 958 1508 vocali
982 1475 1109 1506 Graeca
1139 1474 1299 1516 producta
1327 1477 1507 1514 palaestra,
1542 1477 1615 1506 Eur.

850 1533 881 1552 v.
894 1522 1088 1553 Lachmann.
1104 1519 1147 1551 ad
1159 1521 1290 1551 Lucret.
1309 1519 1339 1556 4,
1358 1518 1450 1551 1169.
1472 1538 1516 1543 -—
1541 1521 1616 1558 Qui-

850 1568 907 1598 bus
927 1567 1030 1605 magis
1053 1564 1230 1607 pronuntia
1251 1567 1358 1605 quiba’
1378 1567 1486 1604 niayi'.
1509 1565 1550 1595 V.
1574 1564 1615 1595 ad

850 1612 875 1642 Ι.
895 1609 927 1649 9,
955 1613 1006 1642 1ὅ.
1044 1609 1170 1641 inutilis
1192 1609 1292 1651 igitur
1315 1609 1503 1640 coniectura
1522 1612 1617 1649 queis.

849 1674 893 1680 —
918 1656 982 1686 Pro
1012 1657 1117 1694 labor,
1142 1657 1255 1686 Militia
1288 1654 1390 1687 Βοιὼ.
1416 1653 1500 1687 coni.
1532 1656 1619 1685 labor

850 1702 998 1732 militiae:
1023 1699 1112 1742 quod
1135 1699 1255 1741 probat
1278 1701 1411 1731 Wesenb.
1442 1698 1462 1729 l.
1484 1698 1528 1737 d.,
1555 1710 1616 1730 ex-

850 1743 976 1788 plicans
1000 1747 1088 1776 labor
1107 1747 1254 1776 militaris
1272 1759 1317 1771 =
1337 1746 1509 1775 laboriosae
1531 1753 1617 1775 exer-

849 1792 1027 1822 citationes:
1052 1801 1116 1832 quo
1138 1800 1203 1820 uno
1224 1789 1297 1820 illa:
1322 1790 1617 1828 palaestra—put-

849 1837 897 1866 vis
917 1841 1006 1865 recte
1029 1833 1361 1876 comprehendantur,
1388 1840 1420 1864 et
1439 1832 1480 1863 (le
1495 1833 1616 1864 omisso

849 1889 864 1910 e
888 1890 1080 1920 comparare
1108 1878 1221 1909 iubens
1253 1890 1326 1909 suas
1352 1879 1423 1908 Em.
1445 1879 1485 1909 ΙΙ.
1512 1889 1545 1920 p.
1563 1878 1618 1910 10.

851 1924 922 1965 Ego
937 1923 1015 1954 nihil
1030 1923 1172 1958 mutavi3
1199 1934 1273 1954 nam
1294 1924 1439 1953 militiam
1459 1921 1489 1953 h.
1505 1921 1527 1953 l.
1551 1934 1614 1953 non

850 1979 960 1999 veram
985 1967 1134 1998 militiam
1162 1967 1408 2009 intelligendam
1433 1978 1521 2007 esse,
1556 1967 1616 1998 sed

850 2013 1008 2044 militares
1031 2012 1294 2050 exercitatione&
1320 2023 1379 2053 per
1398 2024 1433 2042 se
1453 2018 1555 2053 patet.
1572 2031 1616 2036 —

849 2060 885 2090 In
906 2059 1008 2089 studio
1030 2059 1106 2089 milii
1127 2061 1170 2089 est
1192 2058 1313 2097 aliquid
1341 2056 1531 2099 exquisitius
1561 2056 1616 2088 di—

852 2110 959 2141 ctum,
985 2114 1102 2145 quam:
1129 2104 1230 2134 studio
1256 2103 1362 2143 (Dat.)
1387 2103 1463 2132 mihi
1487 2105 1530 2133 est
1554 2104 1616 2141 al.;

850 2155 928 2190 apte
950 2153 1145 2190 comparant
1177 2148 1254 2178 mihi
1278 2151 1321 2178 est
1347 2148 1467 2187 aliquid
1488 2149 1519 2178 in
1540 2149 1617 2178 deli-

850 2196 928 2232 ciis,·
969 2192 1096 2234 aliquot
1131 2191 1228 2223 codd.
1263 2191 1445 2222 deteriores
1469 2203 1533 2224 om.
1563 2195 1617 2223 in:

851 2237 938 2281 quod
952 2237 1072 2279 probat
1086 2239 1278 2268 Lachmann.
1292 2236 1332 2267 ad
1348 2238 1479 2267 Lucret.
1492 2235 1523 2274 4,
1539 2236 1615 2268 283.

917 2284 1061 2322 fertilitas
1088 2283 1238 2331 barbara]
1278 2282 1368 2312 Haec
1402 2280 1500 2311 verba
1534 2279 1617 2310 insi—

850 2327 960 2370 gniter
983 2333 1151 2358 torserunt
1174 2325 1394 2368 inttipietes
1430 2324 1484 2366 qui
1513 2324 1617 2367 pleri-

852 2384 914 2416 que
936 2383 1050 2403 omnes
1071 2371 1332 2413 ἰηῐθτρι·θιι-ιιιιιιι
1354 2372 1540 2409 fertilitatem
1560 2381 1617 2403 πο-

851 2416 1020 2451 λυτεκνίαν
1054 2423 1106 2453 et,
1147 2422 1182 2446 ut
1216 2414 1308 2446 addit
1345 2416 1477 2445 Orellius
1509 2426 1617 2457 „quac

852 2462 920 2494 eius
946 2472 1057 2492 caussa
1082 2459 1254 2491 videbatui
1278 2463 1415 2503 poetae,
1450 2458 1617 2503 μαχλοσύ-

853 2518 921 2548 νη).
957 2504 1223 2535 obversati-intur
1245 2504 1272 2534 ιί
1296 2503 1522 2546 septendecim
1545 2505 1616 2535 Ile-

855 2532 956 2583 ciibac
976 2548 1088 2587 libeii,
1125 2549 1287 2592 quinquzgi
1293 2549 1359 2579 inta
1384 2548 1519 2587 Priami,
1548 2550 1616 2580 Οι-

854 2594 918 2633 nai,
937 2593 1113 2636 Aeg3pt1.
1138 2594 1308 2625 Sententia
1325 2593 1424 2636 igitur
1440 2593 1615 2625 erithace:

854 2639 1013 2671 Lacaenis
1038 2638 1215 2681 virginibus
1250 2639 1351 2681 magis
1385 2650 1482 2670 curae
1515 2639 1617 2669 fuisse

853 2684 1037 2726 palaestrae
1061 2683 1333 2722 exercitationes,
1369 2695 1466 2727 quam
1490 2683 1616 2715 libero-

855 2741 925 2760 rum
949 2728 1230 2771 procreationem:
1258 2741 1340 2771 quae
1358 2729 1484 2760 scilicet
1504 2735 1615 2759 exivi*-

855 2785 969 2805 norum
987 2773 1182 2815 populorum
1204 2774 1333 2805 seminis
1351 2774 1491 2805 maximo
1506 2772 1615 2804 studio

853 2819 906 2849 sit.
940 2821 1079 2850 klotzius
1098 2830 1135 2850 c<
1140 2826 1267 2861 mparat
1283 2821 1342 2850 Ox·
1356 2820 1444 2849 Fast.
1458 2819 1512 2853 IV
1530 2819 1614 2848 202:

855 2865 958 2906 Satpe
984 2863 1073 2895 Phe-a
1107 2870 1221 2905 qutstu
1256 2870 1306 2895 est
1341 2863 1440 2894 toties
1476 2862 1507 2892 sc
1513 2861 1616 2891 cunda

855 2920 915 2939 nec
935 2920 1076 2951 unquam
1102 2909 1218 2944 Mute1,
1244 2916 1277 2940 et
1300 2907 1441 2939 indoluit
1465 2908 1618 2946 fertilitate

855 2965 921 2985 sua
951 2960 982 2985 et
1002 2954 1035 2985 iu
1051 2953 1135 2986 Add.
1157 2966 1190 2993 p.
1202 2954 1255 2987 90
1291 2953 1372 2985 Plin.
1394 2952 1425 2983 11
1449 2963 1480 2982 n.
1506 2953 1536 2990 8,
1561 2949 1613 2984 66.
