1832 3137
1543 98 1614 138 171

55 187 220 229 caelum
245 186 533 227 adscensurus
552 200 608 226 es.
655 184 802 239 Magna
827 186 923 226 haec
949 193 989 226 et
1013 185 1170 226 nimium
1195 187 1362 226 fortasse
1387 184 1533 227 Graeci
1554 200 1623 240 pu-

56 267 139 300 tant
169 259 232 300 vel
265 266 343 299 tum
377 258 504 313 potius
536 259 742 313 putabant;

632 107 796 140 LIBER
824 109 846 140 1.
871 105 936 146 46,
968 107 1039 140 11¹.

783 258 918 312 isque,
953 261 1014 312 qui
1050 259 1123 299 hoc
1153 257 1350 313 Diagorae
1382 259 1502 310 dixit,
1537 273 1623 314 per-

55 347 236 386 magnum
260 332 508 382 existimans,
542 340 621 372 tres
642 330 938 386 Olympionicas
964 346 1039 372 una
1063 346 1084 372 e
1108 333 1221 372 domo
1245 332 1415 387 prodire,
1449 334 1622 372 cunctari

54 406 159 446 illum
183 406 325 445 diutius
349 405 386 444 in
411 405 490 444 vita
517 407 694 445 fortunae
720 404 913 444 obiectum
942 404 1077 444 inutile
1106 406 1264 459 putabat
1293 406 1381 460 ipsi.
1443 404 1530 459 Ego
1556 420 1624 446 au-

57 486 131 519 tem
167 478 234 518 tibi
263 478 440 532 quidem,
475 479 576 531 quod
609 478 705 518 satis
735 484 863 527 esset,
898 477 1030 531 paucis
1064 478 1217 529 verbis,
1252 486 1293 519 ut
1323 479 1416 519 mihi
1445 479 1621 528 videbar,

57 552 352 605 responderam.
418 549 689 592 concesseras
722 550 848 600 enim,
884 551 987 590 nullo
1018 550 1057 589 in
1082 551 1182 590 malo
1212 559 1386 592 mortuos
1410 566 1523 603 esse3
1556 553 1623 592 sed

56 625 104 664 ob
138 639 223 664 eam
255 639 434 665 caussam
466 625 670 674 contendi,
712 631 754 663 ut.
784 624 892 677 plura
926 624 1119 673 dicerem,
1155 625 1254 677 quod
1290 625 1326 664 in
1360 626 1555 666 desiderio
1587 633 1625 666 et

57 699 163 738 luctu
187 697 282 738 haec
311 705 371 738 est
402 697 620 737 consolatio
652 696 839 736 maxima.
902 695 1093 736 Nostrum
1121 697 1224 736 enim
1256 705 1293 736 et
1318 705 1454 738 nostra
1485 712 1623 737 caussa

55 779 276 825 susceptum
303 771 476 810 dolorem
508 770 658 810 modice
691 771 796 810 ferre
828 769 1037 819 debemus,
1073 783 1121 810 ne
1149 777 1301 810 nosmet
1326 771 1463 824 ips0s4
1493 785 1625 811 amare

57 844 274 884 videamur.
337 841 406 884 llla
429 843 601 897 suspicio
626 843 862 883 intolerabili
891 843 1026 883 dolore
1051 844 1219 893 cruciat,
1253 843 1285 883 si
1312 844 1516 898 opinamur
1538 858 1623 894 eOS,

57 917 195 971 quibus
219 916 345 956 orbati
365 931 514 965 sumus,
545 930 633 957 esse
656 931 741 956 cuni
766 916 898 970 aliquo
921 931 1041 957 sensu
1061 916 1100 956 in
1121 916 1169 956 iis
1193 917 1320 967 malis,
1349 917 1487 971 quibus
1508 918 1626 971 vulgo

57 991 280 1045 opinantur.
344 988 456 1030 Hauc
487 997 675 1030 excutere
704 989 926 1044 opinionem
954 990 1128 1030 mihimet
1152 990 1256 1030 volui
1284 990 1469 1031 radicitus
1502 1004 1625 1044 eoque

58 1064 109 1103 sui
144 1065 310 1103 sortasse
342 1063 510 1116 longior.

171 1134 483 1177 XLVll.11‘2.

145 1225 168 1258 4
192 1225 245 1258 Sic
270 1228 324 1258 Or.
348 1237 375 1258 c.
402 1226 439 1256 R.
468 1225 553 1257 Gud.
585 1225 613 1256 1.
640 1226 682 1255 Il.
704 1224 735 1257 ⁴2.
756 1225 786 1256 b.
813 1226 869 1258 Gr.
896 1232 929 1256 et
959 1225 1125 1268 plerisque
1158 1226 1290 1269 reliquis
1325 1226 1422 1260 codd.
1453 1238 1514 1269 pio
1538 1226 1625 1268 vulg

56 1282 93 1304 ne
116 1276 151 1303 ει
174 1275 290 1303 nosmet
312 1273 417 1310 ipsos‚·
452 1270 538 1301 unde
559 1271 605 1301 W
608 1269 684 1312 opk.
707 1282 738 1312 p
752 1268 808 1301 77.
832 1270 918 1301 coni.
945 1280 982 1301 ne
1004 1272 1063 1301 ita
1088 1282 1120 1302 n.
1142 1273 1163 1302 i.
1176 1282 1187 1311 ;
1220 1271 1305 1302 male
1326 1271 1565 1303 Ern.c01rexit
1589 1281 1626 1302 ne

55 1320 171 1348 nosmet
192 1317 301 1356 ipsi;
326 1314 505 1358 opponitur
531 1314 618 1345 enim
643 1314 710 1352 eis,
736 1325 818 1356 quos
845 1314 1004 1356 lugemus.
1051 1316 1091 1347 V.
1115 1315 1157 1347 ad
1183 1327 1210 1347 c.
1233 1315 1300 1354 30,
1326 1314 1381 1348 73.

858 1381 989 1424 Olymp.
1010 1383 1049 1415 V.
1071 1382 1148 1413 fin.:
1175 1382 1229 1414 ubi
1254 1395 1284 1414 v.
1301 1385 1431 1416 Boeckh.
1452 1382 1484 1414 in
1508 1382 1626 1425 Expli—

859 1433 937 1458 catt.
965 1438 997 1469 p.
1016 1428 1089 1459 1:31.
1131 1428 1218 1459 istm.
1245 1428 1299 1465 IV,
1330 1426 1387 1460 1-1·
1425 1425 1474 1469 μή
1501 1425 1626 1469 μάτευε

858 1470 946 1510 Ζευς
970 1482 1044 1514 γε’-ε)
1037 1471 1148 1505 'show
1185 1470 1272 1506 πάντ
1315 1471 1414 1516 ἔχε’-ς.
1463 1472 1514 1503 Cf.
1539 1472 1626 1503 infra

857 1517 899 1549 ad
933 1519 974 1549 ΙῘ.
1006 1516 1133 1555 17,-11.
1171 1529 1232 1561 pro
1266 1518 1303 1549 L.
1330 1517 1450 1549 Flacco
1479 1516 1538 1553 13,
1563 1517 1624 1549 31:

858 1563 947 1605 pugil
970 1561 1228 1605 Olympionices,
1254 1562 1318 1594 hoc
1341 1569 1391 1594 est
1410 1562 1498 1604 apud
1516 1563 1625 1593 Grae—

858 1619 913 1639 cos
937 1626 983 1631 —
1006 1619 1113 1650 prope
1134 1607 1235 1639 maius
1259 1614 1291 1638 et
1315 1607 1500 1649 gloriosius,
1529 1618 1626 1650 quam

860 1653 985 1684 Romae
1002 1652 1233 1695 triumphasse.
1282 1653 1380 1684 Corn.
1406 1653 1490 1695 Nep.
1513 1652 1623 1684 Praef.

858 1700 885 1738 ςῖ.
900 1698 940 1729 5:
971 1697 1095 1740 Magnis
1120 1697 1153 1729 in
1176 1697 1327 1729 laudibus
1350 1704 1422 1729 tota
1441 1698 1503 1729 fuit
1518 1698 1626 1729 Grae-

859 1742 907 1774 cia
931 1742 1092 1774 victorem
1118 1742 1290 1786 Olympiae
1316 1742 1420 1774 citari.

926 1790 1044 1828 Magna
1068 1787 1157 1830 haec]
1199 1788 1276 1819 Scit.
1310 1788 1481 1830 Olympiae
1516 1787 1624 1818 victo-

860 1831 938 1863 riam
964 1839 1174 1874 reportasse,
1211 1838 1237 1864 et
1262 1835 1393 1864 nimium
1425 1834 1555 1872 fortasse
1578 1844 1623 1863 sc.

859 1888 989 1919 magna,
1016 1877 1036 1908 i.
1053 1889 1081 1907 e.
1106 1878 1242 1915 maiora,
1271 1889 1366 1919 quam
1390 1889 1426 1908 re
1448 1889 1525 1908 vera
1540 1883 1626 1908 sunt.

926 1923 1034 1952 inutile
1051 1924 1183 1960 putabat
1200 1922 1275 1964 ipsi]
1301 1924 1410 1953 Inutile
1424 1922 1625 1964 interpretu-

860 1973 913 1997 tur
936 1967 1062 2005 Ποῑῇυε
1087 1968 1274 2005 bedenhliclz,
1298 1969 1478 2006 yefahrliCh.
1528 1969 1628 1998 Moser

860 2010 1058 2042 vocabulum
1081 2011 1128 2042 sic
1148 2023 1207 2054 per
1229 2015 1258 2044 >a
1260 2023 1295 2034 “-
1281 2009 1364 2053 tiro?
1367 2024 1388 2044 α
1411 2011 1535 2043 dictum
1556 2024 1604 2041 ess
1610 2024 1626 2041 t

861 2056 1035 2092 observat,
1075 2066 1182 2098 comp.
1205 2055 1268 2088 Off.
1295 2058 1332 2087 11.
1362 2053 1413 2091 14
1435 2057 1498 2088 42:
1535 2057 1627 2087 sedi-

859 2101 980 2132 tiosum
1001 2106 1034 2131 et
1053 2101 1203 2132 inutilem
1226 2101 1274 2133 civ
1279 2113 1340 2137 em,
1369 2102 1404 2132 C
1420 2102 1625 2139 Norbanum,

859 2146 892 2178 in
917 2145 1072 2177 iudicium
1095 2146 1238 2178 vocavit.
1289 2146 1340 2177 Cf.
1363 2146 1536 2179 Addeuda.

531 1136 582 1175 Α.
616 1135 679 1176 Tu
702 1136 882 1189 longior?
922 1151 996 1176 non
1027 1136 1116 1176 mihi
1145 1137 1314 1190 quidem.
1376 1135 1493 1177 Prior
1523 1137 1625 1176 enim

57 1393 219 1415 consensu
250 1381 384 1423 legitur.
430 1381 609 1423 Exempla,
646 1381 679 1412 in
705 1381 820 1423 quibus

56 1438 120 1460 esse
135 1431 233 1467 polest
255 1426 386 1464 dicitur,
404 1426 492 1468 apud
507 1427 699 1458 Ciceronem
722 1426 821 1468 longe

55 1479 132 1504 sunt
150 1471 324 1508 rarissima,
350 1483 448 1514 quum
471 1471 616 1513 legitima
636 1471 725 1514 apud
747 1482 820 1502 eum

55 1519 174 1550 horum
191 1517 426 1548 vocabulorum
448 1516 625 1548 collocatio
644 1516 704 1547 sit:
726 1520 823 1556 polest

57 1572 142 1602 esse,
178 1561 312 1599 eadem,
354 1568 388 1593 ut
414 1561 564 1602 videtur,
600 1573 732 1600 caussa,
759 1573 821 1604 qua

56 1607 174 1639 vitavit
198 1609 285 1639 crede
308 1609 396 1646 mihi,
421 1606 557 1644 scilicet,
584 1614 619 1638 ut
644 1607 822 1638 evitaretur

58 1652 164 1684 exitus
189 1651 399 1694 pentametri.
438 1653 490 1694 [V.
514 1651 557 1683 ad
582 1663 608 1683 c.
630 1652 684 1690 3!,
708 1652 760 1685 75.
788 1658 821 1683 et

58 1700 213 1730 Moserum
237 1696 279 1727 ad
304 1698 343 1728 V.
371 1698 430 1736 10,
456 1696 523 1738 29.)
573 1699 678 1739 Supra
713 1708 740 1728 c.
765 1697 820 1734 37,

57 1742 112 1776 ³:59.
131 1741 185 1775 90.
233 1743 272 1773 V.
301 1742 351 1780 10,
373 1741 426 1774 29.
461 1742 516 1780 35,
542 1742 615 1774 101.
663 1742 705 1772 N.
733 1743 769 1774 D.
796 1743 820 1773 Ι.

57 1787 96 1819 -11
113 1812 122 1827 ,
148 1786 232 1820 1161
273 1798 314 1818 an
346 1786 519 1829 quicquam
550 1786 703 1818 eximium
726 1790 824 1826 polest

58 1842 121 1864 esse
145 1831 179 1863 in
199 1843 237 1863 ea
259 1838 386 1863 natura.
426 1834 463 1863 ΙΙ.
484 1832 516 1869 o,
546 1831 599 1864 16:
626 1831 705 1874 quid
727 1835 824 1870 potest

57 1887 120 1910 esse
152 1876 186 1908 in
217 1888 327 1908 rerum
358 1882 474 1908 natura
506 1876 640 1908 homine
678 1875 821 1906 rnelius'?

60 1922 115 1953 ubi
147 1933 177 1953 v.
201 1923 362 1961 Heindorf.
395 1933 425 1963 p.
450 1921 519 1954 136.
570 1927 611 1952 At
634 1921 697 1952 off.
721 1922 744 1950 Ι.
774 1920 822 1957 1¹2),

57 1966 121 2000 62:
147 1966 229 1997 nihil
250 1966 427 1997 honesturn
447 1977 509 1998 esse
531 1970 638 2005 polest,
663 1965 750 2007 quod
771 1964 823 1995 iu-

59 2010 150 2042 stitia
170 2017 279 2042 vacat.
311 2010 356 2041 ib.
377 2009 432 2052 41,
458 2012 538 2043 14:⁴2
564 2010 635 2041 sine
658 2021 720 2052 qua
743 2009 824 2041 nihil

59 2063 187 2088 rectum
211 2065 274 2087 esse
296 2059 403 2095 potest.

127 2102 275 2151 decessio]
316 2100 355 2132 H.
382 2111 410 2131 e.
441 2100 604 2132 bonorum
629 2099 822 2139 deminutio,

61 2145 241 2188 opponitur
273 2147 460 2185 accessioni,
501 2145 546 2176 uti
581 2145 679 2176 docet
715 2148 825 2185 Moser,

61 2202 170 2233 comp.
194 2189 237 2221 de
259 2190 367 2221 Divin.
392 2192 428 2221 11.
458 2191 508 2228 15,
530 2190 584 2223 36.
607 2190 648 2221 de
670 2191 768 2222 Univ.
791 2190 823 2230 6,

66 2235 122 2268 16;
150 2246 255 2278 neque
280 2235 367 2266 enim
390 2235 454 2266 ulla
476 2238 609 2268 decessio
634 2235 702 2267 fieri
725 2243 825 2278 pote-

61 2287 134 2319 rat,
160 2291 265 2322 neque
291 2282 433 2312 accessio.

130 2326 246 2367 §.ML
283 2326 422 2357 Rhodius
446 2328 613 2367 Diayoras]
643 2326 695 2357 Cf.
724 2326 824 2359 indic.

63 2369 178 2401 histor.
206 2375 240 2400 et
275 2369 570 2410 praeclarissimum
595 2371 724 2402 Pindari
751 2383 826 2402 car——

64 2425 139 2446 men
162 2413 292 2456 Olymp.
306 2414 377 2443 Vll.
393 2419 425 2443 et
446 2425 528 2453 quae
550 2414 590 2445 de
606 2415 746 2457 Diagora
763 2415 824 2447 ad-

64 2458 196 2492 notavit
211 2459 379 2490 Boechhius
398 2457 430 2488 in
453 2458 630 2500 Explicatt.
655 2472 687 2502 p.
705 2459 765 2493 164
777 2473 825 2504 sq.

131 2514 191 2535 non
216 2505 297 2534 enim
323 2505 353 2533 in
377 2505 510 2544 caelum]
548 2504 588 2534 H.
616 2515 643 2535 e.
668 2516 826 2537 summam

63 2548 206 2581 hominis
231 2547 422 2578 felicitatem
439 2555 554 2579 nactus
577 2560 610 2578 es
627 2560 688 2580 nec
702 2550 827 2582 maiore

64 2593 190 2637 poteris
226 2592 338 2635 potiri.
389 2594 415 2623 G
422 2593 546 2624 eminus
580 2593 671 2625 locus
708 2594 827 2636 legitur

64 2638 152 2682 apud
176 2637 351 2669 Pindarum
389 2639 433 2681 Py
427 2638 485 2669 th.
510 2639 555 2669 X.
580 2639 740 2672 22-2,
758 2639 825 2683 ..ed-

64 2685 213 2716 Boeckha
235 2680 475 2725 Ευδαίμωοδὲ
493 2683 550 2716 καὶ
565 2680 713 2737 ,ψιητός
733 2684 829 2719 οὗτος

67 2725 152 2770 ἀνὴρ
176 2728 210 2770 γί
212 2739 324 2782 ,METOEL
349 2739 386 2761 σε
388 2732 486 2770 (petz,
512 2724 582 2761 ‘':O
604 2723 643 2761 ἲν
666 2740 704 2772 γε
690 2728 762 2769 ,σο-1.
764 2741 779 2761 a
803 2724 828 2770 ἦ

66 2774 178 2806 ποδῶν
201 2770 260 2814 ἀρε,
262 2775 304 2816 ’.ᾇ
328 2785 366 2814 κε
371 2785 406 2806 J.
392 2784 514 2829 -ησαζις
539 2764 592 2806 Tot
616 2773 735 2815 υ.;’·”.σ·.·
768 2771 829 2826 oii-

69 2816 197 2850 fflmv‘*
171 2829 229 2860 εΛῃ
250 2817 363 2871 τόὶμᾳ
378 2827 414 2851 τε
433 2818 490 2852 καὶ
512 2818 608 2872 σζέν
612 2805 719 2857 ,Καὶ
734 2817 828 2858 ζώω)

70 2860 119 2895 ἔτι
141 2861 256 2903 νεαρὸν
277 2859 363 2896 Κατ’
388 2861 486 2896 αἶσαν
511 2864 542 2896 υἱ
545 2862 579 2897 ὂν
604 2864 660 2907 ἴδῃ
686 2863 829 2917 τυγόντα

72 2905 241 2949 στεφάνων
265 2907 415 2942 Πυξείω).
463 2906 503 2941 O
526 2908 664 2962 χάλκε
650 2921 719 2962 ,ος
753 2921 828 2943 ου-

70 2950 204 2993 ρανός
227 2963 273 2985 ου
284 2951 371 2986 ‘ao-²
391 2950 599 2997 ἀμβατὸς
621 2966 751 2988 αυτω.
775 2954 826 2986 Cf

927 2193 1011 2231 quod
1045 2194 1122 2223 satis
1154 2196 1249 2231 esset,
1280 2195 1392 2232 paucis
1422 2195 1522 2224 verbis
1546 2192 1625 2234 etc]

860 2237 953 2268 Haec
968 2236 1068 2267 verba
1086 2236 1133 2268 ita
1147 2236 1360 2279 explicanda:
1387 2238 1457 2278 Ego
1476 2237 1519 2273 id,
1537 2236 1627 2279 qnod

862 2282 973 2324 paucis
993 2281 1099 2313 verbis
1125 2282 1327 2324 respondere
1355 2283 1404 2323 (ut
1427 2281 1506 2312 mihi
1531 2281 1627 2312 vide-

860 2327 932 2367 bar)
959 2325 1037 2358 satis
1064 2333 1154 2365 erat,
1190 2326 1446 2368 responderam,
1482 2326 1555 2363 vel,
1590 2333 1626 2357 ut

861 2372 931 2403 aliis
955 2371 1062 2402 verbis
1088 2378 1180 2408 utar,
1207 2382 1279 2412 ego,
1307 2382 1388 2413 quae
1409 2370 1488 2401 mihi
1513 2371 1626 2413 paucis

861 2416 970 2448 verbis
995 2415 1198 2446 absolvenda
1223 2415 1439 2454 videbantur,
1475 2423 1625 2448 mortuos

861 2461 988 2493 scilicet
1013 2461 1103 2491 nullo
1128 2460 1160 2490 in
1187 2460 1274 2491 malo
1299 2472 1388 2497 esse3
1423 2472 1498 2492 nam
1520 2461 1555 2492 id
1579 2461 1626 2492 ita

862 2517 932 2537 esse
955 2504 1054 2536 modo
1080 2515 1308 2541 concesseras;
1335 2505 1464 2537 uberius
1488 2506 1530 2537 ob
1554 2518 1626 2538 cam

863 2561 1009 2582 caussam
1034 2549 1193 2592 exposui,
1229 2550 1319 2593 quod
1343 2550 1376 2582 in
1402 2550 1568 2583 desiderio
1593 2557 1627 2583 et

862 2594 951 2626 luctu
984 2594 1067 2626 haec
1101 2601 1150 2626 est
1185 2595 1368 2627 consolatio
1392 2597 1553 2633 maxima,
1591 2603 1626 2627 ut

861 2639 1021 2677 sciamus,
1045 2639 1137 2672 nullo
1161 2640 1195 2672 in
1219 2640 1306 2673 malo
1331 2648 1479 2673 mortuos
1505 2653 1585 2674 esse.

930 2687 963 2717 in
989 2687 1027 2717 iis
1050 2688 1164 2726 malis,
1187 2686 1311 2729 quibus]
1336 2687 1378 2718 V.
1403 2686 1445 2718 ad
1469 2686 1524 2726 39,
1547 2685 1601 2719 94.

936 2730 1014 2761 CAP.
1036 2731 1176 2763 XLVII.
1206 2732 1234 2772 δ.
1258 2732 1332 2764 11²2.
1367 2732 1544 2774 Epilogus,
1571 2731 1625 2773 qui

863 2774 1019 2817 sequitur,
1045 2787 1085 2807 eo
1110 2776 1248 2808 consilio
1273 2776 1405 2808 videtur
1425 2789 1444 2808 a
1466 2777 1625 2807 Cicerone

863 2820 927 2851 toti
951 2819 1169 2863 disputationi
1193 2821 1340 2853 adiectus
1366 2833 1445 2859 esse,
1471 2828 1506 2852 ut
1528 2819 1623 2851 audi-

863 2864 946 2896 toris
968 2865 1112 2897 animum
1128 2866 1160 2897 in
1175 2866 1231 2905 eis,
1250 2877 1333 2909 quae
1347 2866 1389 2898 de
1412 2873 1625 2898 contemnen-

864 2909 907 2942 da
939 2917 1047 2942 morte
1076 2911 1165 2944 dicta
1198 2918 1309 2950 erant,
1345 2910 1553 2943 confirmaret
1591 2915 1624 2941 et

865 2955 1105 2988 corroboraret.
