1863 3221
242 133 324 177 222

241 221 414 273 barbari,
443 234 538 275 quas
561 219 690 274 plagas
712 218 935 273 perferunt!
970 232 1044 272 quo
1068 217 1182 258 modo
1203 216 1273 268 illi,
1298 217 1361 272 qui
1383 217 1482 258 bene
1506 215 1670 258 instituti
1691 223 1796 268 sunt,

243 295 420 350 accipere
452 294 602 347 plagam
634 292 803 342 malunt,
837 305 949 345 quam
983 291 1146 345 turpiter
1175 290 1325 331 vitare!
1361 306 1473 345 quam
1498 304 1616 345 saepe
1643 296 1800 344 apparet

1636 361 1800 403 Mittunt

244 441 358 482 etiam
391 438 617 480 vulneribus
649 437 816 478 confecti
850 438 894 478 ad
928 437 1128 487 dominos,
1163 436 1224 490 qui
1258 444 1442 490 quaerant
1475 436 1562 490 quid
1586 436 1732 486 velint3
1767 435 1800 475 si

1243 507 1341 562 Quis
1373 509 1580 549 mediocris
1611 508 1802 562 gladiator

823 138 985 171 LIBER
1010 139 1051 171 11.
1079 135 1141 178 17,
1164 137 1219 171 41.

242 368 336 410 nihil
367 381 434 407 eos
458 366 595 415 malle,
630 378 742 419 quam
768 365 832 405 vel
857 364 1012 404 domiuo
1040 364 1294 414 satisfacere,
1326 364 1391 404 vel
1414 364 1575 418 populo!

243 514 337 555 satis
363 513 409 553 iis
435 513 574 552 factum
601 511 702 562 sitf’,
736 524 778 551 se
802 510 903 551 velle
929 510 1177 550 decumbere.

242 586 455 640 ingemuit?
488 585 572 639 quis
595 585 743 625 vultum
763 584 925 624 mutavit
948 584 1142 637 unquam?
1173 582 1256 636 quis
1278 597 1354 622 non
1379 583 1492 622 modo
1516 582 1638 632 stetit,
1664 595 1799 622 verum

244 660 359 702 etiam
391 659 571 699 decubuit
603 657 794 711 turpiter?
836 657 943 710 quis,
987 671 1101 710 quum
1133 656 1404 705 decubuisset,
1449 656 1594 695 ferrum
1627 653 1802 709 recipere

242 733 371 774 iussus
403 732 541 771 collum
573 730 798 771 contraxit?
834 737 981 770 tantum
1014 729 1269 780 exercitatio,
1303 728 1527 780 meditatio,
1562 727 1802 768 consuetudo

426 804 534 858 Ergo
567 805 640 844 hoc
671 804 813 858 poterit

475 880 647 925 Samnis,
681 891 841 929 spurcus
870 878 998 924 homo,
1035 879 1111 916 vita
1142 878 1208 915 illa
1239 878 1376 927 dignus
1408 878 1582 927 locoque,-

243 806 364 848 valet.

243 952 321 1003 vir,
353 958 465 992 natus
488 952 531 991 ad
555 950 734 1004 gloriam,
767 950 882 990 ullam
906 957 1053 1003 partem
1075 949 1191 988 animi
1213 956 1287 988 tam
1314 949 1465 988 mollem
1491 947 1662 998 habebit,
1689 961 1802 1001 quam

243 1040 321 1066 non
347 1024 596 1065 meditatione
622 1030 661 1063 et
682 1022 835 1062 ratione
861 1022 1116 1062 corroboret?
1176 1019 1346 1062 Crudele
1375 1021 1628 1075 gladiatorum
1653 1026 1804 1074 specta-

245 1098 370 1138 culum
400 1103 438 1136 et
462 1096 711 1135 inhumanum
743 1094 939 1134 nonnullis
962 1094 1086 1134 videri
1113 1094 1235 1144 solet,
1277 1101 1315 1134 et
1344 1093 1441 1133 haud
1473 1093 1555 1134 scio
1579 1107 1627 1133 an
1651 1093 1704 1133 ita
1735 1093 1802 1143 sit,

243 1177 286 1210 ut
315 1183 416 1210 nunc
447 1169 502 1208 fit.
566 1166 694 1220 Quum
716 1181 811 1209 vero
838 1175 972 1207 sontes
997 1168 1100 1207 ferro
1126 1167 1421 1222 depugnabant,
1456 1166 1612 1206 auribus
1636 1167 1802 1206 fortasse

243 1243 411 1292 multae,
447 1241 567 1282 oculis
600 1241 751 1295 quidem
784 1240 886 1280 nulla
919 1247 1073 1294 poterat
1104 1254 1191 1281 esse
1225 1239 1362 1280 fortior
1392 1246 1526 1280 contra
1560 1239 1732 1280 dolorem
1763 1245 1803 1279 et

244 1323 408 1357 mortem
442 1314 658 1368 disciplina.

355 1385 519 1429 XVIII.
554 1394 622 1428 42.
656 1385 719 1426 De
740 1386 1024 1427 exercitatione
1047 1393 1086 1426 et
1108 1386 1390 1426 consuetudine
1415 1393 1453 1426 et
1476 1385 1802 1426 commentatione

334 1517 354 1549 5
380 1516 432 1548 Sic
450 1515 583 1560 plunimi
604 1515 701 1548 codd.
728 1522 761 1547 et
774 1515 888 1558 optimi
915 1516 963 1559 (ut
985 1514 1233 1547 R.Gud.1.1[.
1257 1515 1317 1555 b.‚)
1344 1521 1377 1547 et
1398 1514 1472 1548 edd
1487 1521 1569 1546 vett.
1585 1515 1679 1547 Grut.
1702 1514 1802 1548 Verb.

243 1563 285 1595 D.
300 1587 307 1601 ,
345 1562 405 1593 nisi
428 1561 517 1604 quod
540 1573 599 1604 pro
620 1563 667 1593 his
690 1560 722 1591 in
745 1560 911 1592 nonnullis
944 1567 992 1592 est
1019 1563 1079 1601 iis,·
1110 1563 1137 1592 si
1158 1563 1351 1601 satisfactum
1372 1562 1411 1592 iis
1431 1563 1469 1592 si!
1490 1559 1632 1603 quinque
1661 1562 1742 1594 Oxx.
1768 1565 1802 1591 et

244 1607 405 1651 plurimie
428 1606 503 1638 edd.
526 1612 605 1637 vett.
662 1609 689 1637 si
708 1608 784 1637 satis
805 1607 852 1637 his
874 1608 991 1645 factum
1014 1616 1074 1637 non
1094 1608 1132 1637 sit
1154 1608 1208 1636 Or.
1231 1617 1257 1638 c.
1280 1605 1352 1637 cod.
1378 1604 1544 1644 Turnebi,
1580 1604 1658 1636 Pall.
1678 1616 1743 1636 sec.
1768 1610 1803 1637 et

243 1659 321 1684 teit.
336 1665 343 1689 ς
368 1655 400 1683 m*
418 1653 613 1691 satisfactum
632 1653 671 1682 iis
689 1653 728 1682 sit
750 1650 815 1682 duo
841 1650 939 1682 codd.
953 1650 1091 1689 Lamb.;
1119 1649 1205 1681 unde
1223 1651 1310 1682 Mos.
1329 1649 1444 1693 sclips.
1467 1652 1528 1682 nisi
1548 1652 1623 1682 satis
1643 1652 1683 1682 iis
1701 1651 1725 1690 f.
1751 1652 1800 1682 sit.

244 1698 284 1731 V.
309 1696 394 1730 Adu

243 1782 314 1814 tus,
341 1781 480 1818 quantus
504 1773 591 1817 apud
611 1774 747 1806 maiores
769 1780 899 1805 nostros
922 1784 1002 1805 con-

243 1820 385 1859 sulatus,
412 1819 466 1862 qui
488 1826 555 1850 tum
580 1819 707 1862 optimo
731 1819 844 1862 cuique
867 1818 1004 1850 defere-

242 1865 348 1897 batur.
396 1865 436 1897 V.
461 1863 503 1895 ad
525 1865 550 1896 1.
576 1862 637 1904 46,
666 1864 748 1896 111:
785 1874 844 1897 non
870 1866 951 1896 enim
972 1865 1004 1895 in

242 1912 371 1942 caelum.

310 1955 448 1994 domino]
474 1953 524 1984 De
546 1954 671 1984 doniino
697 1952 731 1995 (i.
746 1964 775 1984 e.
800 1952 1003 1996 possessore)

242 1998 461 2041 gladiatorum
478 2005 568 2029 recte
587 1999 725 2029 Klotzius
745 1998 809 2029 sic:
832 2000 1007 2037 „Dominus

242 2045 285 2074 ist
309 2043 378 2081 der,
404 2042 544 2073 welcher
563 2041 617 2072 die
642 2042 854 2073 Gladiatoreu
878 2048 1004 2073 entwe—

243 2087 303 2119 der
318 2090 384 2118 iure
403 2088 540 2125 mancipi
560 2097 599 2117 an
617 2086 687 2117 sich
703 2086 871 2128 gebracht,
897 2087 1005 2117 ffirm-

242 2131 308 2163 tieh
344 2131 494 2169 erkauft,
534 2130 615 2161 oder
647 2142 685 2161 zu
720 2130 795 2161 dem
829 2130 1004 2172 speciellen

244 2176 335 2208 Falle
361 2175 491 2206 erkauft
515 2174 596 2206 oder
620 2174 792 2217 gedungen
816 2174 883 2206 hat.
933 2175 1001 2206 Ge-

243 2220 407 2252 wo'hnlich
437 2218 575 2250 standen
600 2219 653 2250 die
679 2219 730 2251 Gl.
757 2220 800 2250 im
823 2219 923 2251 Solde
946 2219 1004 2250 der

241 2267 380 2305 domini,
413 2263 536 2296 welche
561 2263 672 2307 Spiele
697 2276 735 2295 zu
761 2264 865 2307 geben
888 2264 1003 2295 hatten

242 2321 272 2341 u.
298 2322 323 2342 s.
351 2313 413 2341 w.“
472 2311 502 2340 Is
537 2315 667 2347 autem,
713 2309 767 2352 qui
804 2309 1004 2351 gladiatores

242 2361 346 2386 artem
378 2365 543 2386 armorum
576 2353 739 2395 docebat,
776 2354 1005 2398 appellabatur

242 2401 367 2431 lanista.

310 2447 336 2476 si
357 2446 432 2475 satis
454 2446 492 2475 iis
512 2446 629 2484 factum
651 2444 704 2487 sit]
731 2444 772 2475 H.
790 2455 816 2475 e.
844 2443 870 2475 si
894 2443 1005 2476 domi—

243 2487 292 2518 nis
326 2488 520 2519 fortitudine
552 2500 609 2520 sua
638 2488 870 2521 satisfecerint.
918 2490 1006 2520 Bene

242 2534 391 2564 Dat-isius
420 2540 595 2574 praeeunte
628 2536 650 2565 Ι
675 2536 709 2565 F.
733 2536 886 2566 Gronovio
910 2533 1004 2564 Obss.

243 2578 294 2615 ll,
319 2578 356 2608 2.
385 2577 463 2607 Vult
486 2578 612 2609 Tullius
636 2578 771 2610 miseros
798 2578 870 2610 illos
892 2578 1005 2610 homi—

242 2632 299 2652 nes
325 2631 388 2651 non
414 2627 491 2652 ante
515 2621 658 2663 iugulum
692 2623 871 2665 praebere,
909 2635 1004 2666 quam

242 2677 261 2698 a
284 2665 425 2697 dominis
445 2677 564 2707 operae
586 2667 736 2707 guaviter
758 2668 866 2700 editae
885 2680 1004 2711 repor—

242 2717 315 2742 tent
338 2710 573 2741 testimonium.

310 2757 427 2795 ferrum
457 2755 603 2796 recipere]
637 2755 791 2787 Formula
823 2757 854 2788 in
884 2757 946 2789 hac
968 2769 1004 2789 re

242 2799 386 2843 propria.
432 2799 574 2842 Populus
599 2799 683 2830 enim
716 2800 911 2841 gladiatori,
949 2803 1003 2845 qui

243 2844 472 2885 decubuisset,
506 2855 607 2896 'quum
632 2844 760 2875 veniam
785 2845 863 2877 dare
889 2847 1001 2886 nollet,

242 2890 427 2922 exclamans
450 2891 548 2929 recipe
572 2891 685 2927 telum,
720 2900 793 2920 eum
817 2890 857 2921 ab
882 2890 1002 2923 adver-

242 2934 328 2966 sario
353 2933 492 2977 iugulari
514 2933 615 2965 iussit.
666 2933 716 2965 Cf.
740 2945 772 2977 p.
798 2935 881 2965 Sest.
909 2947 935 2966 c.
948 2935 1002 2969 37

241 2981 384 3020 Doeriny.
404 2978 447 3012 ad
469 2989 503 3022 p.
527 2978 624 3011 Rosc.
650 2980 758 3011 Amer.
783 2990 810 3010 c.
828 2978 878 3012 12.
900 2990 934 3022 p.
948 2978 1002 3013 36.

1039 1779 1073 1804 et
1107 1775 1310 1806 Matthiaeum
1342 1773 1384 1806 ad
1418 1785 1450 1816 p.
1487 1774 1522 1805 P.
1553 1772 1661 1805 Sestio
1697 1784 1723 1805 c.
1746 1771 1801 1807 27.

1114 1865 1286 1906 meditatio]
1325 1865 1550 1903 Verbereitungy.
1597 1863 1635 1893 V.
1669 1861 1712 1893 ad
1743 1863 1802 1894 Ill.

1043 1907 1101 1947 16,
1126 1907 1180 1941 34.
1231 1910 1278 1940 De
1309 1920 1378 1951 seq.
1404 1920 1433 1941 v.
1463 1909 1676 1940 commentatio
1707 1919 1736 1939 v.
1759 1906 1802 1938 ad

1042 1954 1065 1985 1.
1090 1953 1152 1991 30
1177 1951 1230 1987 74.

1109 1999 1251 2040 Samnis]
1284 1999 1405 2029 Versus
1440 2008 1458 2028 e
1481 1994 1599 2028 Lucilii
1622 1995 1801 2028 Satirarum

1040 2042 1125 2074 libro
1153 2044 1206 2081 lV,
1231 2046 1263 2075 2.
1295 2042 1439 2085 petitus,
1475 2042 1522 2073 uti
1547 2040 1659 2072 videre
1682 2040 1759 2072 licet
1784 2052 1801 2072 e

1040 2087 1152 2119 Nonio
1186 2087 1217 2118 in
1253 2097 1431 2128 componere
1467 2093 1500 2118 et
1533 2096 1689 2126 spurcum.
1749 2084 1800 2117 Cf.

1040 2130 1141 2162 Indic.
1166 2131 1280 2163 histor.
1314 2144 1344 2163 v.
1372 2134 1509 2163 Samnis.
1557 2130 1645 2162 Male
1674 2129 1801 2162 Nonius

1039 2175 1060 2206 l.
1085 2175 1115 2207 d.
1140 2186 1287 2215 spurcum
1314 2176 1550 2218 iuterpretatur
1573 2185 1718 2215 saevum,
1751 2184 1802 2207 ve-

1038 2222 1215 2252 hememem.

1105 2267 1190 2297 haud
1215 2267 1276 2297 scio
1300 2265 1355 2307 an]
1381 2265 1421 2297 V.
1445 2264 1487 2296 ad
1513 2265 1569 2295 ΙΠ.
1594 2262 1635 2301 8,
1663 2262 1713 2296 16.

1105 2314 1137 2341 ut
1158 2320 1239 2342 nunc
1261 2312 1309 2351 fit]
1337 2310 1379 2342 H.
1393 2321 1421 2341 e.
1446 2309 1567 2341 nostris
1584 2307 1799 2350 temporibus,

1039 2354 1154 2397 quibus
1179 2366 1243 2385 non
1265 2355 1371 2386 solum
1392 2361 1523 2393 sontes,
1558 2353 1615 2384 sed
1637 2353 1736 2385 etiam
1756 2351 1801 2384 li-

1038 2399 1107 2430 beri
1141 2399 1291 2431 homines
1324 2400 1525 2442 depugnant.
1581 2399 1631 2430 De
1662 2409 1697 2430 re
1729 2397 1801 2440 ipsa

1040 2444 1083 2476 cf.
1109 2446 1223 2476 Senec.
1249 2446 1309 2488 Ep.
1330 2445 1361 2483 7,
1387 2443 1440 2476 9ὀ.

1107 2488 1250 2532 auribus]
1289 2488 1524 2531 intelligendae
1559 2486 1798 2529 disputationes

1040 2533 1080 2565 de
1104 2534 1347 2566 contemnendo
1370 2534 1486 2565 dolore
1505 2539 1537 2563 et
1558 2538 1665 2563 morte
1682 2543 1700 2562 a
1721 2530 1799 2572 phi-

1039 2579 1186 2621 losophis
1211 2579 1263 2610 vel
1287 2578 1408 2610 scholis
1432 2577 1484 2608 vel
1508 2576 1599 2608 libris
1623 2575 1775 2607 tiaditae.

1106 2626 1202 2656 oculis
1231 2622 1368 2666 quidem]
1405 2623 1455 2653 De
1488 2634 1518 2653 v.
1549 2621 1674 2660 quidem
1706 2619 1748 2651 cf.
1772 2621 1798 2653 Ι.

1038 2668 1092 2707 27,
1117 2666 1170 2701 67.
1203 2666 1266 2707 41,
1291 2667 1345 2700 99.
1379 2664 1441 2705 43,
1471 2666 1541 2698 102.
1576 2665 1631 2697 IV.
1658 2665 1708 2703 11,
1733 2661 1795 2697 24:

1039 2712 1242 2755 cogitatione
1263 2712 1347 2743 inter
1366 2723 1402 2742 se
1425 2691 1591 2746 differunt,
1617 2720 1652 2740 re
1675 2711 1799 2749 quidem

1040 2757 1211 2800 copulatae
1233 2763 1319 2788 sunt.
1350 2757 1390 2788 V.
1413 2756 1466 2794 30,
1491 2755 1545 2787 ὃὸ
1570 2752 1723 2792 41,121.
1757 2755 1797 2786 V.

1039 2814 1099 2834 nos
1120 2814 1151 2833 in
1177 2802 1234 2833 Gr.
1257 2802 1347 2843 L.§
1374 2799 1445 2838 133,
1470 2799 1501 2831 2.
1527 2802 1565 2830 A.
1586 2799 1634 2840 b).
1669 2799 1726 2830 Gr.
1746 2797 1796 2841 γέ.

1039 2847 1100 2879 Od.
1123 2859 1153 2887 ι,
1177 2844 1252 2878 410.
1287 2844 1316 2878 εἰ
1338 2842 1397 2887 μὲν
1422 2842 1474 2886 δη
1502 2855 1621 2897 ponc,
1627 2854 1665 2876 σε
1687 2842 1797 2887 βιάζε-

1038 2903 1111 2933 ται,
1146 2888 1210 2924 οἷον
1235 2888 1351 2929 ἐόντα,
1384 2888 1502 2923 νοῦσόν
1530 2885 1560 2931 γ’
1592 2885 1703 2925 οὔπως
1728 2887 1799 2921 ἔστι

1037 2934 1116 2974 Διὸς
1145 2933 1290 2977 μεγάλου
1313 2930 1489 2967 οἷλέασὲἲαι.
1538 2932 1592 2965 Sic
1614 2944 1712 2975 saepe
1735 2933 1798 2963 hae

1037 2979 1245 3023 particulae
1236 2990 1268 3011 in
1284 2977 1496 3022 oppositione
1510 2984 1717 3021 usurpantur,
1739 2988 1799 3019 per
