1863 3221
487 97 542 128 An
571 96 851 128 LUDOLPHUM
880 96 1131 128 nissEfflUM.
1536 86 1588 122 XI

29 190 80 236 ab
104 189 242 248 illius,
278 188 400 236 nulla
426 192 573 235 tamen
595 188 762 235 adiecta
783 188 1082 246 adnotatione,
1118 202 1139 233 e
1164 203 1247 248 qua
1271 191 1466 249 pateret,
1505 202 1588 247 qua

29 279 286 326 auctoritate
306 278 557 325 niterentur
580 278 825 339 scripturae
849 294 872 324 a
894 294 941 325 se
964 282 1180 340 receptae,
1218 292 1375 339 operae
1399 277 1589 339 pretium

27 369 224 416 facturus
248 369 454 427 videbar,
502 369 541 415 si
565 367 794 427 utriusque
817 368 1113 426 recensionis,
1161 372 1203 414 et
1232 366 1524 414 Ernestianae
1548 371 1590 412 et

29 459 297 518 Wolfianae,
344 459 662 520 scripturarum
710 457 1018 515 auctoritates,
1066 458 1300 520 diligenter
1345 458 1590 519 indagatas,

30 566 159 610 quam
179 549 456 612 paucissimis
481 552 706 594 enotarem
727 546 944 606 simulque
968 547 1175 593 adderem
1197 548 1499 596 diversitatem
1519 563 1592 594 re-

31 640 252 686 censionis
290 639 554 686 Orellianae.
623 637 709 683 His
743 637 979 698 scripturis
1015 637 1146 683 etiam
1178 638 1285 684 alias
1320 638 1589 699 insigniores

30 734 73 776 et
94 733 338 775 memoratu
362 729 515 790 dignas
547 728 707 774 addere
741 727 906 788 placuit
926 727 1118 788 itemque
1155 727 1354 789 egregias
1389 727 1590 772 acutissi-

29 835 202 866 morum
222 819 449 865 hominum
471 818 744 865 coniecturas
769 818 842 865 vel
864 817 1164 880 suspiciones,
1201 822 1250 864 ut
1275 816 1442 863 scilicet
1462 831 1593 878 prae-

29 914 179 971 ceptor
217 909 423 968 haberet,
475 925 560 969 quo
598 908 838 971 sagacioris
875 908 1039 955 indolis
1077 908 1379 955 adolescentes
1420 906 1592 953 criticae

31 1016 140 1060 quae
181 999 340 1046 dicitur
376 999 684 1046 coniecturalis
721 999 951 1046 elementis
988 998 1199 1051 initiaret.
1283 997 1338 1044 In
1376 996 1594 1043 enotanda

29 1091 247 1152 scriptura
276 1090 338 1136 ita
362 1094 568 1137 versatus
593 1106 717 1148 suin,
763 1094 813 1135 ut
839 1090 1097 1150 plerumque
1123 1089 1256 1135 verbo
1285 1087 1594 1148 significarem,

31 1180 135 1239 quid
172 1180 223 1226 de
254 1179 316 1224 eis
354 1179 636 1225 statuendum
667 1178 903 1235 sentirem,
951 1182 1000 1222 ut
1041 1177 1244 1237 discipuli
1277 1176 1364 1238 ipsi
1398 1175 1594 1222 rationes

33 1268 344 1328 anquirerent,
392 1267 549 1326 quibus
591 1266 809 1327 scriptura
845 1266 992 1326 aliqua
1030 1270 1105 1311 aut
1138 1267 1321 1326 probata
1357 1270 1476 1312 esset
1521 1270 1596 1311 aut

32 1358 206 1408 reiecta.
278 1357 334 1403 In
356 1356 508 1402 multis
541 1361 687 1402 autem
718 1355 952 1417 scripturis
987 1355 1288 1402 examinandis
1316 1355 1492 1417 longior
1517 1355 1596 1413 fui,

29 1447 246 1510 imprimis
271 1447 318 1493 in
343 1447 431 1506 eis,
466 1447 514 1493 in
540 1447 696 1507 quibus
720 1446 1015 1493 recedendum
1042 1446 1151 1492 mihi
1172 1446 1400 1494 videretur
1425 1447 1474 1492 ab
1502 1446 1596 1491 edi-

30 1543 176 1585 torum
204 1537 447 1595 sententia,
486 1552 536 1583 eo
567 1537 743 1598 quidem
772 1537 980 1596 consilio,
1015 1541 1065 1583 ut
1091 1537 1443 1584 adolescentibus
1472 1537 1597 1596 quasi

32 1628 250 1688 quandam
273 1628 388 1675 viam
412 1627 657 1689 praeirem,
696 1643 804 1689 quae
832 1627 1123 1690 ingredienda
1149 1632 1268 1674 esset
1295 1628 1349 1674 ad
1376 1626 1592 1674 difficilio-

30 1733 102 1764 res
139 1718 380 1779 scripturas
418 1718 734 1765 diiudicandas.

164 1808 219 1854 In
241 1808 490 1869 priscorum
509 1813 741 1871 poetarum
760 1809 870 1856 locis
884 1845 896 1868 ,
934 1810 1090 1870 quibus
1116 1809 1268 1856 Cicero
1290 1808 1595 1871 philosophiae

30 1898 312 1945 severitatem
341 1899 688 1960 graw‘tatemque
718 1899 961 1945 exhilarare
988 1899 1182 1956 studuit,
1229 1900 1283 1944 ad
1307 1914 1595 1944 numerorum

32 1989 151 2050 leges
175 1989 437 2035 revocandis
463 1988 546 2034 etsi
578 1989 765 2034 maxima
794 2004 889 2034 cum
918 1989 1045 2034 laude
1079 1993 1304 2036 versatum
1330 1993 1396 2034 est
1420 1987 1597 2049 perspi-

34 2077 307 2124 cacissimum
332 2077 523 2124 Bentleii
546 2078 786 2139 ingenium,
823 2082 866 2124 et
889 2083 1044 2139 postea
1071 2078 1318 2125 recentiore
1344 2082 1484 2124 aetate
1506 2093 1599 2124 ma-

29 2183 160 2229 gnam
188 2168 317 2214 etiam
350 2184 498 2215 curam
531 2168 762 2216 collocavit
788 2168 902 2215 acies
927 2169 1102 2228 Wolfii,
1150 2185 1282 2229 quum
1307 2169 1496 2215 aliorum
1517 2168 1599 2214 ho-

30 2258 197 2305 minum
227 2259 479 2317 doctorum,
515 2262 609 2305 tum
636 2259 883 2306 Hermanni
906 2259 1066 2306 studiis
1091 2259 1262 2319 adiuta3
1299 2263 1471 2317 tamen,
1509 2258 1597 2303 eis—

33 2349 130 2394 dem
157 2349 299 2395 denuo
330 2348 611 2408 examinatis,
645 2349 761 2396 hunc
785 2351 929 2397 locum
952 2366 1042 2396 non
1066 2350 1128 2396 ita
1152 2349 1475 2409 complanatum
1501 2363 1597 2393 esse

31 2437 228 2483 intellexi
263 2442 390 2498 atque
423 2444 763 2502 perpurgatum,
813 2440 924 2486 nihil
954 2444 1004 2486 ut
1030 2437 1292 2485 dubitationi
1326 2442 1369 2484 et
1393 2438 1599 2484 emenda-

31 2527 143 2574 tioni
168 2528 496 2588 relinqueretur
520 2529 620 2576 loci.
689 2531 745 2577 In
778 2547 863 2591 quo
894 2529 1062 2575 difficili
1087 2528 1260 2575 criticae
1289 2527 1431 2574 officio
1466 2543 1598 2590 para—

31 2617 252 2664 tissimum
276 2618 383 2665 mihi
416 2619 626 2666 auxilium
660 2620 884 2682 praestitit
912 2618 1198 2677 Grotefendi,
1248 2618 1357 2665 artis
1390 2618 1596 2665 metricae

30 2708 310 2769 peritissimi,
348 2725 541 2757 acumen.

170 2799 387 2859 Quoniam
412 2802 463 2847 de
494 2801 640 2847 critica
680 2801 794 2860 dixi,
841 2817 956 2848 nunc
987 2803 1038 2848 de
1072 2799 1395 2861 interpretandi
1421 2812 1595 2858 genere,

37 2889 152 2946 quod
187 2889 233 2935 in
272 2891 557 2952 explanandis
596 2891 663 2937 his
699 2891 823 2939 libris
862 2897 1038 2939 secutus
1077 2906 1197 2948 sum,
1233 2904 1369 2951 pauca
1408 2888 1559 2934 dicam.
