1832 3137
620 97 963 130 I‘ROLEGOMENA.
1518 90 1563 129 ‘ll

7 182 110 221 ratio
129 178 247 231 magis
268 178 485 217 necessaria
503 184 572 227 est,
604 191 717 228 quam
736 177 892 216 horum.
936 178 1063 216 Animi
1082 186 1210 216 autem
1229 179 1422 217 medicina
1443 192 1566 230 quae-

8 249 130 288 renda
161 254 218 286 est
248 262 269 284 a
302 246 569 298 philosophia.
614 259 647 282 c.
670 249 708 284 5.

117 316 163 354 ll.
222 316 477 353 Pnorosrrux
510 309 666 365 (θέσις).
730 311 854 349 Cadit
885 316 928 350 in
959 317 1181 364 sumentem
1212 315 1441 365 aegritudo.

357 438 402 475 A.
461 439 686 475 Rssruu'mo
718 448 953 473 SENTENTIAE
983 450 1231 476 rnorosrrmz.

118 516 320 555 Sententia
343 516 568 567 proposita:
601 513 741 551 cadere
763 515 806 550 in
822 516 1046 564 sapientem
1067 518 1384 567 aegritmlc'nem„
1416 530 1437 553 a
1453 517 1567 553 Cice-—

8 598 104 623 rone
130 585 180 622 ita
207 585 424 632 refutatur,
456 589 500 620 ut
524 583 783 628 demonstret,
816 593 894 617 eam
921 594 1049 618 secum
1070 596 1260 632 pugnare.
1319 584 1415 620 Nam
1442 583 1474 620 si
1499 598 1565 620 ae-

9 652 169 690 uritudo
189 653 230 689 in
250 651 460 702 sapientem
481 650 604 698 cadit,
635 649 788 699 sapiens
804 648 978 685 insanire
997 649 1188 686 dicendus
1210 656 1287 698 est,
1319 650 1444 686 omnis
1464 651 1566 687 enim

32 720 122 756 nimi
143 718 394 769 perturbatio
417 717 571 754 insania
592 723 666 766 est,
697 716 904 767 aegritudo
927 722 1055 753 autem
1072 716 1193 754 animi
1210 717 1464 768 perturbatio
1488 724 1564 766 est,

0 786 158 844 ,sapiens
181 785 323 837 igitur,
355 785 422 835 qui
447 784 693 835 aegritudine
715 783 931 835 premitur,
960 784 1121 821 insanit.
1145 807 1197 812 —-—-
1256 784 1564 834 Subiunguntur

13 853 192 904 juaedam
219 852 266 890 de
290 853 332 890 vi
358 852 488 890 Latini
515 851 683 889 nominis
719 854 922 889 insaniae.
982 852 1112 889 Latini
1138 852 1240 889 enim
1265 865 1416 889 omnem
1445 852 1564 888 animi

30 919 270 968 ffectionem,
301 920 448 957 lumine
472 919 611 957 mentis
635 925 848 967 carentem,
888 919 1098 968 insaniam,
1139 921 1363 968 amentiam,
1404 919 1564 958 demen-

8 987 98 1025 tiam
127 987 327 1038 appellant
361 994 398 1025 et
430 987 578 1024 idcirco
613 1000 694 1024 eam
728 992 934 1024 removent
970 1001 990 1023 a
1028 974 1221 1038 sapiente..
1274 989 1566 1038 Comparantur

7 1055 151 1092 Graeca
176 1055 332 1091 nomina
355 1053 494 1102 μανίας
516 1060 554 1091 et
577 1052 837 1104 μελαγχολίας.
871 1068 904 1090 c.
927 1057 962 1091 4.
982 1058 1019 1091 5.

2 1147 4 1166 ‚
119 1121 316 1167 Quoniam
339 1127 481 1158 natura
504 1121 582 1157 sere
601 1121 642 1157 in
664 1120 803 1157 animis
824 1126 1002 1157 tenerum
1023 1121 1210 1170 quiddam
1228 1127 1346 1170 atque
1366 1121 1481 1158 molle
1497 1129 1565 1169 est,

15 1188 113 1239 Juod
132 1188 379 1239 aegritudine
400 1188 621 1236 quatiatur,
652 1187 763 1224 facile
785 1187 1028 1235 inducimur,
1062 1194 1105 1224 ut
1128 1189 1407 1236 existimemus,
1437 1189 1563 1238 aegri*

27 1256 181 1294 udinem
200 1254 240 1291 in
257 1255 468 1304 sapientem
488 1255 637 1292 cadere.
696 1254 746 1291 At
764 1253 1040 1305 philosophiae
1060 1255 1314 1305 propositum
1339 1269 1418 1292 esse
1439 1256 1565 1304 debet,

8 1329 50 1359 ut
76 1334 225 1358 omnem
256 1321 557 1358 imbecillitatem
583 1327 757 1358 nostram
789 1327 908 1370 atque
939 1321 1229 1358 mollitudinem
1251 1323 1446 1373 exstirpet
1474 1324 1564 1360 ani—

17 1402 163 1439 nosque
186 1388 367 1426 omnibus
390 1388 552 1425 miseriis
575 1389 726 1426 liberet.
757 1403 790 1426 c.
812 1392 850 1426 6.
896 1388 1033 1438 Itaque
1055 1389 1190 1426 Cicero
1209 1389 1382 1440 primum
1405 1390 1564 1427 Stoico—-

19 1470 93 1494 ·um
121 1456 359 1507 argumentis
383 1456 556 1494 breviter
578 1456 778 1493 adstrictis
807 1455 1078 1494 demonstrare
1105 1463 1295 1506 conatur,
1335 1458 1376 1494 in
1405 1459 1564 1509 sapien-

22 1536 77 1561 em
107 1523 244 1561 cadere
275 1537 354 1561 non
384 1537 498 1574 posse
529 1523 828 1574 aegritudinem.

117 1590 154 1640 a)
188 1593 333 1627 Prima
356 1594 672 1641 argtmzentata'o.
734 1591 854 1629 Nemo
878 1597 935 1629 est
957 1591 1134 1642 sapiens,
1167 1591 1241 1629 nisi
1267 1593 1403 1642 sortis,
1435 1594 1563 1645 aegri-

25 1657 105 1694 udo
131 1663 257 1694 autem
279 1665 474 1708 repugnat
495 1658 750 1708 fortitudini,
783 1673 862 1696 non
886 1659 994 1696 cadit
1019 1673 1111 1710 ergo
1134 1659 1174 1696 in
1198 1660 1410 1710 sapientem
1433 1662 1561 1712 aegri-

28 1724 118 1762 udo.
149 1738 181 1764 c.
206 1728 243 1763 7.
272 1723 488 1775 =§.14.15.

118 1793 156 1840 b)
186 1793 332 1829 Altera
363 1797 678 1844 argumentatio.
740 1795 936 1844 Sapientis
964 1795 1116 1831 animus
1143 1795 1197 1831 ita
1224 1808 1375 1846 semper
1401 1796 1564 1834 affectus

29 1865 84 1904 st,
121 1865 168 1896 ut
198 1860 353 1897 ratione
385 1861 533 1911 optime
564 1867 724 1909 utatur,
763 1874 964 1909 nunquam
989 1861 1113 1909 igitur
1134 1863 1394 1911 perturbatus
1419 1869 1494 1912 est,
1525 1869 1566 1900 at

33 1926 215 1977 egritudo
251 1928 501 1977 perturbatio
532 1934 589 1964 est
619 1927 758 1964 animi:
799 1940 950 1977 semper
980 1927 1104 1978 igitur
1137 1941 1178 1965 ea
1209 1929 1364 1980 sapiens
1395 1931 1564 1968 vacabit.

4 2007 7 2015 ‘
39 2020 49 2030 .
76 1997 140 2031 15.
164 2000 265 2030 extr.

123 2062 158 2108 c)
199 2062 330 2098 Tertia
368 2066 682 2112 argumenlalc'o.
744 2062 906 2113 Sapiens
943 2063 1167 2101 moderatus
1199 2071 1237 2101 et
1276 2071 1496 2116 temperans
1529 2073 1567 2104 et

15 2133 198 2166 constans
224 2135 261 2165 et
284 2128 439 2178 quietus
464 2135 539 2178 est,
573 2130 700 2167 aberit
720 2129 843 2180 igitur
868 2144 887 2166 a
908 2132 1082 2181 sapiente
1104 2132 1326 2182 aegritudO.
1358 2148 1391 2170 c.
1415 2136 1453 2172 8.

122 2194 163 2246 d)
202 2196 361 2245 Quarta
389 2200 705 2247 argmnenlalio.
766 2197 926 2248 Sapiens
954 2212 1156 2249 nunquam
1188 2199 1395 2250 irascitur,
1435 2201 1465 2238 si
1492 2215 1566 2239 au·-

13 2268 89 2298 tem
122 2262 278 2300 caderet
303 2263 344 2300 in
376 2264 588 2314 sapientem
619 2265 845 2315 aegritudo,
887 2266 1044 2303 caderet
1073 2267 1187 2303 etiam
1219 2267 1448 2305 iracundia:
1492 2282 1567 2317 qua

16 2329 197 2378 quoniam
228 2337 362 2378 vacat,
394 2332 638 2381 aegritudine
669 2332 784 2369 ctiam
814 2334 983 2371 vacabit.
1015 2348 1048 2371 c.
1070 2337 1109 2371 9.
1140 2332 1269 2384 5.19.

127 2394 163 2447 e)
203 2397 355 2445 Quinta
390 2401 703 2447 argumentatio.
773 2401 934 2451 Sapiens
968 2400 1241 2437 misericordia
1279 2407 1318 2438 et
1345 2401 1569 2441 invidentia

19 2469 148 2511 vacat,
187 2463 218 2500 si
243 2477 337 2500 vero
360 2464 513 2514 sapiens
535 2465 574 2501 in
601 2467 880 2516 aegritudinem
908 2467 1083 2503 incidere
1105 2474 1259 2518 posset,
1298 2476 1430 2519 posset
1453 2471 1569 2508 ctiam

18 2529 59 2566 in
84 2530 410 2580 misericordiam,
442 2546 539 2581 quae
567 2539 623 2569 est
646 2534 851 2584 aegritudo
882 2548 930 2571 ex
955 2535 1116 2572 alterius
1146 2537 1262 2573 rebus
1293 2537 1487 2587 adversis,
1532 2547 1569 2576 et

19 2597 58 2634 in
77 2596 354 2648 invidentiam,
385 2613 484 2650 quae
508 2606 563 2637 est
581 2601 787 2650 aegritudo
818 2615 864 2638 cx
894 2601 1055 2638 alterius
1079 2603 1195 2641 rebus
1216 2605 1420 2655 secundis,
1461 2608 1569 2644 abest

19 2677 109 2716 ergo
140 2679 159 2702 a
191 2667 364 2717 sapiente
393 2668 611 2719 aegritudo.
642 2665 681 2717 5.
707 2671 774 2705 20.
806 2683 837 2706 c.
865 2672 927 2707 10.
960 2667 1000 2720 5.
1025 2673 1092 2708 21.

217 2791 260 2827 Β.
319 2792 467 2828 LATloR
500 2806 637 2828 'l'OTIUS
670 2805 716 2828 DE
747 2805 1006 2831 AEGRITUDINE
1037 2808 1126 2832 LOCI
1159 2808 1377 2834 EXPOSITIO.

136 2866 203 2905 His
221 2869 445 2906 Stoicorum
476 2884 584 2908 more
608 2871 830 2908 contortius
855 2872 1069 2922 conclusis,
1108 2880 1237 2912 totum
1257 2875 1305 2912 de
1325 2874 1572 2925 aegritudine

7 2932 152 2997 ¹locum
176 2934 288 2974 latius
310 2943 347 2974 et
366 2937 548 2975 diffusius
571 2938 782 2989 explanare
803 2946 840 2976 et
858 2939 1059 2979 illustrare
1074 2942 1319 2993 aggreditur,
1350 2948 1395 2978 ut
1413 2948 1572 2980 senten-
