1863 3221
224 82 308 128 370
796 84 965 119 Linea
990 85 1046 119 lv.

236 186 366 223 mare,
399 170 498 225 quod
525 174 586 209 est
607 166 734 208 ventis
753 165 968 205 subiectum
985 195 996 214 ,
1039 163 1366 218 perturbationem
1392 163 1533 205 eadere
1560 163 1629 204 tibi
1656 162 1788 204 dixisti

1073 82 1116 118 27
1128 109 1136 125 ,
1162 84 1217 118 58.

236 245 388 287 videri?
419 243 505 297 quid
529 248 611 290 est,
652 239 751 293 quod
776 245 918 278 tantam
945 237 1176 291 gravitatem
1210 237 1542 291 constantiamque
1568 236 1793 291 perturbet?

239 334 286 360 au
306 314 556 372 improvisum
579 312 719 365 aliquid
742 314 830 351 aut⁹
855 310 1125 365 repentinum?
1157 309 1245 363 quid
1264 316 1391 364 potest
1409 311 1587 350 accidere
1607 310 1683 350 tale
1703 309 1739 350 ei
1754 311 1790 358 ¹,

240 392 301 432 cui
323 389 431 438 nihil,
464 387 563 441 quod
587 383 731 425 homini
751 383 910 425 evenire
931 383 1067 438 possit,
1101 397 1178 423 non
1199 382 1517 437 praemeditatum
1540 382 1653 422 sit2?
1690 380 1793 422 Nam

241 464 340 518 quod
362 462 493 510 aiunt,
528 458 644 499 nimia
666 456 839 498 resecari
859 463 1039 511 oportere
1054 487 1064 506 ,
1099 455 1287 495 naturalia
1311 455 1500 508 relinqui3
1535 454 1622 509 quid
1643 454 1798 494 tandem

241 543 369 591 potest
391 546 478 573 esse
501 531 700 581 naturale,
734 530 835 585 quod
858 530 957 570 idem
978 529 1134 569 nimium
1158 541 1246 569 esse
1267 528 1415 582 possit?
1470 526 1573 569 Sunt
1594 527 1696 567 enim
1718 541 1798 566 om-

244 609 305 650 nia
338 608 445 649 ista³
481 620 534 646 ex
561 618 738 645 errorum
770 610 854 643 orta
880 602 1100 653 radicibus,
1145 615 1243 656 quae
1268 601 1470 642 evellenda
1494 607 1533 641 et
1560 599 1803 641 extrahenda

248 681 425 737 penitus,
460 693 536 719 nou
569 676 902 727 circumcidenda,
935 689 1008 716 nee
1039 674 1272 730 amputanda
1302 680 1407 714 sunt.

357 750 542 794 XXVII.

248 842 362 883 quam
387 827 432 866 de
458 832 495 865 te
518 824 602 879 ipso
623 836 836 878 qnaerere3
871 822 993 875 (illum
1019 820 1120 861 enim
1144 827 1256 874 putas
1276 820 1380 860 omni
1402 819 1693 874 perturbatione
1717 832 1806 860 esse

604 756 673 791 58.
709 748 789 791 Sed
814 749 994 803 quoniam
1016 746 1217 801 suspicor,
1259 754 1296 787 te
1332 761 1409 786 non
1433 753 1510 786 tam
1536 746 1582 787 de
1610 745 1801 801 sapiente,

250 901 412 941 liberum
430 901 463 948 ¹,
499 904 535 937 te
559 896 661 950 visg)
683 895 899 944 videamus,
923 900 1066 947 quanta
1091 892 1184 943 sint,
1218 906 1315 946 quae
1339 906 1361 932 a
1384 892 1656 946 philosophia²
1680 905 1807 933 reme-

250 974 310 1013 dia
326 970 471 1012 morbis
495 969 711 1010 animorum
735 967 1007 1006 adhibeantur.
1050 964 1125 1005 Est
1146 965 1247 1005 enini
1263 965 1450 1018 quaedam
1473 965 1663 1004 medicina
1683 972 1805 1013 certe,

253 1058 324 1085 nec.
348 1051 423 1083 tam
444 1042 516 1082 fuit
537 1041 731 1081 hominum
755 1039 890 1093 generi
918 1038 1072 1078 infensa
1096 1044 1210 1091 atque
1234 1036 1389 1077 inimica
1414 1044 1549 1077 natura
1566 1068 1576 1088 ,
1610 1044 1652 1077 ut
1672 1051 1809 1092 eorpo-

252 1117 359 1157 ribus
382 1122 437 1155 tot
453 1127 518 1154 res
542 1114 750 1163 salutares,
775 1111 914 1152 animis
936 1111 1078 1151 nullam
1094 1113 1110 1136 3
1137 1110 1347 1161 invenerit,
1373 1110 1419 1151 de
1440 1111 1576 1164 quibus
1601 1112 1671 1151 hoo
1695 1111 1809 1151 etiam

343 1242 366 1276 9
391 1243 444 1275 Sic
466 1245 521 1275 Or.
545 1254 572 1274 c.
595 1242 633 1276 R.
646 1242 683 1273 P.
698 1241 784 1273 Gud.
803 1240 830 1272 1,
856 1242 897 1272 Il.
918 1240 951 1272 b.
973 1239 1149 1282 multisque
1168 1239 1259 1278 aliis,
1283 1239 1338 1271 alii
1359 1239 1538 1271 deteriores
1563 1244 1664 1280 atque.
1715 1239 1731 1271 1
1758 1239 1812 1271 Sic

256 1290 322 1322 duo
346 1291 426 1320 Oxx.
461 1294 494 1320 et
527 1290 607 1329 Aug.
630 1298 692 1329 pro
726 1288 786 1317 tale
821 1289 859 1317 et.
915 1285 937 1317 2
960 1297 990 1318 v.
1012 1284 1095 1316 Adn.
1151 1283 1172 1316 3
1198 1284 1280 1316 cod.
1314 1284 1407 1316 Leid.
1436 1286 1501 1317 (luo
1526 1285 1604 1317 Pall.
1641 1292 1708 1317 tres
1731 1287 1810 1316 Oxx.

256 1334 309 1367 ed.
335 1340 399 1366 vet.
428 1332 529 1365 Bouh.
554 1333 587 1363 S.
609 1332 647 1363 E.
678 1333 783 1362 omnia
812 1332 873 1362 ista
904 1341 964 1362 non
989 1340 1027 1361 ex
1048 1331 1245 1361 naturalibus
1277 1332 1400 1369 causz'S,
1430 1332 1483 1361 sed
1513 1340 1551 1361 ex
1575 1340 1713 1362 errorum
1747 1336 1810 1361 etc.

256 1379 402 1411 XXVII.
460 1376 474 1408 1
501 1379 558 1409 Tr.
581 1387 621 1407 ex
646 1376 698 1406 ed.
725 1377 847 1406 Erasm.
870 1386 896 1405 c.
919 1375 956 1405 R.
982 1375 1014 1405 P.
1040 1376 1170 1405 liberum
1190 1383 1272 1413 esse·
1304 1374 1362 1405 sed
1383 1354 1424 1405 de
1451 1375 1485 1405 Β.
1513 1375 1546 1405 P.
1572 1374 1712 1406 collator
1739 1374 1812 1405 Gu—

257 1423 391 1462 dianus,
424 1421 467 1452 de
489 1421 525 1452 R.
551 1419 650 1451 etiam
671 1419 770 1450 Krar.
793 1425 827 1450 et
852 1418 1075 1460 Bero.s1lent
1115 1418 1155 1449 V.
1181 1420 1256 1450 WeS.
1283 1419 1350 1449 Em
1374 1420 1419 1449 III
1480 1418 1564 1450 1,1.
1623 1417 1644 1450 2
1669 1431 1701 1449 v.
1726 1418 1812 1450 Adn.

257 1466 279 1500 3
303 1468 379 1499 Vat.
401 1465 498 1497 Fabr.
520 1464 586 1496 duo
608 1466 688 1496 Oxx.
713 1464 805 1495 Mon.
830 1462 858 1494 1.
884 1462 985 1494 Rehd.
1009 1461 1095 1493 Gud.
1117 1460 1149 1494 2.
1184 1462 1295 1494 Duisb.
1320 1465 1441 1495 nullas:
1455 1430 1565 1506 l''quod
1598 1475 1638 1495 ex
1661 1463 1812 1496 anteced.

259 1511 346 1555 plur.
370 1516 478 1542 ortum
509 1514 579 1547 est3
602 1509 642 1540 R.
664 1509 699 1540 P.
725 1507 810 1540 Gud.
831 1509 872 1539 II.
894 1507 999 1539 Marb.
1020 1507 1087 1538 Pal.
1099 1507 1131 1538 4.
1157 1509 1254 1539 nulla.

258 1588 385 1632 pientia
403 1587 554 1620 instituta
571 1586 707 1629 pulchra
727 1592 760 1618 et
784 1585 943 1629 exquisita
965 1591 1023 1617 est.

259 1634 370 1666 Etiam
392 1635 536 1666 Handius
573 1631 617 1663 ad
647 1632 773 1683 Wopk.
798 1643 830 1674 p.
853 1630 906 1663 93.
933 1630 1022 1661 falli-

261 1686 334 1718 tur,
367 1688 466 1720 quum
485 1676 678 1718 scripturam
698 1679 730 1707 in
753 1678 833 1708 hunc
853 1675 930 1707 ideo
955 1686 1024 1706 esse

261 1721 530 1774 praeferendam
547 1721 647 1760 dicit,
686 1721 774 1763 quod
805 1720 876 1763 ipse
900 1720 943 1751 sit
966 1731 1021 1751 sa-

262 1767 377 1810 piens,
403 1778 459 1817 qm.
474 1765 622 1797 imitetur
644 1765 775 1805 divina,
802 1771 835 1796 et
858 1765 890 1796 in
916 1776 1023 1808 quem,

265 1819 420 1855 tanquam
451 1810 483 1841 in
506 1821 594 1842 mare
611 1810 717 1842 ventis
739 1790 940 1849 stibiectum,
967 1821 1023 1841 ca-

263 1857 321 1888 dat
343 1855 562 1899 perturbatio.

331 1912 392 1933 non
414 1901 676 1941 praemeditatum
699 1900 751 1941 sit]
789 1898 1027 1931 Revocavimus

266 1957 352 1978 nunc
376 1945 459 1977 haec
481 1944 600 1982 veiha,
636 1956 719 1987 quae
740 1944 893 1986 leguntul
916 1944 947 1975 in
975 1944 1026 1976 ed

266 1997 333 2023 vet.
366 1990 470 2021 Bouh.
502 1995 535 2020 et
567 1969 642 2019 edd.
679 1990 711 2020 S.
748 1990 781 2019 E.
817 1989 961 2031 itemque
993 1988 1025 2019 in

268 2034 368 2066 duob.
392 2034 492 2070 Pall.,
518 2033 577 2063 sed
600 2032 633 2063 hi
656 2033 780 2064 habent
800 2044 836 2064 ne
861 2044 921 2075 pro
945 2044 1028 2073 n0n5

268 2078 417 2121 plerique
444 2076 677 2115 c0‹1d.,eti-.1m
699 2078 736 2107 R.
754 2078 788 2108 P.
803 2079 877 2108 Vat.
894 2077 980 2108 Gud.
998 2078 1026 2109 1.

270 2124 382 2161 11.‚et
404 2121 579 2164 pleraeque
601 2121 675 2152 edd.
690 2127 771 2153 vett.
792 2122 950 2152 omittunt
971 2132 1027 2159 ea;

270 2147 412 2209 quinque
427 2168 497 2197 Oxx
528 2168 578 2198 cui
602 2167 678 2197 nihil
701 2175 850 2197 novum
872 2169 923 2205 sit,
944 2144 1027 2205 quod

270 2213 299 2243 h.
322 2221 345 2242 e.
363 2222 396 2250 p.
408 2213 424 2242 ?
449 2213 530 2242 Nam
547 2216 631 2247 etc.‚
625 2209 833 2241 ·uonnullae
858 2190 934 2241 edd.
945 2216 1025 2242 vett.

271 2262 304 2287 et
328 2266 409 2287 unus
433 2257 492 2286 Ox.
515 2262 547 2286 et
568 2255 659 2286 Mon.
674 2256 702 2287 1.
726 2257 775 2286 cuz'
795 2256 872 2286 nihil
893 2257 1027 2286 subitum

271 2304 334 2340 est,
369 2310 397 2340 q.
418 2302 447 2331 h.
470 2309 494 2332 e.
514 2302 572 2339 μ’.)
605 2302 686 2331 Nam
710 2305 773 2330 etc.
819 2301 873 2331 Or.
908 2299 1027 2341 aliique

270 2345 369 2376 verba
389 2355 449 2376 non
466 2346 625 2384 praemed.
639 2346 677 2375 sit
693 2343 782 2375 uncis
806 2344 1025 2377 incluserunt3

272 2391 412 2420 Klotzius
426 2389 507 2420 haec
522 2388 621 2421 verba
643 2400 709 2419 uon
724 2389 860 2431 recepit⁷
878 2388 935 2420 sed
955 2395 1028 2431 post

270 2436 365 2473 possit
388 2433 536 2465 lacunam
558 2444 628 2464 esse
649 2433 775 2465 statuit.
811 2435 934 2465 Tischer
952 2433 1027 2464 edi-

274 2477 340 2507 dit:
364 2488 483 2516 praem.
503 2489 564 2510 non
584 2481 633 2510 sit.
681 2479 707 2509 E
729 2478 826 2509 variis
849 2478 942 2509 huius
962 2478 1026 2509 loci

273 2521 509 2562 supplementis
530 2529 562 2553 et
582 2522 780 2565 optimorum
802 2522 899 2554 codd.
924 2523 1027 2554 omis-

274 2564 367 2596 sione
399 2573 556 2608 apparet,
593 2567 742 2599 lacunam
776 2568 1027 2599 vetustissimam

275 2620 354 2641 esse.
390 2610 474 2640 Ori1i
495 2622 531 2640 ea
553 2612 659 2652 potuit
682 2624 719 2642 ex
741 2623 791 2650 eo,
814 2612 903 2655 quod
923 2612 1027 2644 111113-

273 2652 314 2684 rii
337 2653 448 2685 oculus
480 2654 519 2684 ab
544 2655 655 2687 ultima
688 2657 814 2699 syllaba
837 2656 927 2688 ve1bi
956 2668 1029 2697 pos-

274 2700 329 2730 sit
349 2698 513 2729 aberravit
534 2699 573 2729 ad
597 2700 740 2732 ultimam
766 2701 925 2743 syllabam
949 2714 1026 2733 ver-

274 2742 391 2774 borum
414 2753 444 2774 n.
463 2753 512 2782 pr.
532 2746 595 2774 sit
631 2745 737 2775 Euam
753 2748 939 2786 Wesenberg]
957 2748 1025 2778 Em.

275 2788 347 2830 I..p
364 2785 413 2819 17.
428 2787 509 2818 haec
529 2787 626 2818 verba
639 2790 761 2820 tuenda
780 2797 901 2825 censet
918 2802 1024 2833 comp.

274 2832 333 2863 III.
357 2829 406 2870 14,
427 2831 480 2864 29.
510 2834 560 2870 15,
573 2831 626 2864 31.
651 2839 684 2863 et
706 2833 759 2865 3.).
784 2834 865 2865 Phil.
878 2836 939 2867 XI.
954 2836 1023 2877 §.7.

274 2876 449 2919 multisque
470 2856 615 2908 collectis
645 2877 801 2919 exemplis
823 2878 1024 2920 singulorum

272 2920 454 2963 pluriumve
473 2921 647 2954 verborum
664 2928 801 2965 propter
816 2924 1024 2956 (0101103110-

1058 1596 1134 1616 num
1158 1584 1211 1616 vel
1233 1584 1401 1617 initiorum
1423 1585 1670 1617 similitudinem
1698 1585 1733 1617 in
1755 1597 1811 1617 ar-

1059 1630 1203 1673 chetypo
1225 1630 1427 1663 omissorum.
1467 1633 1612 1663 Handius
1632 1631 1675 1662 ad
1690 1631 1815 1674 Wopk.

1083 1675 1189 1708 .134.
1222 1675 1303 1707 haec
1325 1675 1423 1707 verba
1456 1675 1657 1718 interpolata
1679 1687 1814 1708 censens

1059 1687 1100 1750 de
1132 1719 1164 1751 h.
1186 1720 1207 1751 l.
1243 1721 1290 1752 sic
1317 1720 1457 1752 iudicat·
1495 1721 1606 1752 Omnis
1631 1721 1816 1752 sententiae

1058 1763 1106 1795 vis
1131 1764 1274 1797 cernitur
1292 1764 1326 1796 in
1350 1765 1511 1808 oppositis
1530 1777 1603 1797 voc.
1620 1768 1759 1798 accidere
1782 1771 1816 1796 et

1057 1811 1196 1850 evenire,·
1221 1821 1359 1852 quorum
1375 1810 1456 1841 illud
1475 1811 1509 1841 id
1530 1810 1703 1853 significat,
1727 1809 1816 1854 quod

1060 1865 1099 1885 ex
1122 1853 1302 1897 improviso
1328 1861 1361 1886 et
1392 1862 1524 1898 praeter
1552 1867 1645 1898 spem
1665 1855 1722 1893 fit,
1751 1855 1816 1886 1100

1060 1906 1190 1938 autem,
1227 1900 1318 1942 quod
1348 1911 1385 1931 ex
1407 1912 1514 1931 rerum
1539 1907 1656 1932 natura
1685 1906 1717 1931 et
1742 1911 1816 1931 cum

1062 1944 1258 1976 necessitate
1280 1945 1420 1988 quadam
1440 1945 1606 1987 provenit.
1651 1945 1739 1987 Ergo
1762 1944 1817 1976 di-

1062 1989 1106 2019 cit
1130 1989 1261 2021 Cicero:
1287 1990 1365 2033 quid
1386 1996 1499 2032 potest
1520 1990 1669 2022 accidere
1690 1989 1757 2021 tale
1776 1989 1817 2027 ei,

1062 2033 1111 2064 cui
1135 2033 1215 2065 nihil
1240 2034 1414 2066 fortuitum
1436 2035 1565 2073 accidit,
1587 2035 1676 2077 quod
1692 2035 1817 2066 homini

1060 2077 1094 2108 in
1118 2090 1225 2109 rerum
1247 2079 1431 2110 necessario
1455 2086 1573 2111 eventu
1593 2079 1663 2111 fieri
1684 2078 1815 2122 possit?

1061 2123 1110 2152 Ita
1134 2123 1233 2153 etiam
1254 2123 1469 2165 intelligitur,
1493 2131 1695 2167 quapropter
1717 2124 1817 2156 verba

1057 2170 1154 2205 potest
1185 2169 1324 2200 accidere
1353 2169 1459 2210 primo
1490 2169 1565 2201 loco
1598 2169 1706 2210 posita
1741 2168 1816 2200 sint.

1061 2210 1403 2250 Aead.11.3e‚l·)1:
1430 2213 1500 2255 quis
1522 2212 1609 2243 enim
1630 2219 1741 2254 potest
1761 2230 1815 2252 —,

1059 2255 1086 2285 si
1108 2255 1187 2305 quid
1207 2255 1336 2287 adversi
1351 2259 1509 2297 acciderit,
1534 2257 1757 2295 extimescere,
1774 2267 1816 2288 ne

1059 2299 1121 2330 id
1113 2311 1182 2331 iure
1201 2303 1342 2333 evenerit.
1367 2304 1410 2332 At
1423 2302 1476 2333 hic
1488 2302 1578 2333 locus
1590 2301 1671 2333 nihil
1685 2281 1815 2344 probat,

1062 2355 1166 2387 neque
1193 2346 1327 2377 omnino
1359 2345 1422 2377 hoc
1444 2346 1619 2378 verborum
1642 2346 1816 2378 discrimen

1059 2390 1158 2420 statui
1183 2396 1306 2432 potest,
1330 2391 1524 2432 praesertim
1547 2402 1646 2433 quum
1663 2391 1697 2423 h.
1709 2391 1730 2423 l.
1752 2391 1815 2422 ad—

1061 2433 1166 2465 ditum
1187 2434 1230 2465 sit
1252 2446 1299 2477 pr.
1325 2438 1405 2475 tale,
1437 2435 1457 2468 i.
1479 2447 1506 2468 e.
1531 2438 1735 2476 improvisum
1758 2438 1818 2468 ali-

1060 2480 1135 2519 quid
1156 2483 1211 2510 aut
1233 2483 1434 2519 repentinum.

1128 2526 1209 2555 Nam
1231 2526 1313 2563 quod
1336 2526 1438 2566 aiunt]
1467 2526 1507 2557 V.
1525 2524 1692 2556 Adnotata
1708 2523 1741 2555 in
1758 2525 1816 2555 ΙΙΙ,

1061 2568 1115 2607 30,
1140 2568 1194 2601 73.
1243 2570 1290 2599 De
1309 2580 1344 2600 re
1363 2569 1432 2611 ipsa
1457 2570 1499 2601 cf.
1522 2581 1619 2611 supra
1643 2581 1669 2600 0.
1685 2569 1738 2606 20,
1757 2566 1812 2602 46.

1064 2614 1110 2644 De
1131 2623 1178 2655 sq.
1201 2623 1340 2645 errorum
1361 2616 1530 2653 radicibus,
1552 2613 1573 2646 i.
1599 2624 1625 2645 e.
1652 2613 1813 2645 erroribus

1060 2664 1214 2700 tanquam
1238 2658 1325 2693 rad..
1352 2669 1381 2690 v.
1403 2657 1445 2689 ad
1467 2660 1523 2692 III.
1549 2657 1578 2697 1,
1607 2656 1636 2689 l.

1130 2703 1206 2734 CAP.
1227 2703 1373 2734 XXVII.
1408 2703 1434 2744 §.
1448 2703 1500 2735 58.
1534 2707 1561 2735 te
1583 2702 1645 2746 vis]
1670 2702 1748 2735 Scil.
1771 2702 1816 2735 li-

1059 2746 1173 2778 berum
1197 2758 1267 2778 esse
1288 2747 1545 2789 perturbatione.

1127 2796 1244 2831 quanla
1262 2793 1335 2832 sint]
1361 2792 1422 2822 Per
1441 2792 1594 2834 frequens
1607 2791 1813 2824 attractionis

1059 2847 1180 2878 genus,
1205 2847 1270 2878 quo
1293 2835 1548 2875 substantivum,
1575 2837 1664 2879 quod
1686 2837 1729 2869 ad
1752 2848 1814 2869 an—

1058 2880 1264 2912 tecedentem
1276 2880 1533 2912 enuntiationem
1547 2883 1700 2924 pertinet,
1712 2892 1814 2913 enun-

1057 2924 1187 2956 tiationi
1211 2924 1366 2957 relativae
1398 2925 1551 2958 inseritur
1584 2934 1617 2959 et
1639 2926 1672 2959 in
1697 2926 1816 2959 eodem
