1832 3137
597 134 720 167 LIBE
734 135 758 167 R
783 136 840 168 1v.
861 134 916 175 35,
933 133 988 170 75.
1002 133 1056 168 76.

45 226 148 254 novo
172 211 327 266 quidam
342 215 360 239 ⁶
385 225 520 252 amore
544 219 718 254 veterem
742 227 938 265 amorem,

1536 128 1620 170 385

986 221 1167 268 tanquam
1194 215 1305 257 clavo
1332 216 1505 267 clavum,
1542 219 1611 257 eii-

47 285 256 325 ciendum⁷
276 291 434 338 putant3
468 285 638 325 maxime
660 293 788 326 autem
809 287 1091 338 admonendus,
1126 295 1291 342 quantus
1309 289 1360 330 sit
1376 290 1486 330 furor
1505 303 1611 330 amo-

44 356 116 397 ris.

179 354 370 397 Omnibus
395 356 497 397 enim
529 371 581 398 ex
609 359 727 398 animi
757 359 1112 413 perturbationibus
1136 368 1196 401 est
1215 363 1390 415 profecto
1415 363 1520 403 nulla
1544 377 1610 403 ve-

44 429 284 480 hementior,
316 437 381 480 ut,
416 430 448 470 si
472 430 549 470 iam
576 431 657 485 ipsa
679 431 743 471 illa
771 445 958 471 accusare
989 432 1113 483 nolis,
1147 441 1279 488 stupra
1300 435 1385 474 dico
1411 442 1452 475 et
1475 450 1609 477 corru-

43 502 168 557 ptelas
187 509 226 542 et
250 502 465 553 adulteria,
506 504 658 543 incesta
683 503 871 556 denique,
913 518 1075 556 quorum
1101 506 1269 546 omnium
1296 508 1526 549 accusabilis
1549 516 1610 549 est

43 576 263 631 turpitud03
296 576 365 616 sed
385 583 426 616 ut
444 575 539 616 haec
558 576 728 626 omittas,
762 575 1000 630 perturbatio
1017 577 1102 631 ipsa
1121 579 1262 618 mentis
1282 579 1321 619 in
1339 593 1470 620 amore
1493 581 1606 623 foeda

40 661 112 703 per
141 662 183 689 se
208 656 283 689 est.

346 655 415 690 76.
448 647 553 688 Nam
580 656 620 688 ut
649 648 714 688 illa
746 655 1012 702 praeteream,
1057 663 1156 703 quae
1183 658 1272 691 sunt
1300 653 1467 703 furoris,
1510 653 1605 694 haec

39 721 124 775 ipsa
147 735 216 777 per
242 735 331 762 sese
357 735 469 775 quam
493 721 637 761 habent
666 720 888 771 levitatem,
922 734 1022 775 quae
1046 722 1229 763 videntur
1252 736 1339 764 esse
1367 725 1599 766 mediocria!

748 797 786 832 e'lz
793 796 928 841 euriae,

151 869 415 917 Suspiciones,
450 869 694 913 inimicitiae,
730 869 918 914 induciae,

150 941 319 986 Bellum,
347 954 431 991 pax
459 953 626 978 rursum.

688 941 840 978 Incerta
869 941 960 978 llaec
989 943 1027 978 si
1053 948 1093 978 tu
1116 943 1286 992 postules

150 1015 306 1051 Ratione
334 1021 439 1051 certa
464 1014 601 1064 fucere
613 1042 623 1059 ‚
657 1014 776 1050 m‘lze'lo
801 1014 890 1063 plus
920 1026 1028 1063 agas,

153 1087 269 1136 cham
298 1088 334 1123 si
365 1087 429 1123 des
459 1099 606 1136 operam
621 1115 631 1131 ,
667 1092 711 1123 ut
737 1088 819 1123 cum
849 1088 996 1123 ratione
1025 1081 1201 1124 insc'mzus.

41 1156 154 1198 Haec
175 1157 438 1197 inconstantia
462 1157 772 1210 mutabilitasque
792 1157 949 1206 mentis,
984 1170 1095 1210 quem
1119 1171 1196 1197 non
1219 1158 1303 1212 ipsa
1322 1160 1512 1213 pravitate
1534 1163 1599 1201 de—

37 1231 210 1271 terreat?
268 1229 343 1270 Est
367 1230 499 1270 enim⁸
531 1230 647 1280 illud,
689 1230 788 1283 quod
811 1229 851 1269 in
879 1229 981 1269 omni
1002 1230 1295 1284 perturbatione
1331 1231 1492 1282 dicitur,
1532 1235 1598 1273 de-

127 1328 149 1362 6
173 1330 228 1362 Sic
251 1333 305 1362 Or.
332 1342 358 1362 c.
381 1331 421 1362 R.
442 1331 477 1362 P.
503 1329 589 1361 Gud.
618 1329 648 1361 1.
675 1331 714 1361 ll.
736 1330 880 1372 quinque
904 1332 984 1362 Oxx.
1008 1329 1163 1373 aliisque3
1189 1330 1307 1362 eodem
1330 1330 1422 1362 ducit
1442 1343 1504 1363 scr.
1529 1337 1598 1372 qui-

35 1375 158 1408 demin
181 1376 213 1408 b.
236 1383 269 1407 et
289 1375 376 1406 Gud.
397 1374 448 1414 2.;
473 1374 528 1407 alii
551 1374 734 1406 deteriores
753 1376 900 1414 quodam.
947 1375 986 1408 V.
1005 1374 1090 1406 Adn.

33 1420 56 1452 8
79 1432 109 1453 v.
133 1420 218 1452 Adn.

36 1486 82 1519 cis
107 1487 152 1519 cf.
175 1498 236 1518 nos
261 1486 304 1518 ad
327 1486 485 1530 Xenoph.
510 1487 732 1519 Commentar.
757 1488 800 1518 ΙΙ.

32 1531 76 1574 6,
104 1533 132 1564 1.

105 1576 257 1619 ostendat]
284 1576 338 1608 Sic
357 1576 494 1608 Orellius
516 1588 542 1608 c.
556 1576 706 1608 omnibus
730 1576 801 1608 fere

40 1621 136 1653 codd.
163 1625 206 1662 (v.
229 1622 269 1652 V.
289 1621 385 1660 Son),
411 1633 449 1652 ac
472 1628 562 1653 recte
584 1621 734 1663 quidem3
761 1633 800 1652 ex

40 1665 250 1698 antecedenti
275 1668 394 1697 curalio
418 1666 490 1697 elici
511 1666 580 1696 vult
600 1668 646 1705 is,
674 1668 727 1705 qui
747 1676 800 1697 cu-

38 1715 166 1743 raturus
187 1714 248 1750 esl,·
285 1721 346 1752 ego
372 1722 398 1743 c.
422 1710 559 1742 Klotzio
583 1710 801 1753 repetendum

39 1762 122 1799 puto
147 1755 282 1786 verbnm
308 1758 438 1808 cornelio.

102 1810 197 1840 quam
220 1799 322 1841 nihili]
359 1812 406 1837 ως
431 1812 467 1833 0
459 1796 511 1834 ³58
512 1812 538 1833 a.
585 1799 657 1831 Fin.
682 1800 722 1830 V.
743 1799 797 1839 27,

34 1843 96 1877 80:
136 1846 239 1883 Quam
262 1846 339 1875 nihil
362 1848 456 1876 curo'
492 1844 546 1876 Sic
570 1856 668 1886 saepe
692 1854 799 1883 quom,

37 1893 123 1928 tam,
147 1890 244 1928 adeo,
267 1891 310 1920 ila
337 1889 578 1931 coniunguntur
603 1900 674 1920 cum
694 1899 798 1930 nega-

37 1932 204 1973 tionibus,
239 1940 275 1964 ut
299 1945 396 1976 supra
421 1935 461 1965 ΙΙ.
485 1933 515 1973 ’7,
539 1933 578 1967 17
601 1940 633 1964 et
659 1933 709 1971 17,
734 1932 796 1965 39:

34 1988 130 2019 quam
161 1988 233 2009 non.
282 1979 339 2009 ΙΙΙ.
366 1980 421 2016 12,
445 1978 508 2010 27.-
547 1988 641 2018 usque
672 1988 705 2009 eo
726 1987 798 2008 non.

37 2024 127 2054 Brut.
153 2033 180 2053 c.
195 2020 258 2059 64,
281 2024 365 2054 2225:
402 2033 496 2062 quam
520 2022 586 2054 hoc
608 2021 798 2064 scriptionis

35 2077 136 2110 genus
157 2068 296 2098 nondum
318 2066 361 2097 sit
376 2066 501 2097 Latinis
515 2067 633 2098 litteris
650 2067 798 2098 illustra—

35 2118 116 2142 tum.
164 2111 285 2143 Porro:
319 2115 384 2143 lam
404 2113 499 2151 nihil,
532 2115 575 2143 ita
600 2113 720 2152 nullus,
753 2113 798 2142 ita

35 2166 117 2196 non,
141 2157 219 2187 adeo
239 2158 354 2195 nullus,
377 2157 456 2188 adeo
476 2158 564 2188 nihil.
609 2157 649 2187 V.
670 2157 800 2188 Ellendt.

36 2199 79 2232 ad
105 2201 190 2231 Brut.
215 2201 287 2239 LX,
311 2201 387 2234 217.
414 2212 445 2243 p.
470 2201 541 2234 157.
589 2200 694 2232 Nobis
720 2211 799 2232 ver-

35 2244 171 2276 tendum
193 2251 257 2276 est:
291 2248 350 2277 wie
371 2247 492 2285 weniy,
516 2255 549 2277 so
572 2247 691 2286 wenigy,
716 2255 798 2288 quae

35 2300 134 2332 saepe
156 2301 175 2320 a
200 2290 402 2321 nostratibus
425 2289 543 2320 Latine
571 2290 656 2321 male
679 2289 794 2321 dieun-

34 2341 88 2366 tur
110 2345 206 2374 quam
227 2345 362 2374 parum,
386 2338 451 2366 tam
475 2345 601 2374 parum.

103 2381 221 2419 aegroti
236 2389 297 2410 non
311 2380 568 2420 convalescentes]
595 2379 698 2410 Recte
710 2379 799 2410 hunc

36 2423 146 2454 locum
170 2425 270 2454 Moser
304 2423 351 2453 sie
385 2422 523 2464 accipit:
568 2422 632 2454 loci
657 2423 797 2464 denique

36 2467 231 2506 mutatione,
255 2473 410 2509 tanquam
434 2466 579 2508 aegroti,
605 2466 626 2497 i.
651 2478 679 2498 e.
704 2467 798 2498 vale-

36 2511 214 2551 tudinarii,
240 2511 355 2554 quibus
379 2511 494 2550 aliter,
525 2510 675 2542 omnibus
700 2511 799 2543 etiam

37 2557 189 2589 remediis
206 2556 372 2595 adhibitis,
387 2567 455 2587 non
473 2555 646 2598 contingit,
663 2562 699 2587 ut
715 2567 799 2588 con-

38 2601 222 2640 valescant,
249 2612 347 2643 saepe
373 2600 534 2632 curandus
557 2607 616 2632 est.

106 2647 168 2690 §.''
155 2647 202 2679 ιΞ).
227 2656 306 2678 novo
325 2647 455 2686 quidam
474 2645 593 2687 amore]
612 2644 665 2675 Sic
682 2643 800 2686 optimi

39 2689 137 2722 codd
153 2692 198 2733 (v.
209 2691 250 2722 V.
262 2691 358 2730 Ser..)
387 2690 497 2731 Vulgo
509 2699 587 2721 novo
600 2690 799 2729 quodamas

41 2734 169 2777 quodp
174 2735 269 2767 robat
282 2737 467 2766 Goerenzius
487 2733 528 2765 ad
546 2731 800 2771 Fin.1.1<)‚62.,

39 2778 220 2821 significare
242 2779 325 2810 velle
337 2780 480 2811 Tullium
503 2790 561 2821 per
582 2788 697 2810 novum
714 2787 801 2809 amo-

40 2833 105 2855 rem
127 2834 248 2856 novum
269 2824 414 2855 studium
435 2831 467 2855 et
492 2835 549 2865 per
571 2825 699 2862 quidam
719 2821 800 2853 sub—

40 2867 185 2899 stantivo
203 2869 431 2910 praemissum:
456 2870 591 2909 quodam
609 2868 712 2904 modo,
729 2865 802 2897 exi-

41 2912 190 2951 stimans,
216 2923 323 2955 comp.
349 2925 398 2956 pr.
420 2913 516 2944 Arch
542 2924 604 2955 po
589 2915 632 2943 §.t
655 2912 717 2954 XI,
737 2908 798 2942 28ῑ

41 2956 82 2988 do
103 2967 178 2989 meo
199 2959 336 2996 quodum
359 2969 471 2990 amore
490 2957 615 3000 gloriae
635 2974 677 2980 -
695 2954 802 2989 confi-

107 3009 153 3038 cd.
174 3015 292 3046 quartu.

1147 1373 1168 1408 7
1195 1377 1248 1407 Or.
1272 1375 1374 1407 tacite
1397 1378 1596 1408 eiiciundum.

836 1486 943 1518 tebor.
976 1486 1078 1517 Acad.
1100 1488 1124 1517 Ι.
1150 1486 1183 1524 2,
1203 1486 1243 1519 8:
1269 1489 1410 1526 quadam
1431 1487 1598 1519 hilaritate

837 1530 1089 1573 conspersimus.
1136 1531 1203 1562 Sed
1225 1531 1307 1562 haec
1330 1531 1528 1573 significatio
1557 1533 1598 1564 ab

834 1576 867 1607 h.
895 1575 917 1606 l.
948 1575 1055 1607 aliena
1079 1582 1149 1614 est,
1187 1583 1220 1607 et
1242 1587 1302 1608 scr.
1326 1578 1462 1617 quodam
1487 1577 1596 1615 facile,

835 1620 883 1651 uti
915 1627 1006 1651 recte
1036 1619 1134 1652 docet
1158 1622 1317 1660 Klotzius,
1351 1632 1391 1652 ex
1423 1621 1596 1653 verborum

836 1665 1056 1696 collocatione
1082 1664 1159 1696 oriri
1182 1665 1303 1707 potuit.

901 1713 1052 1750 tanquam
1074 1712 1163 1741 clavo
1186 1711 1325 1751 clavum]
1362 1711 1462 1742 Moser
1486 1710 1597 1742 laudat

834 1755 1004 1786 Erasmum
1027 1754 1061 1785 in
1073 1754 1135 1785 Ad
1127 1766 1198 1796 {gg
1218 1766 1249 1797 p.
1265 1752 1342 1786 646.
1367 1755 1572 1786 Schottum
1562 1767 1596 1786 ιιι
1653 1767 1657 1770 ·

836 1799 959 1852 Adagg.
985 1799 1041 1830 G1.
1071 1810 1102 1840 p.
1127 1797 1212 1831 43&
1249 1798 1302 1829 ubi
1331 1805 1397 1829 est.
1433 1795 1509 1852 ἥλω
1540 1798 1596 1832 rev

834 1837 914 1885 ηὶοι
936 1842 1016 1884 ἐκκρ
1021 1840 1076 1875 ου’,ε
1062 1853 1127 1880 ιις·
1145 1842 1305 1884 τ-αροιαία
1324 1839 1397 1875 eorl
1413 1844 1470 1875 τοῦ
1489 1840 1596 1885 ἆμαρ-

832 1887 996 1929 τήυατι
981 1885 1018 1920 τὸ
1044 1898 1231 1928 αμαρτημα
1252 1885 1408 1924 σπευδεις
1428 1885 1596 1926 ἐξελάσαι.

833 1934 979 1964 Davisius
1003 1931 1034 1962 in
1062 1938 1171 1973 partes
1196 1938 1293 1962 ιοοιιῑ
1317 1931 1440 1963 Polluc.
1465 1932 1535 1971 IX,

836 1977 909 2008 1Ὀ.
958 1975 1092 2006 ὃιιίἀιιιη
1115 1975 1148 2006 in
1173 1972 1259 2018 isso).

899 2024 943 2060 ut,
969 2023 994 2052 si
1017 2023 1083 2051 iam
1100 2021 1251 2060 —foeda
1268 2030 1324 2059 per
1344 2030 1374 2052 se
1397 2020 1453 2064 est]
1480 2020 1594 2052 Oratio

832 2071 882 2096 est
902 2061 1146 2102 ἅνακόλουὶῑοςῑ
1177 2075 1260 2107 quae
1283 2064 1326 2095 ad
1348 2065 1596 2106 grammaticam

834 2109 1046 2142 construendi
1070 2120 1219 2140 normam
1241 2116 1397 2140 revocata
1419 2109 1466 2140 sic
1490 2109 1595 2141 debe-

832 2155 889 2186 bat
913 2166 983 2186 esse
1008 2160 1215 2196 comparata:
1241 2157 1285 2193 ut,
1309 2157 1335 2185 si
1358 2157 1422 2185 iam
1446 2156 1517 2193 ipsa
1538 2156 1595 2186 illa

832 2209 980 2232 accusare
1002 2201 1100 2238 nolis,
1124 2202 1235 2237 stupra
1258 2217 1301 2222 —
1324 2201 1504 2238 turpitudo,
1524 2208 1595 2238 per-

831 2246 964 2276 turbatio
985 2246 1057 2283 ipsa
1079 2246 1189 2274 mentis
1208 2245 1240 2274 in
1259 2253 1364 2274 amore
1381 2245 1474 2282 foeda
1494 2253 1550 2281 per
1565 2252 1595 2274 se

832 2291 880 2321 sit.
927 2290 966 2320 V.
989 2288 1032 2319 ad
1056 2286 1111 2329 34,
1135 2287 1189 2319 72.
1233 2286 1313 2324 Alii,
1340 2293 1375 2317 ut
1398 2289 1508 2325 Moser,
1531 2297 1595 2317 vo-

834 2333 938 2365 culam
963 2336 995 2363 ut
1018 2343 1078 2374 pro
1099 2334 1201 2370 velut,
1226 2340 1298 2362 zum
1318 2332 1469 2370 Beispiel‚
1503 2330 1595 2361 acci—

833 2389 912 2421 pere
936 2376 1073 2408 malunt.
1124 2376 1174 2406 De
1205 2374 1365 2418 paiticula
1400 2377 1466 2406 iam
1496 2387 1527 2406 v.
1553 2373 1595 2406 ad

832 2423 897 2463 51,
921 2421 975 2454 65.

900 2466 1100 2506 accusabilis]
1127 2459 1217 2503 ἅπαξ
1241 2461 1427 2505 λεγόμενον.
1470 2465 1596 2504 Wolfius

832 2511 1071 2561 iuterpretatur
1094 2509 1141 2540 ita
1163 2514 1363 2551 comparata,
1389 2515 1423 2539 ut
1438 2507 1481 2540 ad
1506 2508 1594 2540 iudi-

835 2555 917 2587 cium
944 2553 1054 2585 vocari
1073 2553 1189 2595 possit.

903 2597 999 2642 §-76.
1026 2617 1066 2621 —
1081 2597 1228 2640 iniuriae]
1254 2599 1388 2630 Terent.
1411 2598 1492 2629 Eun.
1518 2598 1542 2628 Ι.
1566 2598 1594 2634 1,

838 2641 878 2675 14
893 2654 942 2685 sq.
989 2644 1137 2674 Davisius
1161 2653 1268 2685 comp.
1293 2642 1374 2673 Hor.
1401 2643 1470 2674 Sat.
1498 2643 1535 2675 [1.
1561 2642 1593 2682 3,

834 2686 900 2720 260
913 2698 961 2729 sq.

903 2730 1102 2773 suspiciones]
1129 2730 1279 2763 Secunda
1298 2730 1393 2762 huius
1410 2731 1500 2762 vocis
1521 2730 1592 2771 syl-

835 2775 909 2807 laba
930 2775 962 2807 h.
981 2775 1004 2812 l.
1026 2775 1229 2818 producitur,
1257 2775 1302 2807 uti
1327 2787 1426 2817 saepe
1446 2775 1516 2805 aliis
1539 2774 1591 2804 lo-

837 2820 892 2852 cis.
939 2820 994 2852 Sic
1014 2821 1090 2852 Ter.
1116 2819 1218 2852 Andr.
1238 2821 1295 2852 Ill.
1317 2822 1358 2858 2,
1382 2820 1435 2851 21.
1481 2818 1591 2848 I'lures

836 2864 928 2897 locos
951 2865 1115 2907 congessit
1128 2865 1287 2898 Ochsner‘
1278 2876 1310 2895 in
1327 2863 1392 2895 Ecl.
1405 2862 1471 2893 Cic.
1491 2874 1522 2903 p.
1535 2862 1588 2894 &53-

902 2911 956 2941 Est
979 2913 1058 2942 enim
1078 2910 1170 2952 illud]
1197 2908 1384 2940 Nonnullae
1409 2905 1484 2937 cdd.
1510 2911 1590 2936 vctt.

835 2954 949 2998 legunt
971 2959 1015 2988 est
1038 2957 1168 2987 eliam
1191 2955 1291 2993 illud;
1326 2958 1359 2983 at
1382 2961 1448 2982 non
1472 2960 1593 2981 noxum

1219 3004 1271 3037 25
