1832 3137
642 133 802 166 Lmen
828 135 883 166 iv.
910 133 972 175 25,
997 134 1050 167 55.
1537 127 1617 171 307

61 211 208 253 cundus
232 224 309 251 nou
329 224 484 265 semper
503 211 624 252 iratus
643 219 726 262 est3
751 212 925 264 lacesse;
958 213 1035 253 iam
1055 213 1206 254 videbis
1226 216 1434 256 furentem.
1489 216 1620 270 Quid?

60 285 136 326 ista
158 283 341 324 bellatrix
368 283 593 335 iracundia,
627 299 741 338 quum
773 285 925 325 domum
950 286 1085 338 rediit,
1131 287 1253 341 qualis
1277 295 1335 329 est
1364 303 1449 330 cum
1473 304 1616 340 uxore,

58 372 145 398 cum
171 356 325 408 liberis,
369 371 453 397 cum
487 357 658 397 familia?
689 372 737 398 au
763 365 839 398 lum
863 372 1015 412 quoque
1042 367 1103 400 cst
1127 360 1259 401 utilis?
1317 361 1391 402 Est
1411 362 1529 417 igitur
1551 364 1619 404 ali-

58 430 172 484 quid,
217 430 316 484 quod
349 430 572 485 perturbata
597 444 707 470 mens
738 431 873 470 melius
910 432 1031 484 possit
1064 434 1217 484 facere,
1258 449 1371 488 quam
1410 438 1621 478 constans?

58 518 108 544 an
138 503 337 558 quisquam
374 510 503 558 potest
537 503 622 544 sine
653 503 945 558 perturbatione
981 505 1122 546 mentis
1155 507 1301 548 irasci?
1359 507 1470 549 Bene
1501 509 1622 564 igitur

58 577 208 628 nostri,
242 591 356 632 quum
384 577 513 617 omnia
536 584 670 617 essent
696 576 734 616 iu
761 575 1019 617 *moribus*
1037 580 1057 604 4
1086 579 1201 630 vilia,
1236 581 1336 634 quod
1364 582 1509 622 nullum
1536 590 1622 624 erat

59 650 259 691 iracundia
290 649 464 699 foedius,
498 650 705 690 iracundos
736 649 841 689 solos
872 653 1095 691 morosos⁵
1131 653 1444 694 nominaverunt.

172 722 314 764 XXV.

59 797 270 836 dedecet1.

59 877 99 910 et
122 869 391 910 vehementius
414 867 605 908 dicimus?
637 868 752 922 quid?
783 883 896 922 quum
918 868 992 908 iam
1021 869 1138 909 rebus
1159 871 1367 911 transactis
1388 879 1427 911 et
1447 880 1622 927 praeter-

377 730 445 764 55.
481 721 690 764 Oratorem
715 736 812 762 vero
839 722 955 762 irasci
983 723 1140 763 minime
1167 725 1300 776 decet,
1333 727 1519 768 simulare
1543 743 1618 769 nou

333 796 396 836 An
424 795 491 835 tibi
518 795 632 835 irasci
659 802 735 835 tum
761 795 960 846 videmur,
996 811 1110 849 quum
1136 798 1222 850 quid
1254 798 1294 837 iu
1317 799 1467 840 caussis
1492 803 1620 842 acrius

59 941 124 982 itis
145 941 344 982 orationes
366 941 588 991 scribimus,
620 956 708 982 num
728 941 816 981 irati
837 942 1068 982 scribimus?
1119 943 1307 998 Ecquis2
1330 945 1410 985 Ιιοσ
1427 946 1623 987 animad-

62 1018 190 1057 vertit
204 1016 224 1056 ?
269 1014 450 1056 vincite!
482 1029 570 1055 uum
592 1022 658 1055 aut
678 1015 806 1068 egisse
831 1029 998 1069 unquam
1019 1016 1161 1056 iratum
1181 1017 1381 1072 Aesopum
1396 1049 1406 1069 ,
1439 1026 1504 1059 aut
1525 1020 1621 1059 scri-

151 1155 172 1188 4
199 1156 252 1187 Sic
277 1156 406 1198 egregie
431 1155 517 1188 coni.
547 1157 584 1188 D.
608 1162 641 1187 et
662 1155 708 1188 sic
730 1155 883 1194 G11d.2.;
911 1156 1026 1187 eodem
1049 1157 1139 1188 ducit
1161 1169 1223 1188 scr.
1247 1160 1390 1198 morbus,
1415 1170 1497 1202 quae
1519 1166 1567 1190 est
1588 1159 1621 1191 in

61 1203 99 1233 R.
122 1214 139 1233 a
163 1213 210 1243 pr.
241 1213 281 1233 m.
308 1201 395 1233 Gud.
419 1201 448 1232 1.
478 1201 517 1231 ΙΙ.
553 1201 686 1239 Duisb.,
722 1200 837 1243 reliqui
867 1204 990 1234 morbis.
1049 1202 1068 1233 5
1095 1202 1148 1233 Sic
1171 1205 1225 1233 Or.
1253 1215 1280 1234 c.
1305 1203 1343 1233 R.
1367 1204 1401 1234 P.
1427 1204 1502 1235 Vat.
1525 1204 1622 1238 Fabr.

62 1247 201 1278 Cantab.
222 1247 370 1278 Petreus.
394 1257 411 1277 a
434 1257 548 1289 pr.-m.
571 1245 683 1278 Duisb.
710 1245 818 1279 Marb.
843 1257 908 1278 uno
932 1248 990 1278 Ox.
1014 1246 1112 1278 codd.
1139 1247 1219 1280 Lall.
1253 1259 1313 1289 pro
1335 1248 1422 1290 vulg.
1446 1251 1622 1281 morbosos:

59 1292 150 1335 quod
175 1292 326 1323 nimirum
347 1297 454 1323 ortum
478 1298 528 1322 est
550 1302 590 1322 ex
609 1303 709 1333 prava
731 1303 793 1323 scr.
818 1294 934 1323 morbis*
952 1303 1011 1333 pro
1035 1294 1182 1324 moribus.
1230 1293 1341 1324 XXV.

61 1336 147 1369 Gud.
179 1337 206 1368 1.
230 1338 270 1368 11.
293 1336 414 1379 aliique
438 1347 496 1379 per
517 1347 663 1367 errorem
691 1346 752 1368 non
773 1338 867 1368 decet.

56 1385 138 1423 quis.

60 1460 118 1491 bus
140 1459 348 1491 efficiebant:
381 1461 499 1490 Omnes
521 1458 621 1490 animi
644 1459 822 1501 perturba-

58 1505 166 1536 tiones
187 1504 295 1536 morbi
315 1511 410 1541 sunt3
436 1504 489 1547 qui
514 1511 623 1535 autem
647 1504 680 1536 in
705 1504 821 1535 morbo

58 1557 154 1589 sunt,
178 1549 249 1581 sani
271 1561 336 1580 non
362 1556 458 1583 sunt;
485 1549 576 1592 atqui
597 1549 824 1592 insipientium

58 1595 169 1634 animi,
195 1595 268 1638 quia
291 1602 366 1625 sunt
388 1594 690 1636 perturbatiqnibus
714 1594 823 1625 obno-

61 1640 125 1678 xii,
161 1639 194 1671 in
219 1640 336 1671 morbo
361 1645 455 1670 sunt:
492 1650 570 1681 ergo
603 1650 715 1670 omnes
739 1639 821 1669 insi·-

61 1685 190 1727 pientes
211 1684 316 1716 insani
338 1690 423 1714 sunt.
470 1684 521 1715 Cf.
545 1695 642 1725 supra
665 1685 722 1715 Ill.
740 1681 771 1721 4,
790 1682 822 1715 9.

63 1733 171 1772 Atque
193 1729 256 1760 hac
280 1728 411 1772 quidem
435 1729 562 1759 ratione
585 1735 675 1760 recte
699 1735 731 1759 et
755 1728 824 1759 sine

60 1774 126 1806 ulla
171 1774 387 1817 perversitate
431 1773 628 1805 concludere
668 1779 826 1816 poteraut

60 1818 185 1858 Stoici,
222 1830 334 1851 omnes
366 1818 557 1861 insipientes
589 1819 722 1850 insanos
747 1829 828 1849 esse.

61 1866 131 1896 iam
152 1875 241 1900 vero,
266 1863 401 1895 remotis
427 1863 729 1906 perturbationibus
752 1875 826 1894 ma-

62 1910 212 1952 ximeque
226 1908 406 1946 iracundia,
429 1910 463 1940 in
481 1920 542 1952 qua
558 1908 734 1951 praecipue
752 1908 826 1939 ani-

61 1966 132 1986 mus
153 1954 362 1997 perturbatus
383 1954 499 1991 elucet,
527 1954 615 1984 nullo
634 1952 736 1984 modo
758 1952 827 1984 lieri

62 2001 170 2043 potuit
184 2025 190 2034 ,
226 2006 262 2030 ut
281 1998 376 2030 istam
399 1998 596 2030 sententiam
617 1998 826 2041 proferrent;

62 2051 137 2081 aut,
164 2045 189 2075 si
213 2043 438 2086 protulissent,
464 2043 524 2086 ipsi
547 2043 650 2074 insani
675 2042 824 2074 fuissent.

130 2093 268 2121 monstra
290 2088 404 2131 dicere]
429 2089 471 2120 H.
490 2100 517 2119 e.
544 2088 704 2125 absurda,
729 2087 827 2119 inau-

61 2134 133 2166 dita
155 2133 275 2165 dicere.
322 2135 421 2166 Moser
442 2141 612 2176 comparat
639 2133 680 2164 ad
704 2136 770 2164 ΑΗ.
793 2130 827 2173 4,

63 2179 102 2213 7:
136 2182 273 2216 monstra
295 2181 440 2210 nuntiare
467 2179 499 2221 gi.
523 2190 550 2210 e.
576 2178 827 2220 inexspectata).

62 2224 106 2257 ib.
131 2223 172 2263 9,
201 2225 257 2255 11:
292 2228 430 2255 monstra
450 2228 604 2264 narrant,
637 2234 720 2266 quae
746 2222 828 2254 falsa

61 2281 133 2301 esse
155 2275 304 2311 possunt.
351 2268 393 2299 ad
418 2269 479 2307 Qu.
502 2269 554 2299 Fr.
574 2269 605 2307 ¹2,
626 2268 664 2301 6:
690 2272 829 2300 monslra

59 2316 270 2354 promulgare.
308 2313 361 2344 Sic
379 2317 521 2353 portenta
542 2315 662 2354 dicere5
689 2325 718 2346 v.
742 2313 784 2344 ad
806 2313 829 2344 I.

62 2358 104 2397 ὃ,
132 2359 181 2390 ll.

130 2405 218 2435 Nunc
239 2403 357 2443 autem]
383 2403 423 2433 V.
446 2401 530 2433 Adn.
553 2401 586 2432 in
613 2403 668 2434 111.
694 2402 706 2434 1
725 2427 732 2441 ,
757 2402 789 2433 2.

132 2451 165 2478 ut
188 2448 270 2478 male
294 2449 373 2478 olere
397 2456 484 2478 omne
507 2446 650 2489 coenum]
681 2448 726 2477 Ut
752 2457 829 2478 coe—

66 2504 141 2524 num
168 2502 234 2523 non
259 2502 388 2533 semper
420 2491 505 2522 male
539 2490 626 2529 olet,
663 2497 696 2522 at
731 2502 829 2533 quum

64 2543 269 2569 commotum
291 2536 373 2575 erit,
400 2536 557 2567 continuo
584 2535 719 2567 foedum
743 2535 828 2567 odo·

63 2593 132 2614 rem
154 2582 298 2625 spargit3
322 2580 368 2612 ita
389 2581 514 2612 animus
536 2580 744 2622 perturbatus
763 2592 829 2611 non

64 2639 196 2670 semper
215 2625 346 2662 insanit,
371 2632 415 2663 at,
442 2637 540 2668 quum
564 2625 733 2656 lacessitus
756 2625 829 2664 erit,

66 2673 223 2704 continuo
248 2671 280 2702 in
307 2670 453 2702 furorem
479 2670 649 2712 abripitur.

133 2717 283 2758 morosos]
321 2717 435 2747 Senec
464 2715 505 2746 de
531 2717 580 2746 Ina
607 2716 638 2753 1,
666 2712 704 2746 -it
742 2715 831 2745 Inter

68 2760 127 2792 hos
152 2763 209 2803 (sc.
228 2760 417 2800 iracundos>
443 2770 598 2792 morosum
620 2770 721 2802 ponas
742 2758 830 2797 licet,

67 2804 246 2837 delicatum
278 2805 467 2837 iracundiae
491 2817 602 2847 genus.
653 2804 703 2835 Cf.
731 2804 766 2835 C.
791 2803 832 2834 de

69 2851 144 2881 Seu.
172 2851 229 2886 Ιὸ,
255 2849 310 2882 65.
357 2852 449 2887 „Der
472 2860 612 2882 morosus
637 2850 741 2880 keunt
767 2848 832 2879 und

66 2894 181 2926 achtet
205 2893 262 2926 das
285 2895 509 2926 Herkommen
524 2920 531 2934 ‚
565 2904 702 2934 morem,
735 2893 834 2925 miss—

66 2939 174 2981 billigt
197 2938 276 2979 jede
294 2939 519 2982 Abweichung
545 2939 652 2970 daron
678 2938 745 2970 und
770 2939 833 2970 be-

67 2983 224 3015 schri‘inkt
251 2983 403 3015 desshalb
438 2985 519 3015 oder
553 2984 680 3016 scheint
705 2996 744 3015 zu
770 2983 831 3014 be-

1391 1294 1406 1324 1
1434 1295 1508 1325 vat.
1530 1295 1568 1326 n.
1586 1295 1622 1325 P.

925 1335 947 1367 2
972 1336 1056 1375 Alii,
1095 1337 1192 1368 etiam
1219 1338 1255 1368 a.
1284 1339 1317 1369 P.
1340 1338 1425 1370 Gud.
1453 1338 1482 1369 1.
1506 1338 1561 1380 b.,
1587 1341 1625 1370 Et

858 1458 1040 1491 scluiinken
1067 1459 1121 1490 die
1148 1459 1231 1491 freie
1257 1461 1439 1503 Bewegung
1470 1460 1530 1492 der
1555 1462 1626 1493 Ge-

859 1504 1005 1544 nialitat,
1040 1504 1093 1536 die
1116 1505 1186 1536 sich
1210 1504 1292 1536 iiber
1316 1504 1370 1536 die
1393 1505 1619 1538 bestehenden

860 1550 1001 1580 Gesetze
1025 1549 1085 1581 der
1106 1550 1235 1588 Kunst,
1262 1549 1320 1581 des
1337 1550 1541 1590 Anstandes,
1568 1551 1627 1582 der

860 1594 1064 1626 Sittlichkeit
1104 1595 1234 1637 hinweg
1273 1600 1394 1626 setzt.“
1452 1598 1624 1628 Doederlin.

859 1641 1043 1682 Synonym.
1067 1639 1142 1671 Vol.
1160 1641 1215 1671 Ill.
1243 1651 1274 1682 p.
1292 1637 1360 1671 234
1374 1652 1422 1683 sq.

929 1685 1006 1716 ΟΜ).
1026 1685 1140 1716 XXV.
1166 1685 1262 1727 5525.
1289 1686 1464 1727 Oratorem]
1494 1685 1547 1718 Cf.
1575 1686 1625 1721 19,

860 1726 934 1767 433
971 1731 1119 1761 simulare
1151 1741 1196 1760 sc.
1222 1730 1314 1760 iram.
1364 1730 1413 1760 De
1436 1742 1504 1773 seq.
1529 1741 1571 1762 an
1595 1742 1626 1761 v.

860 1773 904 1805 ad
927 1775 984 1805 111.
1012 1775 1049 1811 l,
1078 1775 1106 1806 1.

928 1822 994 1850 iam
1007 1821 1096 1850 rebus
1106 1821 1271 1850 transactis
1291 1823 1317 1850 ec
1333 1829 1382 1858 pr.
1400 1830 1443 1851 or.
1463 1819 1538 1862 scr.]
1562 1820 1628 1859 „de

862 1865 936 1895 Seu.
956 1865 1008 1903 ll,
1023 1864 1083 1896 ὅδε
1113 1875 1296 1894 caussarum
1315 1864 1502 1902 illustrium,
1527 1875 1627 1907 quas-

863 1920 989 1951 cunque
1014 1907 1162 1946 defendi,
1190 1920 1277 1940 nunc
1303 1909 1519 1940 cummaxime
1543 1921 1628 1940 con—

862 1953 937 1984 ficio
957 1953 1135 1984 orationes.
1172 1953 1313 1984 Freilich
1331 1953 1463 1985 wurden
1485 1953 1538 1985 die
1561 1954 1627 1985 Re-

863 1998 924 2029 den
939 1997 1053 2040 gewiss
1068 1998 1314 2040 grossentheils,
1340 1998 1400 2029 ehe
1414 1999 1460 2030 sie
1474 1998 1628 2041 gehalten

862 2044 1015 2081 wurden,
1052 2042 1240 2074 schriftlich
1274 2044 1478 2083 eutworfen‚
1517 2043 1630 2086 spiiter

862 2088 941 2119 aber
976 2087 1152 2130 eigentlich
1188 2088 1453 2130 ausgearbeitet3
1490 2088 1630 2120 manche

865 2133 995 2164 wurden
1013 2133 1092 2164 aber
1107 2132 1190 2164 auch
1206 2145 1317 2175 wegen
1333 2132 1554 2174 Wichtigkeit
1571 2132 1629 2164 des

865 2178 1115 2220 Gegeustandes
1137 2177 1303 2209 bisweilen
1325 2178 1432 2220 gleich
1456 2178 1628 2220 abgelesen

865 2235 896 2254 u.
922 2223 1089 2254 vielleicht
1121 2223 1234 2265 spiiter
1266 2223 1358 2254 nicht
1383 2230 1448 2254 erst
1473 2235 1630 2264 ausgear-

863 2267 979 2299 beitet.
1025 2268 1101 2310 Vgl.
1128 2268 1162 2299 C.
1189 2280 1236 2310 pr.
1264 2268 1319 2299 Cn.
1344 2268 1452 2298 Plane.
1476 2268 1542 2305 250,
1566 2265 1628 2300 74:

864 2313 1022 2344 recitetur
1047 2312 1171 2351 oratio,
1209 2324 1290 2354 quae
1323 2319 1462 2353 propter
1486 2312 1533 2342 rei
1557 2323 1630 2342 ma-

866 2357 1073 2400 gnitudinem
1093 2357 1180 2388 dicta
1200 2357 1240 2387 de
1259 2356 1383 2398 scripto
1407 2361 1492 2387 est.‘·
1530 2358 1631 2388 Klotz.

866 2401 962 2434 Adde
987 2405 1022 2433 F.
1038 2405 1074 2433 A.
1097 2403 1240 2441 H'olfium
1268 2401 1301 2431 in
1326 2401 1431 2442 praef.
1458 2400 1500 2432 ad
1525 2400 1573 2433 or.
1598 2412 1629 2444 p.

867 2448 913 2478 M.
938 2446 1097 2478 Marcello
1121 2458 1153 2488 p.
1172 2447 1255 2477 XVI
1271 2457 1338 2487 seq.

932 2494 1045 2530 Ecquis
1058 2509 1102 2514 —
1121 2493 1231 2522 vincite
1242 2490 1267 2533 !]
1295 2492 1352 2521 Est
1370 2490 1531 2532 particula
1554 2502 1632 2521 ver—

865 2548 917 2567 sus
940 2547 977 2567 ex
1002 2535 1091 2566 Accii
1114 2538 1215 2566 Atreo
1245 2542 1375 2578 sumpta
1408 2538 1452 2577 (v.
1475 2535 1516 2566 de
1541 2536 1631 2567 Orat.

866 2582 923 2611 Ill.
945 2581 997 2616 ὃὸ,
1021 2580 1110 2620 217.)
1125 2605 1131 2617 ,
1169 2579 1239 2616 ubi,
1268 2587 1302 2610 ut
1326 2580 1469 2623 explicat
1493 2582 1632 2620 NeidiuS,

866 2624 981 2667 uliquis
1005 2624 1105 2655 iratus
1139 2624 1266 2656 cuidam
1295 2625 1504 2656 facinoroso:
1546 2626 1633 2664 Quis,

865 2670 991 2712 inquit,
1026 2671 1081 2701 hoc
1114 2671 1238 2709 focinus
1268 2672 1372 2701 vidit?
1408 2673 1490 2710 ayile
1514 2674 1541 2701 et
1564 2672 1633 2701 vin-

865 2718 947 2747 ctum
969 2724 1037 2745 eum
1060 2715 1223 2746 abducite!
1267 2715 1416 2758 [Orellius
1437 2715 1499 2746 sic:
1527 2714 1633 2745 Sti-ast

867 2759 960 2790 nicht
994 2758 1101 2800 gleich
1138 2759 1235 2791 Einer
1275 2759 1360 2791 diess
1398 2756 1630 2802 (Vergehen)‘?

868 2803 1000 2835 Schnell
1023 2803 1131 2835 werde
1151 2816 1186 2835 er
1205 2805 1366 2847 gestrast!
1404 2804 1519 2835 Bindet
1538 2803 1594 2832 ihu
1608 2801 1630 2841 l]

868 2850 960 2880 Haec
989 2849 1065 2880 irati
1098 2849 1240 2882 hominis
1265 2850 1364 2881 verba
1396 2861 1457 2879 nec
1484 2852 1631 2888 Aesopus

868 2893 984 2925 histrio
1009 2905 1149 2937 unquam
1176 2894 1243 2937 egit
1275 2895 1393 2929 iratus,
1432 2904 1491 2923 nec
1515 2889 1632 2922 Accius

868 2938 1036 2981 scripsisse
1069 2939 1304 2971 existimandus
1339 2945 1390 2968 est.
1416 2937 1538 2967 iratus:
1572 2934 1631 2966 sed

870 2991 1006 3026 uterque
1030 2983 1109 3016 iram
1136 2983 1311 3015 simulavit.
