1863 3221
225 107 309 151 220

261 197 305 236 Ε.
337 197 422 233 Non
447 198 574 246 potest
588 195 607 219 ⁷
641 194 794 244 ecsare‘S
830 194 976 231 tuntum
1005 193 1136 238 dictes,
1171 194 1353 242 quc'mtzcm
1373 193 1497 245 fitctz's
1526 194 1688 242 suppetit

797 112 963 145 Linea
990 113 1030 144 11.
1058 110 1119 152 17,
1143 110 1198 145 39.

337 268 511 306 Laberis.
545 290 602 295 -
661 267 815 315 Quiesce
845 267 969 315 igitur
999 271 1035 302 et
1064 265 1195 302 volnus
1226 265 1376 314 c'zllz'ga!

224 340 351 382 Etiam
382 339 414 380 si
445 338 670 393 Eurypylus
701 343 856 391 posset,
890 351 965 377 non
999 343 1132 391 posset
1162 335 1360 390 Aesopus.

1038 411 1079 448 P.
1117 410 1188 448 Ubi
1202 410 1367 461 fortuna
1397 412 1573 448 Hectoris

337 488 515 525 Nostram
547 488 673 523 <zerem
691 486 708 510 9
742 486 858 523 aciem
889 485 1126 522 iteclz'ledlum.

224 566 264 601 et
295 566 427 599 cetera
452 558 623 612 explicat
646 558 685 598 in
712 557 861 598 dolore.
925 555 992 597 Sic
1018 563 1079 596 est
1112 555 1216 595 enim
1247 555 1512 609 intemperans
1540 553 1716 594 militaris
1747 554 1786 594 in

224 633 316 674 forti
341 632 426 673 viro
458 631 598 685 gloria.
660 629 770 684 Ergo
800 629 895 670 haec
924 636 1134 670 veteranus
1160 628 1271 668 miles
1297 628 1426 668 facere
1451 627 1617 682 poterit,
1651 627 1787 669 doctus

223 705 285 747 vir
306 705 539 760 sapiensque
564 718 639 744 non
667 703 836 758 poterit?
889 701 958 742 llle
980 716 1076 744 vero
1102 701 1256 752 melius,
1290 715 1334 741 ae
1360 715 1437 741 non
1463 700 1591 755 paullo
1614 700 1783 754 quidem.

313 823 334 857 7
361 824 455 855 Hanc
478 822 621 854 omnium
643 823 713 854 fere
734 822 892 853 librorum
918 820 1094 852 lectionem
1117 832 1144 852 c.
1171 821 1304 851 Mosero
1327 818 1498 854 revocavi;
1534 817 1656 860 probat
1675 817 1731 849 Kl.
1752 817 1785 848 in

224 869 309 902 Add.
330 881 362 912 p.
375 867 439 906 953
466 870 520 900 Or.
546 868 587 899 ob
610 874 749 899 metrum
774 879 790 897 e
809 866 893 897 coni.
917 866 1021 896 Bentl.
1042 877 1103 897 ηοη
1122 868 1202 904 polis
1226 866 1343 904 ecfari3
1368 863 1426 894 sed
1450 867 1545 903 polest
1569 863 1787 905 pronuntian—

223 915 301 946 dum
325 921 374 945 est
396 916 498 953 pot’sc.
549 912 601 943 Cf.
626 924 653 943 c.
670 909 720 949 16,
746 911 800 944 38.
858 910 879 942 8
906 912 969 941 Pro
992 912 1089 950 ecfari
1119 910 1151 940 in
1174 909 1270 941 codd.
1295 915 1448 951 corrupte
1472 908 1592 950 legitur
1615 910 1690 939 haec
1712 909 1788 947 fari,

225 967 262 991 ut
282 959 315 990 in
338 960 376 990 R.
401 957 486 988 Gud.
513 957 539 989 l.
563 958 604 988 ΙΙ,
625 957 655 989 b.
680 956 826 998 aliisque,
848 961 904 986 aut
925 957 980 986 hoc
1004 957 1086 994 furi,
1113 960 1147 985 ut
1170 954 1201 985 in
1225 954 1301 985 trib.
1326 956 1406 986 Oxx.
1429 952 1580 990 Mou.1.‚
1606 954 1660 984 hoc
1684 954 1786 991 effari,

223 1011 260 1036 nt
283 1004 316 1035 in
341 1014 404 1034 uno
431 1005 490 1033 Ox.
513 1005 594 1043 Aug.
623 1003 672 1032 De
698 1000 862 1043 frequenti
886 999 1121 1030 vocabulorum
1145 999 1184 1029 ab
1213 1001 1268 1038 ecs.
1292 998 1521 1040 incipientium
1545 997 1732 1038 corruptela
1754 1008 1785 1028 v.

227 1051 302 1080 Wes.
320 1049 377 1080 Ill.
397 1059 428 1089 p.
442 1045 462 1079 7
475 1058 522 1088 sq.

571 1044 592 1077 9
617 1046 700 1077 Lall.
726 1057 752 1077 c.
767 1044 865 1075 duob.
890 1046 970 1074 Oxx.
995 1050 1027 1074 et
1050 1043 1125 1075 edd.
1138 1050 1218 1074 vett.
1246 1043 1328 1073 Rob.
1355 1042 1469 1084 steph.
1484 1042 1556 1073 Ald.
1577 1041 1662 1073 male
1685 1041 1786 1072 omit—

224 1093 267 1124 tit
291 1102 405 1124 acrem.
453 1092 570 1133 Neque
594 1089 742 1121 ostendet
763 1087 981 1132 παρῆχησις,
1008 1088 1049 1119 de
1070 1100 1131 1130 qua
1151 1099 1182 1119 v.
1208 1087 1249 1119 ad
1276 1088 1329 1119 lv.
1351 1085 1400 1126 17,
1426 1086 1480 1118 ὃὸ.

225 1171 276 1204 10.
313 1170 386 1209 dic,
422 1180 560 1212 quaeso:
606 1171 687 1201 Num
719 1173 745 1200 le
778 1170 833 1199 illa
865 1170 987 1199 terrent.

221 1216 319 1249 Plura
343 1214 491 1247 dabimus
516 1214 557 1245 ad
584 1215 622 1251 V,
645 1215 699 1245 41.
725 1220 806 1244 extr.

299 1272 360 1294 non
381 1264 477 1300 potest
502 1259 618 1301 ecfari]
659 1259 698 1289 H.
725 1270 752 1289 e.
784 1268 850 1288 non
876 1262 988 1299 potest

223 1306 321 1337 dictis
343 1304 480 1347 exprimi
515 1306 635 1346 <chari
659 1302 744 1334 enim
768 1301 896 1344 passive
921 1313 984 1343 po-

222 1351 356 1391 situm),
392 1355 514 1392 quanta
547 1348 662 1379 virium
694 1346 908 1379 contentione
936 1357 986 1377 res

222 1395 410 1438 praeclarae
435 1394 474 1425 ab
501 1392 627 1434 Argivis
653 1392 802 1423 edantur.

292 1442 416 1478 Quiesce
440 1441 535 1478 igitur
558 1441 583 1468 ec
613 1439 722 1468 volnus
747 1435 859 1478 alliga]
897 1435 989 1466 Haec

223 1484 323 1516 verba
342 1495 360 1515 a
375 1485 507 1515 Bentleio
530 1488 563 1513 et
587 1484 694 1522 Wolfio
715 1481 904 1512 tribuuntur
923 1481 988 1511 Pa—

223 1529 342 1568 troclo,
369 1528 415 1559 ita
439 1534 474 1558 ut
494 1526 550 1557 ille
572 1526 613 1557 ad
631 1526 728 1557 verba
744 1536 811 1568 seq.
835 1535 896 1556 non
917 1534 989 1564 pos—

223 1577 265 1606 set
287 1577 422 1612 Aesopus
455 1571 624 1614 suppleret
647 1575 765 1611 tacere;
801 1569 855 1601 hic
878 1571 989 1601 volnus

223 1620 282 1650 sibi
308 1620 369 1657 ipsi
402 1619 543 1657 alliyare.
593 1618 723 1648 Orellius
756 1621 865 1645 autem
890 1614 988 1644 etiam

224 1662 339 1694 verba:
368 1663 493 1701 Quiesce
513 1679 556 1685 —
577 1663 675 1701 alliya
696 1659 798 1691 trahit
820 1659 861 1690 ad
880 1660 988 1701 Eury-

225 1707 294 1750 pyli
318 1707 520 1744 orationem,
556 1717 625 1736 rem
659 1705 705 1736 sic
737 1704 845 1736 animo
880 1704 989 1734 insor-

223 1751 375 1783 mandam
393 1751 560 1782 iudicans:
594 1751 766 1789 „Duorum
787 1748 989 1780 fortissimo—

223 1808 295 1828 rum
317 1796 473 1836 heroum,
498 1794 657 1837 Eurypyli
681 1802 713 1825 et
743 1793 903 1831 Patrocli,
930 1805 987 1824 ex-

225 1841 368 1883 emplum
387 1840 548 1882 repetitur
573 1851 589 1870 e
610 1838 794 1881 tragoedia.
833 1838 892 1868 Ille
914 1837 989 1868 vul-

223 1892 355 1917 neratus
379 1885 541 1916 medicum
574 1884 675 1915 modo
707 1882 863 1926 requirit,
899 1882 988 1913 nullo

224 1931 357 1973 ploratu
394 1930 506 1965 edi103
552 1929 724 1960 miseretur
759 1927 858 1959 saucii
894 1927 989 1958 amici

224 1975 363 2018 primum
379 1974 544 2006 Patrocles
560 1974 758 2015 longumque
772 1973 894 2003 luctum
912 1983 990 2003 cou-

225 2020 352 2055 tinuat;
392 2019 581 2050 consolatur
612 2029 683 2048 eum
712 2016 895 2059 Eurypylus
919 2016 990 2058 ipse

225 2064 351 2094 verbis:
388 2066 440 2102 qui
463 2081 501 2085 -
522 2072 650 2101 parem:
676 2062 791 2103 quibus
813 2061 990 2092 confirma—

226 2114 277 2138 tus
292 2108 457 2138 Patrocles
473 2106 613 2137 vulneris
634 2105 800 2147 obligandi
820 2105 882 2135 iam
900 2105 990 2147 quusi

226 2151 431 2184 obliviscitur
446 2151 604 2193 petitque,
632 2157 665 2181 ut
687 2156 795 2181 narret
816 2148 877 2179 sibi
892 2149 989 2190 Argi-

225 2208 341 2228 vorum
364 2196 536 2239 proelium.
569 2197 653 2226 Tum
674 2194 874 2237 Eurypylus:
899 2196 989 2232 „Non

222 2245 320 2281 potest
337 2259 382 2264 —
401 2243 536 2279 laboris;
560 2247 594 2270 at
615 2239 728 2270 desine
750 2238 937 2280 paullisper,
964 2237 989 2268 si

227 2285 376 2323 videtur,
404 2297 455 2316 me
479 2285 683 2326 interrogare
706 2284 888 2325 vulnusque
915 2289 991 2313 ante

225 2330 332 2362 omnia
356 2341 463 2361 meum
490 2330 608 2371 alliga:
648 2340 724 2360 mox
759 2338 888 2359 omnem
923 2338 990 2357 rem

226 2375 287 2406 tibi
311 2375 481 2406 enarrabo.
530 2373 628 2413 Quod
658 2373 736 2404 dum
770 2373 822 2410 lit,
860 2372 989 2413 longam

226 2419 290 2450 iam
316 2419 432 2461 ῥῆσιντ
472 2421 529 2451 Ubi
554 2438 592 2442 —
618 2421 800 2450 inclinatam
822 2416 932 2448 medio
957 2416 988 2446 in

229 2463 345 2494 dolore
367 2463 501 2494 recitat:
529 2475 635 2506 quam,
657 2462 764 2505 inquit
777 2461 900 2497 Cicero.
923 2472 987 2503 po-

227 2514 313 2539 terat
337 2512 435 2548 poma
460 2508 529 2538 sine
559 2507 813 2549 reprehensione
845 2506 989 2537 tribuere

229 2558 386 2584 veterano
414 2552 609 2589 fortissimo3
640 2563 707 2582 non
729 2551 809 2582 item
832 2554 988 2592 Aesopus,

228 2596 328 2627 homo
342 2595 430 2626 bello
445 2607 508 2626 non
526 2596 731 2633 exercitatus,
757 2602 868 2637 posset
884 2606 989 2637 ⁷‚pro-

228 2641 326 2677 ferre,
352 2639 421 2681 ipse
444 2639 470 2670 si
494 2647 578 2670 esset
599 2640 770 2671 sauciatus.
824 2640 871 2671 Ad
892 2640 990 2670 verba

227 2688 328 2725 posset
351 2687 485 2723 Aesopus
509 2684 658 2725 supplet:
694 2689 757 2715 tum
777 2686 893 2724 sortiter
915 2695 990 2716 nar-

227 2739 297 2762 rare
318 2731 428 2768 proelii
447 2730 709 2759 vicissitudinesf‘
744 2731 862 2760 Immo:
888 2731 991 2760 Etiam

228 2776 254 2805 si
265 2775 340 2805 Eur.
360 2775 434 2805 haec
454 2775 484 2804 in
504 2774 606 2803 dolore
627 2775 780 2811 explicare
799 2777 909 2812 posset,
931 2784 992 2804 non

226 2821 326 2858 posset
345 2819 428 2848 idem
447 2819 545 2857 fucere
561 2819 705 2854 Aesopus.
740 2820 885 2858 Aesopus
906 2817 991 2847 enim

229 2862 299 2894 siue
321 2861 421 2892 dubio
446 2861 563 2903 agebat
586 2866 693 2902 partes
720 2861 885 2902 Eurybyli.
925 2861 990 2891 Mi-

230 2918 267 2938 ro
289 2906 390 2937 modo
415 2908 552 2938 Klotzius
576 2905 607 2935 iu
633 2904 716 2935 Add.
744 2917 774 2946 p.
792 2906 845 2937 90.
871 2906 989 2936 verba:

231 2952 357 2991 Quiesce
375 2970 414 2975 -
437 2952 535 2991 alliyu
557 2949 599 2981 ad
621 2948 785 2981 Ciceronis
809 2949 991 2980 orationem

1023 1165 1185 1198 trahenda
1210 1172 1342 1205 censet,
1381 1171 1416 1196 ut
1443 1164 1558 1196 Cicero
1584 1164 1787 1208 Eurypylum

1022 1211 1228 1250 adhortetur,
1252 1217 1288 1242 ut
1304 1210 1450 1253 quiescat
1468 1217 1531 1241 etc.
1567 1209 1617 1241 Ad
1636 1221 1666 1241 v.
1688 1213 1787 1249 posset

1021 1256 1154 1299 supplet
1172 1258 1332 1296 quiescere.
1370 1257 1458 1287 Tota
1478 1255 1560 1286 haec
1579 1254 1663 1286 ratio
1685 1254 1788 1286 vehe—

1021 1307 1150 1332 menter
1174 1300 1253 1331 mihi
1278 1300 1441 1342 displicet.
1493 1300 1646 1331 Ceterum
1670 1302 1788 1339 quiesce

1022 1343 1232 1389 δισυλλάβως
1256 1344 1430 1386 legendum
1457 1350 1516 1376 est.

1087 1393 1197 1422 volnus
1218 1391 1329 1432 alliga]
1357 1389 1467 1420 Paullo
1491 1396 1585 1420 ante:
1614 1395 1649 1419 ut
1670 1387 1786 1420 volnus

1023 1437 1140 1475 obli9et‚
1166 1440 1198 1465 et
1219 1445 1245 1464 c.
1264 1434 1314 1473 lo,
1333 1434 1396 1466 ὅδε
1422 1433 1585 1465 medicum
1606 1433 1708 1465 modo
1731 1444 1786 1463 re·-

1024 1479 1173 1522 quirens,
1203 1491 1220 1510 a
1247 1490 1311 1521 quo
1337 1481 1495 1519 obliqelur.
1544 1480 1688 1518 Obliyare
1711 1484 1788 1519 apte

1023 1527 1163 1556 klotzius
1197 1529 1366 1566 comparat
1397 1535 1469 1555 cum
1496 1529 1610 1554 nostro
1643 1524 1788 1554 verbin—

1023 1571 1093 1608 den,
1117 1570 1306 1608 zubinden,
1333 1574 1367 1598 ut
1391 1571 1552 1607 obsignare
1577 1573 1626 1598 est
1649 1569 1787 1598 versie-

1022 1616 1112 1654 9eln,
1157 1624 1170 1645 z
1185 1615 1351 1652 usieyeln5
1398 1615 1528 1652 ulliyare
1566 1623 1637 1643 cum
1673 1618 1788 1642 nostro

1024 1668 1042 1688 α
1055 1660 1246 1696 ufbin-den,
1270 1660 1354 1688 einen
1373 1659 1512 1689 Verband
1530 1659 1591 1697 auf
1608 1658 1657 1688 die
1673 1658 1789 1687 ll'unde

1023 1706 1105 1743 leyen
1130 1705 1194 1734 und
1225 1704 1278 1734 ihn
1309 1704 1472 1733 anbinden.
1521 1703 1669 1733 Davisius
1693 1701 1789 1732 affert

1023 1751 1046 1780 1.
1061 1749 1112 1779 Fr.
1129 1750 1317 1779 Gronov-ium
1340 1746 1382 1777 ad
1403 1746 1475 1777 Liv.
1498 1747 1557 1777 Vll
1572 1771 1579 1784 ,
1605 1744 1667 1777 24:
1697 1746 1787 1777 Con-

1024 1791 1092 1831 sul,
1118 1795 1241 1824 vulnere
1264 1793 1422 1831 adligato,
1447 1797 1596 1822 revectus
1620 1790 1661 1821 ad
1684 1790 1788 1832 primu

1025 1838 1126 1878 signa.
1186 1836 1278 1868 Adde
1311 1838 1463 1867 Moserum
1496 1835 1537 1866 ad
1565 1835 1599 1866 C.
1627 1835 1734 1867 Divin.
1763 1837 1788 1866 1.

1025 1885 1087 1918 54,
1118 1881 1196 1913 123:
1222 1882 1328 1919 Quum
1353 1880 1495 1911 Critonis
1521 1880 1649 1911 oculum
1676 1882 1788 1919 alliga-

1024 1932 1089 1958 {um
1113 1925 1259 1957 vidisset.

1093 1973 1174 2010 Ergo
1196 1990 1238 1994 —
1260 1972 1360 2011 facere
1382 1970 1505 2012 polerit]
1544 1969 1633 2000 Infra
1656 1970 1711 2000 111.
1739 1970 1787 2007 15,

1025 2017 1078 2048 311.
1129 2016 1224 2047 Offic.
1247 2017 1269 2046 l.
1295 2015 1351 2053 31,
1378 2014 1456 2046 114:
1484 2016 1565 2054 Eryn
1587 2014 1703 2045 histrio
1725 2014 1790 2045 hoc

1024 2062 1138 2092 videbit
1161 2060 1192 2091 in
1220 2071 1336 2096 scena,
1372 2070 1437 2090 non
1462 2061 1575 2091 videbit
1603 2058 1732 2101 sapiens
1758 2058 1789 2088 in

1026 2104 1118 2135 vita?
1168 2108 1275 2146 Atque
1311 2104 1392 2134 haec
1423 2110 1473 2134 est
1508 2104 1625 2134 usitata
1659 2103 1788 2134 dicendi

1026 2149 1109 2180 ratio
1134 2149 1164 2179 in
1190 2148 1399 2179 conclusione
1423 2160 1440 2178 a
1465 2148 1590 2179 minore
1613 2148 1655 2179 ad
1678 2148 1788 2179 maius.

1026 2194 1065 2224 V.
1091 2196 1233 2224 Goerenz.
1266 2192 1308 2223 ad
1340 2192 1410 2223 Fin.
1435 2193 1468 2228 Ι,
1494 2193 1546 2223 21.
1573 2204 1622 2222 ex.
1659 2204 1688 2233 p.
1716 2193 1787 2223 102.

1026 2239 1066 2269 Il.
1092 2238 1154 2274 53,
1186 2238 1256 2268 110.
1282 2249 1312 2279 p.
1336 2236 1412 2268 2156.
1461 2238 1558 2268 Beier.
1582 2236 1623 2266 ad
1647 2236 1741 2266 Osfic.
1764 2236 1785 2266 l.

1026 2283 1058 2313 d.
1084 2293 1116 2324 p.
1134 2280 1208 2313 245.
1237 2282 1290 2324 qui
1316 2281 1401 2312 hanc
1433 2280 1649 2311 concludendi
1684 2280 1788 2311 ratio—

1025 2338 1100 2358 nem
1121 2326 1190 2357 sine
1222 2337 1333 2357 caussa
1359 2325 1602 2356 conclusionem
1625 2337 1642 2356 a
1665 2324 1789 2356 maiore

1026 2371 1067 2402 ad
1082 2371 1185 2402 minus
1200 2370 1311 2401 vocari
1331 2370 1466 2401 mavult.
1507 2371 1539 2401 ln
1557 2370 1666 2412 priore
1682 2380 1788 2401 mem—

1026 2417 1085 2447 bro
1121 2415 1274 2458 ponitur,
1312 2426 1495 2457 quanquam
1530 2414 1652 2451 rarius,
1691 2413 1788 2445 etiam

1025 2472 1178 2503 praesens
1203 2467 1246 2498 et,
1272 2460 1326 2490 ubi
1351 2459 1514 2490 sententia
1538 2459 1682 2501 requirit,
1709 2470 1786 2500 per-

1026 2506 1160 2536 fectum.
1207 2507 1311 2546 Supra
1335 2516 1359 2535 c.
1384 2502 1442 2540 l-l»,
1467 2504 1528 2535 34:
1566 2502 1678 2541 Quid?
1708 2513 1785 2542 ergo

1024 2551 1089 2582 hoc
1112 2549 1201 2592 pueri
1223 2552 1369 2589 possunt,
1394 2547 1453 2579 viri
1475 2559 1541 2578 nou
1563 2548 1727 2587 poterunt?
1754 2553 1785 2575 et

1025 2606 1093 2626 mos
1118 2597 1209 2633 valet,
1233 2593 1317 2624 ratio
1341 2603 1404 2622 non
1431 2594 1568 2623 valebit?
1617 2592 1706 2621 lnl'ra
1733 2592 1786 2621 lll.

1025 2640 1078 2675 27.
1101 2639 1162 2672 66:
1190 2639 1289 2669 timor
1311 2637 1408 2678 igitur
1427 2636 1466 2667 ab
1489 2635 1527 2666 iis
1549 2634 1786 2676 aegritudinem

1023 2687 1122 2723 poluit
1142 2685 1295 2723 repellere,
1319 2681 1402 2712 ratio
1422 2681 1461 2711 ab
1482 2679 1618 2721 sapienti
1635 2679 1703 2709 viro
1720 2691 1786 2710 non

1024 2730 1156 2768 poterit?
1198 2727 1285 2758 Infra
1310 2727 1363 2757 111.
1390 2723 1436 2761 1-1,
1462 2724 1516 2756 31.
1539 2723 1676 2765 legitur:
1704 2726 1784 2763 Ery«)

1024 2775 1079 2804 hoc
1099 2774 1252 2804 Terentius
1273 2788 1314 2793 —
1338 2779 1455 2808 quum
1478 2772 1542 2798 tom
1564 2770 1719 2800 commode
1739 2770 1787 2799 di-

1025 2820 1123 2855 xerim
1148 2826 1201 2846 uos
1215 2834 1257 2838 -—
1272 2825 1331 2845 non
1353 2815 1512 2844 dicemus?
1539 2813 1590 2843 ubi
1606 2813 1648 2844 cl'.
1666 2811 1783 2843 Adnot.

1027 2863 1065 2893 V.
1091 2872 1149 2891 nos
1181 2860 1212 2890 in
1237 2860 1291 2889 Gr.
1317 2860 1351 2888 l..
1380 2860 1406 2899 Q.
1430 2859 1509 2890 lou.
1536 2858 1567 2887 ζ’).
1620 2858 1665 2887 Dc
1689 2856 1783 2887 simili

1031 2903 1246 2937 concludendi
1273 2903 1378 2933 sonna
1399 2914 1428 2932 V.
1452 2901 1493 2932 ad
1516 2903 1554 2933 V.
1583 2900 1629 2939 14,
1654 2898 1713 2933 42:
1741 2903 1785 2933 Au

1026 2950 1263 2982 Lacedaemonii
1285 2946 1371 2978 etex?
