1863 3221
225 120 308 163 270

224 200 327 248 Nani
352 212 390 246 et
419 213 544 246 metus
572 205 702 259 opinio
724 204 852 258 magni
879 204 967 244 mali
996 204 1276 258 impendentis,
1321 211 1360 245 et
1382 205 1583 259 aegritudo
1613 211 1676 246 est
1696 204 1777 259 opi-

800 125 962 158 LIBER
986 126 1042 158 nt.
1072 125 1133 166 11,
1157 125 1211 159 25.

223 281 289 321 nio
312 277 443 332 magni
463 277 552 318 mali
574 277 813 331 praesentis,
848 283 887 317 et
905 276 1058 331 quidem
1077 290 1217 317 recens
1239 276 1369 332 opinio
1389 278 1476 319 talis
1499 279 1611 330 mali,
1643 286 1686 318 nt
1704 278 1775 318 in²

224 367 270 393 eo
295 359 442 393 rectum
465 351 643 392 videatur
666 363 754 390 esse
775 349 891 404 angi,
922 351 959 390 id
982 357 1110 391 autem
1134 357 1216 401 est,
1251 357 1291 390 ut
1316 350 1365 401 is,
1399 351 1462 405 qui
1481 352 1631 403 doleat,
1665 365 1779 406 opor-

225 434 307 466 tere
335 425 515 480 opinetur
540 437 583 464 se
608 423 754 463 dolere.
816 422 890 464 His
911 430 1039 464 autem
1062 423 1440 477 perturbationibus,
1483 439 1580 477 quas
1606 425 1644 464 in
1666 424 1775 464 vita—³

226 499 419 538 hominum
443 497 605 538 stultitia
633 496 741 550 quasi
769 497 952 551 quasdam
981 496 1101 536 furias
1126 495 1296 536 immittit
1322 504 1438 550 atque
1465 497 1623 547 incitat,
1657 496 1780 537 omni-

223 572 295 612 bus
317 570 465 611 viribus
489 577 605 624 atque
624 569 761 624 opibus
785 570 1075 624 repugnandum
1099 576 1173 620 est,
1208 569 1239 609 si
1262 569 1440 610 volumus
1467 570 1555 621 hoc,
1589 570 1690 623 quod
1714 570 1780 609 da-

1361 640 1440 683 Sed
1466 645 1630 683 cetera4
1658 642 1778 692 alias,

1338 714 1381 755 Id
1407 715 1510 756 enim
1533 715 1616 756 sit⁵
1641 729 1781 770 propo-

223 651 303 684 tum
330 651 390 684 est
421 643 548 695 vitae,
593 643 798 697 tranquille
822 643 1046 698 placideque
1078 643 1297 682 traducere.

223 731 325 758 nuno
348 717 654 771 aegritudinem,
697 717 729 758 si
753 730 982 771 possumus,
1023 716 1274 770 depellamus.

223 791 362 841 situm,
405 790 713 844 quandoquidem
744 804 828 830 eam
854 797 894 830 tu
920 789 1043 829 videri
1068 789 1133 829 tibi
1157 789 1195 829 in
1223 789 1434 842 sapientem
1463 789 1603 830 cadere
1629 788 1780 839 dixisti,

223 863 323 917 qnod
354 877 428 917 ego
457 863 562 904 nullo
585 864 699 904 modo
725 863 924 903 existimo.
991 862 1116 903 Tetra
1142 862 1241 902 enim
1267 875 1330 902 res
1354 869 1437 913 est,
1471 862 1639 911 misera,
1673 861 1779 901 dete-

222 936 387 986 stabilis,
422 936 524 976 omni
556 935 829 985 contentione,
862 935 986 986 velis,
1019 942 1060 975 ut
1090 935 1144 976 ita
1174 935 1320 985 dicam,
1354 935 1547 988 remisque
1581 934 1777 988 fugienda.

334 1007 434 1049 XII.

497 1015 566 1049 26.
602 1007 739 1063 Qualis
770 1007 873 1048 enim
905 1007 973 1047 tibi
1003 1007 1068 1048 ille
1098 1008 1252 1049 videtur

309 1113 331 1147 2
354 1114 471 1146 Lamb.
493 1121 525 1146 et
544 1115 597 1146 Fr.
621 1114 718 1146 Fabr.
736 1126 802 1147 om.
822 1116 865 1146 in.
913 1116 956 1145 At
975 1126 1004 1146 v.
1026 1113 1069 1146 ad
1095 1115 1118 1146 Ι.
1139 1113 1195 1152 21,
1219 1112 1274 1146 48.
1320 1113 1341 1146 3
1366 1126 1396 1146 v.
1424 1113 1507 1145 Adn.
1549 1111 1571 1146 4
1594 1113 1648 1146 Sic
1667 1125 1780 1146 omnes

221 1160 292 1192 sere
314 1159 413 1191 codd.
425 1185 432 1198 ,

469 1160 568 1192 etiam
593 1159 729 1202 optimi:
768 1160 806 1191 R.
834 1159 870 1190 P.
894 1159 971 1191 Vat.
994 1159 1050 1190 Gr.
1073 1159 1160 1191 Gud.
1185 1159 1213 1190 1.
1238 1167 1271 1190 et
1292 1159 1415 1191 multae
1435 1159 1510 1192 edd.
1532 1165 1633 1197 vett.;
1667 1163 1782 1192 ceteras

221 1213 279 1248 (sc.
301 1204 580 1248 perturbationes)
603 1206 656 1236 Or.
678 1216 705 1236 c.
729 1203 877 1247 plurimis
899 1203 975 1235 edd.
1002 1211 1084 1236 vett.
1108 1211 1141 1235 et
1160 1204 1271 1247 paucis
1295 1203 1393 1236 codd.
1439 1204 1460 1236 5
1485 1216 1515 1238 v.
1540 1203 1624 1235 Adn.

220 1272 368 1305 Breviter
399 1271 524 1303 dictum
549 1283 629 1315 pro:
665 1276 836 1304 nascuntur
860 1275 983 1311 tamque

219 1319 337 1349 turbide
359 1321 536 1356 moventur,
561 1323 596 1347 ut
619 1324 711 1348 1ecte
730 1316 874 1358 explicat
897 1318 983 1348 Orel-

219 1364 299 1402 lius,
337 1362 392 1404 qui
413 1361 565 1412 apposite
596 1361 729 1393 confert
752 1362 805 1392 IV.
834 1362 891 1399 l5,
917 1358 980 1393 34.

219 1418 258 1437 ex
282 1418 346 1448 qua
370 1406 575 1438 concitantur
598 1405 880 1454 perturbationes,
905 1405 926 1436 i.
952 1416 979 1435 e.

219 1450 366 1482 oiiuntui
401 1462 473 1481 cum
509 1451 614 1482 turba.
671 1450 788 1492 Topic.
827 1448 890 1487 26,
916 1448 979 1481 99:

219 1495 295 1526 huic
324 1496 454 1537 generi,
493 1495 525 1526 in
559 1505 622 1537 quo
647 1501 681 1526 et
701 1494 923 1526 misericordia
949 1501 982 1526 et

217 1540 384 1571 iracundia
415 1546 449 1571 et
481 1540 591 1571 odium
616 1547 649 1571 et
672 1539 794 1571 invidia
825 1546 857 1570 et
889 1546 981 1571 cete—

217 1596 272 1616 rae
303 1584 402 1616 animi
430 1584 624 1616 affectiones
653 1587 892 1625 perturbantur:
928 1583 981 1615 ubi

220 1631 388 1661 Lambinus
411 1636 534 1661 temere
558 1629 639 1671 legit
662 1633 866 1661 concitantur.

284 1678 310 1706 et
333 1676 457 1714 quidem
481 1684 583 1707 recens
606 1675 725 1716 opinio]
763 1675 870 1712 Quum
895 1673 981 1705 enim

217 1718 453 1750 inveteraverit
479 1719 592 1762 opinio
617 1719 658 1750 de
683 1718 770 1749 malo
790 1718 900 1762 aliquo
923 1730 982 1749 ur-

216 1771 314 1805 gente
339 1775 377 1795 ac
402 1764 606 1795 familiaritas
632 1763 791 1806 quaedam
826 1775 899 1795 cum
923 1763 981 1795 illo

215 1809 258 1839 sit
284 1815 474 1848 contracta,
509 1808 681 1850 aegritudo
705 1808 825 1839 sensim
857 1820 980 1839 evane-

215 1852 287 1884 scit.
324 1855 463 1886 Neidius.
514 1853 565 1886 Cf.
593 1854 651 1891 1⁴2,
677 1852 731 1886 26.
757 1853 843 1884 etin
869 1853 981 1896 primis

215 1898 278 1936 31,
304 1898 357 1931 75.

283 1945 314 1975 in
336 1944 416 1986 vita]
441 1945 473 1975 in
495 1945 594 1975 vitam
619 1955 691 1975 cum
712 1943 883 1982 Lambino,
913 1945 982 1975 Da—

215 1987 309 2026 visio,
330 1988 482 2019 Ernestio
498 1987 674 2019 ediderunt
683 1988 825 2019 &Volfius
839 1995 872 2020 et
884 1988 981 2020 Orcl-

217 2032 298 2071 lius,
337 2033 392 2075 qui
424 2032 619 2074 scripturam
649 2035 681 2064 in
700 2035 765 2064 vita
799 2045 838 2064 ex
862 2033 980 2065 vitiosa

216 2076 392 2107 omissione
422 2076 471 2107 lit.
501 2087 531 2107 m
562 2077 666 2107 finalis
698 2078 884 2119 profectam
916 2090 980 2120 pu—

215 2127 282 2156 tat3
321 2120 419 2152 codd.
453 2128 486 2151 et
520 2128 649 2152 ceterae
681 2122 756 2152 edd.
792 2122 915 2153 habent
948 2125 981 2154 in

214 2167 299 2196 vita:
325 2165 411 2208 quod
437 2165 534 2196 etiarn
555 2165 696 2196 XVollius
718 2166 751 2196 in
775 2166 826 2197 ed.
848 2168 871 2197 Ι.
893 2167 979 2197 reti-

215 2209 305 2246 nuit;
332 2209 595 2247 necimmerito,
622 2209 759 2251 opinor;
787 2222 860 2241 nam
881 2211 979 2242 verba

215 2257 247 2285 in
276 2256 342 2285 vita
363 2257 521 2286 hominum
552 2254 701 2285 absolute
734 2255 841 2297 posita
874 2255 978 2298 accipi

217 2305 355 2340 possunt
387 2305 499 2341 (quum
521 2299 671 2330 homines
691 2299 840 2339 vivunt),
879 2307 913 2331 ut
937 2300 979 2331 ad

216 2343 316 2374 verba
347 2346 482 2375 immittit
512 2348 602 2384 alque
633 2347 741 2376 incitat
778 2345 979 2387 cogitatione

216 2388 435 2430 supplendum
467 2389 509 2419 sit
542 2391 573 2420 in
606 2399 697 2428 eam;
732 2388 773 2419 de
805 2391 906 2431 Legg.
938 2391 978 2421 ΙΙ.

219 2431 268 2469 14,
290 2432 344 2464 56.
368 2432 399 2463 in
425 2433 574 2464 omnibus
598 2433 695 2465 codd.
718 2433 854 2475 legitur:
881 2446 979 2476 quum

217 2457 317 2506 miilta
340 2476 457 2508 eximia
479 2478 654 2528 divinaque
674 2478 849 2510 videantur
871 2479 978 2510 Athe-

218 2531 277 2550 nae
316 2526 392 2551 tuie
426 2522 591 2563 peperisse
627 2529 725 2565 atque
767 2524 812 2554 ita
846 2527 877 2555 in
914 2526 980 2555 vita

218 2563 388 2595 hominurn
420 2566 586 2604 attulisse,
623 2573 694 2598 tum
727 2575 805 2599 cett.
863 2568 917 2599 ubi
949 2580 980 2600 v.

217 2608 300 2640 Adn.
324 2611 435 2640 Mosen·
460 2621 491 2650 p
510 2610 585 2641 26⁴).
637 2612 740 2642 Etiam
765 2615 902 2644 Klotzius
926 2625 981 2644 re—

220 2653 351 2684 zoe-ivit
371 2656 402 2684 in
423 2656 498 2693 vita,
522 2654 579 2684 sed
600 2667 685 2686 nunc
705 2656 736 2687 in
754 2657 836 2688 Add.
859 2669 889 2699 p.
910 2657 954 2690 13>
953 2660 981 2689 4.

217 2697 455 2728 restituendum
474 2705 584 2728 censet
602 2702 633 2730 in
647 2703 754 2739 titum,
775 2702 865 2743 quod
883 2702 981 2733 etiam

218 2753 321 2784 .·iupe1
347 2744 478 2782 Treyder
503 2742 655 2773 restitnit.

283 2789 373 2826 quasi
393 2789 546 2826 quasdam
567 2788 680 2829 furias]
707 2789 744 2819 V.
766 2789 805 2819 ad
831 2791 867 2821 ΙΙ.
881 2788 911 2829 4,
931 2791 979 2823 11.

282 2833 349 2870 hoc,
373 2833 455 2871 quod
479 2833 588 2862 datum
611 2836 653 2862 est
677 2834 771 2872 vitae]
798 2834 838 2865 H.
863 2846 890 2865 e.
916 2835 980 2867 hoc

218 2875 304 2907 vitae
327 2882 467 2918 tempus,
493 2875 581 2918 quod
597 2875 690 2906 nobis
707 2889 896 2909 concessum
919 2886 977 2911 est.

284 2922 319 2952 Id
339 2923 419 2952 enim
439 2923 478 2951 sit
497 2920 700 2961 propositum]
728 2921 874 2952 Davisius
895 2934 978 2954 con—

217 2964 289 2995 iecit
315 2966 348 2996 id
370 2967 450 2997 enim
470 2966 527 3004 fuit
546 2975 617 3005 pn,
652 2965 755 2996 Bouh.
782 2967 813 2997 id
835 2968 916 2998 enim
936 2972 978 2999 est

1016 1282 1125 1312 prop.,
1159 1278 1194 1302 ut
1218 1271 1367 1311 videtur,
1398 1271 1578 1314 particulae
1601 1273 1683 1303 enim
1707 1282 1780 1303 cum

1019 1316 1230 1348 coniunctivo
1266 1316 1507 1359 compositione
1534 1316 1689 1348 offensus.
1736 1318 1780 1347 At

1018 1373 1069 1400 v.,
1097 1373 1179 1404 quae
1202 1361 1314 1392 attulit
1333 1363 1490 1401 Wopkens.
1515 1362 1624 1393 Lectt.
1645 1360 1731 1393 Tull.
1753 1361 1777 1399 1,

1020 1404 1070 1438 14.
1090 1417 1121 1448 p.
1138 1406 1220 1443 loe..
1247 1407 1286 1437 N.
1309 1407 1345 1437 D.
1368 1407 1409 1445 H,
1430 1406 1487 1438 12:
1513 1407 1680 1437 audiamus
1699 1407 1779 1436 enim

1016 1450 1187 1482 Platonem
1224 1457 1301 1482 cett.
1337 1450 1444 1483 Divin.
1469 1452 1519 1491 11,
1543 1450 1606 1484 δότ
1645 1457 1778 1481 externa

1016 1498 1096 1527 enim
1131 1495 1306 1528 videamus.
1364 1495 1455 1527 Infra
1490 1497 1544 1534 IV,
1573 1495 1623 1529 17.
1658 1496 1697 1532 V,
1723 1494 1777 1526 24.

1016 1540 1086 1570 Fin.
1113 1541 1152 1578 V,
1184 1540 1230 1572 19.
1288 1540 1388 1572 Recte
1423 1540 1465 1571 ad
1498 1540 1580 1571 haec
1613 1541 1779 1571 Handius:

1016 1585 1081 1627 Ipsi
1106 1565 1286 1627 pt’irticnlae
1321 1585 1426 1627 (enim)
1465 1585 1553 1616 nulla
1584 1584 1670 1616 ratio
1705 1594 1778 1615 cum

1017 1629 1227 1661 coniunctivo
1266 1630 1376 1661 modo.
1435 1631 1479 1661 Eu
1517 1629 1550 1661 in
1586 1639 1778 1672 quacunque

1017 1674 1211 1706 evocatione
1233 1681 1266 1705 et
1289 1674 1519 1706 exhortatione
1542 1687 1603 1717 pr.,
1635 1685 1698 1717 qua
1722 1685 1778 1705 re-

1017 1719 1115 1750 motis
1141 1719 1253 1750 alienis
1275 1720 1370 1750 rebus
1394 1719 1435 1750 ad
1465 1719 1517 1758 id,
1553 1718 1642 1763 quod
1665 1718 1778 1750 consi-

1016 1763 1196 1795 derandum
1220 1764 1273 1802 sit,
1299 1764 1457 1795 accedere
1480 1765 1638 1796 iubemus,
1684 1763 1778 1796 Verti

1017 1815 1128 1852 potest
1151 1820 1209 1851 per
1228 1811 1375 1841 niimlich.
1410 1809 1538 1847 Graeci,
1561 1808 1651 1852 quod
1667 1808 1777 1847 sciam,

1016 1865 1084 1886 non
1114 1854 1160 1885 ita
1193 1853 1380 1896 loquuntur.
1429 1856 1568 1886 Klotzius
1593 1853 1778 1885 coniuncti-

1016 1910 1092 1931 vum
1117 1910 1183 1930 non
1205 1899 1449 1931 adhortativum
1472 1911 1541 1931 esse
1561 1898 1693 1936 statuit,
1719 1898 1778 1929 sed

1017 1943 1254 1975 dubitativum:
1281 1944 1391 1982 „diess
1407 1944 1540 1975 mo'chte
1557 1943 1700 1975 niimlich
1715 1955 1778 1974 un—

1015 2001 1086 2020 sere
1110 1988 1258 2031 Aufgabe
1278 1989 1383 2020 sein.“
1424 1990 1515 2028 Quae
1538 1988 1622 2020 ratio
1643 1999 1708 2019 non
1729 1994 1779 2019 est

1016 2033 1205 2076 probanda,
1243 2045 1340 2076 quum
1365 2033 1592 2065 coniunctivus
1617 2033 1778 2065 adhorta-

1015 2079 1100 2109 tivus
1120 2081 1312 2117 depellamus
1329 2078 1477 2120 proxime
1495 2078 1680 2109 antecedat.
1731 2079 1779 2109 De

1015 2123 1175 2164 particula
1202 2126 1282 2155 enim
1314 2123 1424 2165 paullo
1460 2130 1536 2165 post
1563 2123 1706 2165 repetita
1731 2123 1774 2155 cf.

1013 2168 1100 2198 infra
1128 2169 1182 2198 tv.
1214 2168 1261 2205 17,
1288 2167 1341 2199 40.
1376 2174 1409 2198 et
1439 2170 1545 2200 Hand.
1570 2167 1710 2201 Tursell.
1736 2169 1776 2199 ΙΙ.

1015 2223 1046 2253 p.
1072 2211 1137 2243 596
1153 2223 1200 2254 sq.

1081 2258 1167 2295 velis,
1192 2260 1224 2287 ut
1246 2258 1289 2287 ila
1310 2258 1426 2296 dicam,
1447 2256 1611 2298 remisque]
1639 2257 1775 2287 Prover-

1014 2299 1108 2331 bialis
1132 2300 1256 2332 locutio
1290 2312 1349 2343 pro
1379 2302 1528 2332 omnibns
1554 2301 1675 2332 viribus
1701 2301 1777 2342 opi-

1014 2345 1156 2387 busque,
1183 2345 1271 2376 omni
1296 2353 1427 2377 conatu.
1477 2345 1530 2376 Sic
1553 2346 1657 2377 Plaut.
1685 2345 1773 2377 Asin.

1016 2391 1038 2421 l.
1061 2391 1093 2428 ὃ,
1118 2392 1156 2422 5:
1182 2392 1310 2430 remi9i0
1331 2393 1475 2431 veloque,
1500 2397 1658 2432 quantum
1678 2397 1779 2433 pote-

1015 2434 1074 2472 ris,
1114 2435 1233 2466 festina
1266 2441 1299 2465 et
1330 2435 1417 2477 fuge.
1465 2435 1598 2477 Proprie
1625 2435 1659 2466 C.
1685 2435 1776 2466 Fam.

1014 2480 1092 2511 ΧΠ.
1115 2481 1168 2516 25,
1190 2480 1229 2512 3:
1255 2479 1332 2510 inde
1355 2483 1451 2512 ventis
1472 2482 1564 2511 remis
1589 2479 1657 2521 (alii
1680 2478 1777 2510 codd.

1014 2525 1175 2565 remisque)
1211 2524 1244 2554 in
1274 2525 1413 2566 patriam
1447 2524 1534 2555 omni
1565 2523 1778 2554 festinatione

1015 2569 1200 2610 properavi.
1250 2569 1345 2599 Silius
1369 2570 1400 2606 Ι,
1425 2568 1507 2600 56δ;
1532 2571 1624 2599 remis
1647 2569 1778 2606 velisque

1014 2613 1176 2655 impellite
1212 2613 1360 2655 puppim.
1415 2612 1572 2643 Similiter
1606 2611 1647 2642 de
1680 2612 1776 2642 offic.

1018 2659 1073 2690 ΙΙΙ,
1097 2658 1160 2696 33,
1189 2657 1268 2690 116.-
1293 2659 1368 2689 viris
1390 2659 1532 2696 equisque
1560 2658 1608 2697 (ut
1630 2655 1775 2697 dicitur),

1016 2702 1043 2733 si
1067 2703 1276 2734 honestatem
1297 2702 1381 2732 tueri
1407 2712 1445 2732 ac
1474 2701 1615 2731 retinere
1639 2707 1775 2731 senten-

1016 2747 1060 2778 tia
1086 2754 1152 2784 est
1185 2745 1421 2778 decertandum
1444 2752 1510 2775 est:
1546 2745 1599 2775 nbi
1624 2757 1652 2776 v
1679 2747 1776 2776 Beier.

1016 2803 1048 2833 p
1066 2790 1141 2824 407.
1193 2790 1380 2832 Comparari
1404 2796 1532 2831 potest,
1559 2789 1646 2831 quod
1670 2789 1777 2820 comi—

1016 2847 1127 2867 corum
1152 2839 1322 2878 poetarum
1347 2833 1514 2876 pr0p1ium
1538 2841 1608 2875 est,
1633 2836 1778 2866 manibus

1011 2882 1199 2920 pedibusque
1222 2878 1343 2921 aliquid
1364 2878 1482 2909 lacere.
1517 2880 1651 2910 Terent.
1674 2878 1774 2910 Andr.

1015 2925 1038 2955 Ῐ.
1068 2928 1101 2960 Ι,
1131 2926 1210 2961 154,
1237 2924 1289 2955 ubi
1315 2934 1344 2954 v.
1368 2924 1592 2954 Ruhnkenium.

1082 2969 1157 2999 Cn.
1182 2969 1258 3000 ΧΙΙ.
1287 2969 1314 3010 §.
1337 2966 1390 3000 26.
1436 2969 1566 2999 Tantalo
1586 2967 1771 3009 proynatus]
