1832 3137
1543 93 1626 136 249

64 183 198 238 gistris
221 183 349 223 traditi
375 196 534 232 suuius3
577 189 654 222 tum
678 181 733 223 ita
756 182 874 223 variis
896 183 1104 223 imbuimur
1130 183 1354 234 erroribus,
1399 189 1439 223 nt
1462 183 1623 224 vanitati

664 103 823 136 LissEu
850 106 907 137 111.
931 104 971 145 2,
997 104 1029 138 3.

67 255 212 296 veritas
244 262 284 296 et
314 255 484 310 opinioni
517 256 768 295 confirmatae
800 262 938 295 natura
968 255 1051 309 ipsa
1083 256 1208 296 cedat.

175 325 229 368 Π.

62 401 210 441 ctrinae
236 400 528 454 sapientiaeque
556 414 647 454 prae
674 414 716 439 se
743 399 914 439 tulerunt
933 402 944 425 ¹
966 431 976 450 ,
1019 401 1248 452 audiuntur,
1291 402 1498 456 leguntur,
1543 401 1622 441 edi-

291 333 332 368 5.
367 327 573 367 Accedunt
589 327 704 367 etiam
726 332 880 382 poetae,
915 328 994 380 qui,
1030 342 1144 382 quum
1166 342 1344 383 magnam
1364 328 1534 383 speciem
1555 329 1623 368 do-

61 480 224 513 scuntur
246 480 285 513 et
306 473 582 513 inhaerescunt
603 472 756 527 penitus
776 471 814 511 in
833 472 1051 522 mentibus;
1079 488 1195 526 quum
1212 488 1308 516 vero
1331 474 1531 514 accessit²
1554 487 1620 514 eo-

60 546 147 586 dem
173 546 283 599 quasi
312 546 506 586 maximus
531 545 682 599 quidam
715 544 924 598 magister,
967 545 1127 598 populus
1158 553 1273 599 atque
1302 547 1428 587 omnis
1452 546 1621 600 undique

58 619 108 660 ad
132 619 226 660 vitia
248 619 499 659 consentiens
521 618 745 667 multitudo,
787 624 866 656 tum
887 617 998 670 plane
1024 617 1217 657 inficimur
1247 619 1469 672 opinionum
1495 619 1620 673 pravi-

59 698 140 732 tate
163 706 185 732 a
208 699 422 745 naturaque
453 690 721 740 desciscimus,
755 696 795 729 ut
823 689 934 730 nobis
957 689 1099 744 optime
1123 691 1336 730 naturam*
1359 692 1384 730 ii
1406 692 1618 732 vidisse*²

60 765 287 814 videantur,
330 764 392 817 qui
425 763 518 803 nihil
542 762 679 803 melius
705 761 871 813 homini,
915 762 1009 802 nihil
1045 762 1168 816 magis
1203 764 1488 817 expetendum,
1528 763 1622 804 nihil

57 908 81 941 2
110 866 248 942 vulg-dn.

60 976 217 1008 honestas
251 977 399 1019 perfecte
431 975 582 1007 absoluta
616 982 676 1008 est.
728 975 824 1008 Adde

59 1020 139 1053 ibid.
161 1022 200 1053 V.
225 1021 256 1060 7,
286 1022 336 1053 ffi.
361 1020 462 1052 modo
487 1033 505 1052 a
529 1021 624 1052 nobis
648 1020 737 1052 allat.

127 1079 258 1117 suscepti
278 1078 399 1117 sumus]
423 1077 552 1108 Morem
575 1078 699 1108 tollendi
719 1083 752 1107 et
772 1086 824 1108 sa-

58 1124 209 1161 scipiendi
238 1124 348 1153 liberos
381 1133 419 1152 ea
450 1132 512 1163 qua
542 1121 628 1152 solet
660 1120 825 1163 elegantia

60 1166 210 1209 exposuit
252 1167 412 1198 Ruhnken.
453 1166 575 1197 Dictat.
616 1165 651 1196 in
688 1167 824 1198 Terent.

60 1211 163 1242 Andr.
189 1212 214 1243 1.
237 1210 275 1249 3,
304 1209 354 1242 14.

124 1257 304 1295 parentibus
326 1257 454 1296 redditi]
488 1254 563 1287 Scil.
589 1266 608 1286 a
632 1253 823 1285 nutricibus.

60 1299 186 1331 Harum
218 1299 305 1331 enim
338 1311 433 1330 curae
465 1299 558 1342 pueri
590 1298 822 1341 aparentibus

59 1344 171 1387 primis
193 1344 286 1375 annis
303 1343 477 1382 commissi,
504 1343 578 1374 dein
596 1343 628 1374 in
643 1343 823 1384 magistro—

58 1400 130 1421 rum
155 1388 450 1431 (paedagogorum)
477 1387 684 1430 disciplinam
709 1386 824 1428 traditi

57 1439 144 1465 sunt.

125 1480 263 1518 opinioni
288 1478 504 1518 confirmatae]
543 1477 584 1510 H.
610 1488 638 1508 e.
675 1475 824 1518 opinioni

58 1522 182 1561 salsae,
220 1533 316 1565 quam
346 1522 425 1553 varii
452 1533 579 1553 errores
604 1521 822 1553 confirmave-

57 1574 144 1600 runt.

128 1612 206 1643 cip.
225 1612 267 1643 ΙΙ.
301 1612 329 1654 §.
349 1610 380 1643 3.
424 1612 547 1652 poetae]
584 1610 689 1642 Simili
721 1610 822 1642 modo

58 1668 158 1700 supra
182 1657 222 1687 ΙΙ.
247 1657 297 1694 11,
320 1655 373 1689 27.
398 1659 518 1697 po'e'tae
541 1656 762 1698 castigantur,
788 1661 823 1686 ut

59 1702 114 1745 qui
138 1711 251 1732 omnes
276 1700 404 1732 virtutis
428 1711 548 1732 nervos
574 1700 710 1732 elidant.

126 1758 274 1798 tulerunt]
314 1757 362 1787 Ex
387 1762 518 1788 nostrae
541 1756 672 1798 linguae
697 1755 823 1786 ratione

58 1807 286 1844 exspectamus
317 1802 437 1841 semul,-
471 1807 506 1832 at
530 1813 560 1833 v.
588 1800 757 1832 Adnotata
790 1799 822 1830 in

58 1848 99 1879 ΙΙ.
124 1844 188 1885 24,
213 1846 266 1878 58.
317 1845 437 1876 Iniuria
471 1845 631 1877 eiusmodi
665 1844 823 1886 perfectis

56 1890 186 1923 notatio
210 1889 373 1932 repetitae
397 1890 537 1921 actionis
569 1889 745 1921 tribuitur:
782 1888 824 1919 de

58 1947 123 1979 quo
147 1934 290 1978 perfecti
324 1946 382 1965 usu
417 1934 495 1976 quid
527 1933 738 1966 statuendum
770 1932 822 1971 sit,

59 1979 269 2023 exposuimus
294 1978 327 2009 in
354 1979 411 2010 Gr.
436 1980 474 2009 L.
500 1979 528 2021 ᾗ
551 1979 622 2012 107.
649 1978 728 2009 Not.
744 1977 776 2010 6.

122 2038 150 2066 et
171 2033 398 2076 inhaerescunt]
436 2035 485 2065 De
508 2038 534 2066 et
554 2041 671 2077 quarto
696 2033 825 2066 oratio-

56 2078 108 2111 nis
128 2079 278 2110 membro
301 2077 416 2110 addito
438 2090 468 2110 v.
492 2078 535 2110 ad
557 2080 597 2111 V.
624 2077 686 2118 14,
711 2076 765 2110 41.

124 2145 221 2174 quum
253 2144 324 2166 vero
356 2136 497 2176 accessit]
533 2134 588 2166 Sic
621 2146 648 2166 c.
673 2134 824 2174 Treydero

57 2178 194 2221 scripsi3
219 2179 338 2210 eodem
358 2178 449 2210 ducit
469 2180 630 2221 scriptura
652 2179 745 2210 unius
763 2180 822 2209 Ox.

57 2226 237 2256 accesserit:
262 2223 294 2255 in
308 2235 370 2266 qua
382 2223 470 2255 idem
486 2235 588 2262 error,
613 2235 709 2267 quem
723 2222 822 2254 modo

56 2268 91 2299 in
113 2280 214 2311 prava
238 2280 300 2301 scr.
321 2271 444 2301 tulerint
462 2280 523 2311 pro
543 2271 676 2300 tulerunt
699 2267 821 2310 depre-

57 2312 250 2351 hendimus3
285 2313 384 2344 etiarn
415 2313 713 2355 praestantissimus
747 2311 821 2344 cod.

57 2358 133 2389 Vat.
154 2357 255 2388 habet
278 2359 415 2396 accessit,
439 2357 497 2388 sed
520 2365 595 2399 post
616 2370 647 2388 v.
668 2359 822 2397 populas:

60 2400 150 2444 quod
170 2401 291 2442 probat
307 2403 383 2432 Wes.
404 2402 473 2432 Em.
488 2403 511 2431 1.
534 2413 565 2442 p.
587 2402 653 2439 17.;
681 2401 765 2432 Gud.
783 2402 822 2432 11.

59 2446 91 2478 2.
113 2445 146 2476 b.
170 2457 250 2477 unus
273 2444 367 2476 Leid.
392 2448 473 2486 Aug.
498 2445 563 2475 duo
585 2448 665 2476 Oxx.
689 2452 723 2477 et
745 2445 822 2487 plu—-

58 2489 160 2522 rimae
198 2489 272 2522 edd.
315 2495 397 2521 vett.
436 2491 577 2529 accedit,·
619 2489 675 2521 alii
712 2489 821 2528 codd„

59 2534 160 2566 etiam
196 2534 312 2576 optimi
348 2534 386 2565 R.
412 2535 447 2565 P.
487 2534 572 2565 Gud.
602 2534 630 2566 1.
667 2534 823 2565 omittunt

58 2579 124 2611 hoc
156 2579 311 2616 verbum3
349 2578 434 2610 unde
466 2580 519 2611 Or.
558 2578 647 2609 uncis
680 2577 822 2615 inclusit,

59 2623 135 2663 alii,
176 2631 212 2655 ut
248 2626 322 2663 Kl.,
364 2623 462 2666 plane
503 2622 821 2654 exterminaverunt:

61 2668 147 2710 quod
179 2668 258 2700 mihi
293 2668 501 2700 durissimum
538 2667 677 2699 videtur.
726 2667 822 2708 Vulg.

61 2714 178 2744 accedit
201 2713 344 2745 dubitari
376 2724 441 2744 non
474 2719 586 2755 potest
611 2712 686 2754 quin
720 2711 824 2753 origi-

61 2766 137 2787 nem
166 2756 265 2789 ducat
287 2757 327 2788 ab
350 2758 559 2790 antecedenti
581 2758 754 2795 Acce‹lunl,·
790 2762 824 2787 at

62 2810 142 2831 vero
159 2801 192 2832 in
209 2802 489 2834 enuntiationibus
508 2801 708 2833 secundariis
724 2812 823 2842 prae-

62 2854 138 2875 sens
159 2844 238 2877 ferri
260 2857 326 2878 non
349 2853 472 2890 potest.
512 2846 562 2878 Cf.
587 2846 696 2877 locum
717 2845 823 2876 simil—

64 2887 176 2920 limum
197 2901 292 2933 supra
315 2893 355 2924 11.
380 2893 441 2931 11,
466 2891 526 2925 27:
554 2891 595 2923 ad
616 2890 734 2922 malam
759 2890 821 2921 do·

63 2933 231 2966 mesticam
250 2935 456 2979 disciplinam
468 2956 508 2960 —
521 2945 617 2976 quztm
633 2939 824 2968 accesserunt

239 863 255 896 1
282 863 382 897 Vind.
404 862 433 895 1.
469 869 502 894 et
532 863 685 906 permult.
721 862 797 895 edd.
827 869 909 895 vett.
942 865 1074 895 tulerint.
1121 862 1221 895 Male.

1271 864 1310 896 V.
1336 863 1379 895 ad
1410 865 1451 896 Il.
1475 861 1538 903 24,
1564 861 1619 895 58.

860 976 958 1007 etiam
978 979 1108 1018 po'e'tae,
1133 987 1251 1008 nervos
1276 987 1389 1008 omnes
1409 975 1538 1007 virtutis
1558 974 1619 1006 eli-

859 1020 951 1054 dunt.
999 1022 1037 1052 V.
1064 1020 1233 1052 Adnotata
1256 1020 1290 1052 in
1317 1023 1356 1053 11.
1378 1017 1441 1059 24,
1467 1021 1520 1052 ὃὸ.

926 1068 1017 1105 quasi
1037 1068 1197 1097 maximus
1216 1067 1360 1107 qnidam]
1394 1066 1432 1097 V.
1455 1064 1623 1096 Adnotatu

859 1110 891 1140 in
918 1111 957 1141 II.
979 1108 1017 1148 4,
1046 1109 1096 1142 11.
1144 1111 1192 1141 De
1216 1110 1333 1141 vocula
1357 1111 1467 1150 quasi,
1492 1109 1534 1140 ad
1557 1109 1620 1140 mi-

858 1154 1026 1197 tigandam
1042 1154 1269 1197 metaphoram
1286 1153 1474 1197 pronomini
1492 1155 1623 1193 quidam

858 1198 948 1241 iungi
969 1199 1067 1230 solita
1092 1212 1121 1230 v.
1143 1201 1239 1231 Beier.
1263 1199 1305 1230 ad
1328 1199 1422 1230 offic.
1445 1199 1470 1229 Ι.
1489 1198 1544 1236 27,
1567 1197 1622 1230 93.

859 1255 891 1286 p.
905 1244 982 1276 209.
1019 1244 1071 1274 Cf.
1096 1254 1156 1275 nos
1175 1243 1209 1274 in
1224 1244 1280 1275 Gr.
1296 1244 1334 1274 L.
1358 1245 1386 1286 ᾗ.
1404 1240 1476 1275 124.
1495 1242 1574 1275 Not.
1588 1241 1620 1274 6.

926 1292 959 1320 ut
978 1291 1064 1320 nobis
1092 1290 1202 1327 optime
1224 1292 1369 1320 naturam
1393 1290 1415 1319 ii
1437 1289 1551 1319 vidisse
1573 1289 1622 1318 ‘vi-

857 1334 1004 1374 deantur]
1040 1332 1093 1364 Sic
1119 1333 1210 1364 unius
1234 1333 1364 1364 litterae
1393 1331 1622 1363 immutatione

857 1379 977 1409 Keilius
993 1378 1143 1415 Quae-stt.
1158 1377 1245 1409 Tull.
1268 1389 1300 1419 p.
1316 1378 1415 1408 XXI.
1434 1377 1619 1418 vulgatam:

857 1424 968 1461 optime
990 1425 1140 1453 naturam
1162 1423 1310 1453 invidisse
1333 1421 1412 1452 satis
1436 1420 1621 1463 probabili—

856 1473 908 1497 ter
937 1465 1142 1505 emendavit,
1182 1473 1217 1497 ut
1248 1466 1332 1497 haec
1363 1465 1406 1496 sit
1437 1465 1619 1496 sententia:

855 1512 926 1550 „ita
944 1510 1106 1542 inficimur
1125 1511 1318 1552 opinionum
1337 1509 1502 1553 pravitate
1522 1522 1541 1541 a
1560 1521 1622 1540 na-

857 1562 996 1598 turaque
1016 1555 1246 1593 desciscimus,
1272 1561 1317 1591 ut,
1343 1554 1420 1598 quid
1439 1566 1476 1586 ea
1501 1560 1620 1597 postu-

857 1601 924 1639 let,
956 1600 1143 1642 ignoremus
1168 1607 1266 1642 atque
1287 1599 1321 1630 id
1343 1600 1449 1642 ipsum
1473 1599 1622 1630 naturale

856 1657 929 1677 esse
950 1645 1133 1687 opinemur,
1160 1644 1249 1687 quod
1271 1644 1314 1676 sit
1334 1651 1449 1676 contra
1472 1650 1622 1675 naturam

857 1690 1033 1722 maximef‘
1088 1692 1243 1722 Naturam
1275 1691 1380 1721 videre
1414 1695 1464 1720 est
1497 1688 1621 1727 videre,

860 1735 938 1778 quid
962 1735 1005 1766 sit
1027 1734 1195 1773 naturale,
1222 1734 1300 1776 quid
1323 1741 1438 1765 natura
1461 1733 1620 1776 postulet.

862 1780 913 1811 Cf.
944 1791 970 1810 c.
994 1779 1032 1818 l,
1057 1780 1099 1811 2:
1138 1778 1265 1817 Quodsi
1294 1779 1376 1809 tales
1408 1790 1468 1809 nos
1505 1784 1622 1809 natura

858 1824 1042 1866 genuisset,
1078 1829 1114 1854 ut
1138 1833 1206 1854 eam
1230 1825 1334 1862 ipsam
1354 1825 1467 1854 intueri
1497 1828 1530 1853 et
1551 1831 1622 1861 per-

857 1872 972 1908 spicere
995 1887 1036 1891 -
1061 1879 1242 1909 possemus.
1289 1867 1468 1909 Eleganter
1492 1877 1622 1909 quoque

859 1919 894 1944 et
917 1919 1012 1944 acute
1036 1913 1216 1951 Madviyz'us
1245 1911 1286 1942 ad
1308 1911 1379 1942 Fin.
1401 1912 1457 1942 111.
1483 1911 1541 1948 19,
1566 1910 1621 1943 62.

860 1969 877 1988 e
909 1956 1039 1995 verbis,
1075 1967 1158 1998 quae
1190 1956 1235 1986 ibi
1268 1956 1443 1998 leguntur:
1491 1957 1623 1997 „Atque

858 2001 957 2033 etiam
981 2001 1013 2031 in
1041 2000 1155 2031 bestiis
1175 2002 1223 2032 vis
1242 2005 1375 2033 naturae
1400 2002 1536 2040 perspici
1556 2010 1622 2042 po-

856 2050 948 2077 test“
969 2045 1145 2087 legendum
1168 2045 1318 2076 coniicit:
1346 2044 1471 2087 optime
1491 2048 1623 2075 naturae

857 2093 922 2122 vim
952 2092 1087 2129 vidisse3
1121 2089 1248 2131 recepit
1279 2089 1365 2120 hanc
1399 2088 1622 2121 coniecturam

860 2137 1003 2175 Treqder,
1028 2134 1087 2166 sed
1109 2134 1215 2165 minus
1239 2133 1419 2176 probabilis
1442 2139 1504 2171 est,
1526 2143 1624 2176 quam

858 2182 961 2219 Keilii,
984 2179 1058 2222 quia
1076 2179 1180 2211 multo
1203 2178 1305 2220 magis
1326 2191 1344 2210 a
1366 2178 1517 2210 codicum
1538 2177 1624 2209 scri-

858 2231 954 2267 ptura
976 2223 1115 2256 recedit.
1162 2223 1428 2265 Ingeniosissima
1453 2234 1554 2265 porro
1574 2227 1623 2253 est

856 2271 986 2301 Bentleii
1009 2268 1216 2300 coniectura:
1251 2279 1298 2307 op
1313 2272 1322 2298 t
1335 2270 1386 2299 im
1399 2278 1417 2299 a
1429 2277 1460 2298 m
1483 2277 1546 2298 ma
1558 2277 1577 2306 9
1590 2269 1599 2296 i
1611 2284 1622 2289 -

857 2318 993 2346 stram
1025 2315 1197 2351 invidisse;
1242 2314 1413 2343 Lambinus
1448 2310 1623 2351 legendum

856 2364 953 2400 putat
975 2360 1126 2397 opiz'mam
1151 2361 1319 2395 naturam,
1355 2358 1454 2387 Moser
1477 2355 1509 2385 in
1536 2353 1621 2385 Add.

856 2414 889 2444 p.
901 2402 976 2435 397.
993 2404 1142 2441 optimam
1155 2403 1341 2440 manistram
1353 2404 1513 2438 naturam,
1537 2400 1624 2431 Orel-

857 2450 917 2478 lius
950 2446 1092 2487 denique
1124 2445 1157 2476 in
1183 2444 1344 2476 vocabulo
1370 2446 1481 2483 optime
1513 2444 1622 2474 lecto-

857 2492 900 2522 ris
925 2489 1218 2521 exclamationem:
1252 2491 1388 2529 „optime
1411 2488 1476 2519 hoc
1500 2487 1622 2525 dixisti,

857 2534 964 2567 Tulli!
991 2545 1083 2575 euge,
1110 2533 1269 2575 σοφῶςέιι
1295 2545 1313 2564 a
1329 2533 1475 2574 margine
1495 2533 1528 2564 in
1543 2544 1620 2563 ver-

857 2580 973 2610 borum
995 2578 1145 2610 ordinem
1167 2578 1292 2609 illatam
1306 2577 1369 2609 sibi
1383 2577 1470 2608 visus
1487 2584 1537 2609 est
1559 2576 1622 2607 de-

858 2622 1071 2666 prehendisse
1094 2629 1128 2654 et
1150 2623 1192 2654 ob
1214 2634 1285 2654 eam
1300 2633 1445 2654 caussam
1464 2634 1493 2654 v.
1510 2624 1622 2662 optime

859 2667 950 2698 uncis
978 2667 1120 2699 seclusit.
1167 2667 1233 2699 Sed
1266 2667 1324 2698 has
1356 2678 1470 2698 omnes
1505 2666 1620 2698 conie-

860 2718 967 2743 cturas
1001 2723 1067 2744 non
1100 2723 1170 2743 esse
1202 2711 1412 2755 probabiles,
1450 2711 1534 2742 clare
1559 2710 1620 2741 de-

859 2756 1056 2788 monstravit
1080 2758 1198 2788 Keilius
1221 2757 1243 2788 l.
1269 2756 1301 2787 d.
1334 2768 1366 2798 p.
1389 2756 1470 2787 XX.
1530 2756 1620 2785 Unus

859 2801 1004 2832 omnium
1040 2803 1179 2833 Klotzius
1213 2801 1366 2843 vulgatae
1402 2798 1620 2842 patrocinium

859 2845 1022 2888 suscepit3
1059 2846 1118 2877 sed
1143 2857 1240 2888 quam
1264 2857 1303 2877 ex
1327 2856 1365 2876 ea
1390 2843 1517 2875 extudit
1540 2852 1620 2872 sen-

858 2890 995 2922 tentiam
1019 2891 1129 2933 (daher
1147 2893 1287 2923 sclzez'nen
1306 2899 1363 2921 uns
1383 2889 1553 2928 diejeniyen
1571 2887 1621 2917 die

857 2937 957 2968 Natur
983 2945 1065 2976 yanz
1092 2937 1224 2968 herrlz‘ch
1255 2931 1462 2976 [qeschichl?]
1494 2934 1620 2963 vorent-
