1832 3137
1536 67 1614 108 411

1139 169 1216 196 non
1241 155 1406 196 laborat.
1467 154 1622 196 Laudat

469 225 693 282 Philosophi
711 227 748 268 id
772 228 946 281 quidem,
979 230 1047 269 sed
1071 228 1103 268 si
1124 226 1308 269 Socrates
1331 235 1399 269 aut
1417 227 1621 269 Antisthe-

1536 301 1621 343 Ne-

70 381 158 427 gat,
200 387 418 427 quenquam
448 374 613 414 iucunde
644 388 757 428 posse
781 374 939 424 vivere,
980 375 1053 414 nisi
1077 376 1176 415 idem
1200 375 1384 426 honeste,
1426 376 1623 430 sapienter

661 74 824 107 LIBER
846 76 886 107 V.
909 73 950 113 9,
974 73 1028 108 27.

72 154 205 196 enim⁵
238 153 310 194 sibi
337 160 563 194 constanter
588 154 943 208 convenienterque
974 155 1098 206 dieat,

72 235 226 268 tenuem
247 226 406 268 victum.

71 315 140 341 nes
161 300 322 350 diceret,
355 314 431 340 uon
452 300 501 351 is,
535 300 599 354 qui
618 302 731 340 finem
752 301 940 341 bonorum
957 302 1192 356 voluptatem
1210 316 1297 342 esse
1319 302 1476 342 dixerit.

69 448 247 501 iusteque
271 447 391 488 vivat.
453 446 563 487 Nihil
584 448 768 501 gravius,
801 447 895 487 nihil
924 447 1164 502 philosophia
1192 449 1371 502 dignius,
1411 449 1485 489 nisi
1520 449 1620 489 idem

1517 522 1621 576 Quid

69 594 231 644 melius,
265 608 400 648 quam:
434 595 629 634 fortunam
655 594 834 648 exiguam
858 594 1099 634 intervenire
1121 594 1314 649 sapienti?
1351 597 1418 636 sed
1442 597 1514 636 hoc
1537 597 1623 636 isne

70 520 143 560 hoc
164 521 288 575 ipsum
313 521 498 570 honeste,
539 521 760 575 sapienter,
799 520 900 560 iuste
933 521 979 560 ad
1006 521 1242 576 voluptatem
1272 524 1454 563 referret.

69 667 176 718 dicit,
210 668 290 721 qui,
322 682 436 721 quum
455 667 627 707 dolorem
651 681 727 707 non
751 667 863 707 modo
884 667 1094 707 maximum
1116 668 1272 718 malum,
1307 670 1375 708 sed
1396 669 1520 709 solum
1542 683 1622 709 ma-

69 742 145 781 lum
166 741 281 781 etiam
305 740 464 790 dixerit,
487 747 569 780 toto
585 754 748 795 corpore
766 740 928 794 opprimi
948 741 1068 795 possit
1087 741 1283 781 doloribus
1303 742 1504 782 acerrimis
1525 749 1620 792 tum,

68 829 183 867 quum
201 813 371 853 maxime
390 821 526 853 contra
547 814 740 853 fortunam
763 813 978 867 glorietur?
1038 820 1106 855 27.
1144 812 1258 867 Quod
1276 814 1375 854 idem
1397 815 1622 854 melioribus

68 887 185 927 etiam
200 887 332 927 verbis
346 885 626 927 Metrodorus:
660 885 884 941 Occupat-i
903 892 958 938 te,
983 887 1150 942 inquitfi,
1168 887 1367 941 fortuna,
1385 893 1512 942 atque
1528 889 1625 942 cepi

67 974 292 1015 omnesque
316 960 458 1001 aditus
479 965 573 1001 tuos
594 961 841 1011 interclusi,
872 965 917 1001 ut
937 961 996 1001 ad
1014 975 1078 1002 me
1100 961 1336 1014 adspirare
1352 975 1438 1002 non
1456 975 1620 1015 posses.

72 1033 293 1084 Praeclare,
317 1033 497 1073 siAristo
514 1031 635 1074 Chius
655 1040 721 1073 aut
743 1033 775 1073 si
790 1031 948 1074 Stoicus
962 1033 1073 1074 Zeno
1088 1036 1107 1061 ⁷
1132 1035 1294 1084 diceret,
1318 1036 1397 1089 qui,
1424 1035 1499 1075 uisi
1522 1035 1622 1089 quod

68 1116 179 1162 turpe
197 1115 317 1158 esset,
337 1107 429 1147 nihil
442 1107 581 1147 malum
598 1108 770 1147 duceret.
807 1106 871 1147 Tu
884 1122 996 1157 vero,
1014 1106 1258 1158 Metrodore,
1277 1109 1338 1162 qui
1354 1108 1622 1148 omnebonum

157 1237 177 1268 ἶ)
203 1249 233 1267 v.
256 1236 340 1268 Adn.
387 1234 408 1268 6
434 1236 487 1268 Sic
511 1236 629 1275 codd,
655 1237 713 1268 sed
737 1236 812 1268 edd.
837 1244 916 1269 vett.
941 1237 1117 1280 pleraeque
1139 1243 1215 1269 aute
1239 1237 1344 1269 Gebh.
1372 1239 1552 1277 Occupavi,
1577 1241 1624 1270 in-

66 1285 155 1322 quit,
179 1286 216 1314 le.
273 1279 294 1314 7
319 1283 375 1314 Tr.
399 1282 471 1313 eR.
491 1283 523 1313 P.
547 1282 632 1313 Gud.
658 1283 686 1313 1.
710 1284 749 1313 ΙΙ.
778 1282 876 1313 Vind.
893 1281 924 1314 2.
954 1283 1064 1313 Duisb.
1092 1285 1215 1314 Zenon:
1251 1282 1340 1325 quod
1363 1290 1501 1325 proptei
1525 1282 1624 1314 codd.

68 1327 299 1359 auctoritatem
320 1327 466 1369 recipere
487 1338 553 1358 non
573 1327 768 1365 dubitarem,
794 1327 855 1358 nisi
878 1328 984 1359 forma
1007 1330 1087 1359 Zeno
1105 1328 1267 1359 sexcentis
1287 1328 1356 1358 aliis
1379 1328 1460 1359 locis
1481 1340 1533 1370 ap.
1558 1328 1625 1360 Cic.

66 1372 251 1414 legeretur,
279 1371 322 1402 cf.
345 1383 371 1403 c.
399 1371 458 1413 12,
483 1372 547 1403 34:
581 1372 635 1403 ubi
666 1383 777 1403 omnes
802 1372 872 1404 feie
904 1372 1021 1410 codd.,
1058 1372 1157 1403 etiam
1185 1372 1330 1403 R.G=1d.
1361 1373 1388 1405 1.
1419 1374 1457 1404 ll.
1482 1372 1580 1404 vind
1593 1372 1625 1404 2.

65 1397 198 1455 Diiisb„
222 1416 346 1448 habeut
369 1419 459 1449 Zeno.
506 1417 580 1448 Huc
609 1417 758 1456 accedit,
793 1417 881 1460 quod
908 1417 1008 1449 modo
1038 1417 1217 1460 piaecessit
1235 1420 1346 1449 Aristo.
1395 1417 1548 1448 Ceterum
1580 1417 1623 1449 cf.

64 1460 242 1501 ad1.47,
270 1460 344 1494 113.

66 1541 120 1585 qui
146 1541 242 1572 finem
265 1541 428 1572 bonorum
449 1540 656 1583 voluptatem
681 1552 750 1572 esse
774 1541 826 1572 di-

66 1586 167 1623 xerit;
192 1598 253 1617 nec
271 1592 380 1616 tamen
396 1585 430 1616 id
450 1586 567 1616 mirum
586 1585 688 1617 videri
709 1586 826 1624 debet3

64 1642 159 1672 qaam
181 1634 262 1663 enim
284 1635 456 1662 constanter
478 1632 582 1670 dicat,
614 1642 674 1662 non
697 1633 829 1663 laborat.

66 1678 115 1707 De
137 1675 284 1718 elliptico
308 1687 366 1706 usu
388 1675 566 1718 particulae
588 1678 669 1707 enim
691 1687 721 1708 ν.
741 1676 783 1707 ad
803 1678 827 1709 J.

65 1721 96 1759 6,
118 1723 168 1754 11.
198 1722 355 1761 Wopkens.
373 1721 479 1752 Lectt.
494 1720 580 1752 Tull.
598 1723 626 1759 1,
644 1720 692 1753 19.
707 1733 740 1763 p.
755 1720 826 1754 147.

65 1767 108 1799 H.
129 1765 398 1808 interrogationis
420 1765 546 1807 signum
571 1776 636 1797 non
659 1773 734 1808 post
757 1769 829 1797 imi-

931 1543 1087 1582 fortunam
1109 1544 1256 1582 exiyuam
1275 1543 1456 1573 intervenire
1477 1543 1624 1583 sapienti]

865 1586 982 1618 lisdem
1017 1586 1124 1617 verbis
1159 1586 1261 1617 utitur
1287 1588 1412 1617 Seneca
1445 1586 1486 1618 de
1513 1586 1626 1618 Const.

863 1634 939 1674 Sap.
964 1644 991 1663 c.
1010 1633 1067 1663 15:
1106 1631 1282 1673 Epicurus:
1308 1631 1406 1670 Raro,
1432 1631 1548 1674 inquit,
1574 1642 1627 1663 sa-

860 1679 956 1716 pienti
984 1679 1146 1708 intervenit
1177 1678 1323 1716 fortuna,
1359 1676 1391 1707 h.
1416 1688 1443 1708 e.
1477 1676 1627 1719 exiguam

863 1722 928 1753 vim
962 1721 1060 1753 habet
1092 1722 1124 1752 in
1150 1722 1342 1762 sapientem.
1393 1722 1488 1763 Diog.
1513 1722 1624 1752 Laert.

862 1767 915 1805 X,
944 1764 1022 1798 144:
1060 1769 1200 1809 βραχεῖα
1223 1767 1317 1809 σοφῷ
1343 1765 1430 1809 rsty-r]
1462 1766 1626 1808 παρεμπί-

64 1815 145 1851 tart',
168 1811 227 1842 sed
246 1817 319 1854 post
341 1813 415 1842 dicit
435 1810 623 1853 ponendum
642 1810 767 1841 iudicat
789 1822 825 1841 ea

65 1857 206 1897 ratione,
231 1868 327 1899 quam
349 1856 391 1887 ad
416 1857 470 1887 lv.
492 1855 545 1894 26,
569 1856 621 1888 56.
644 1855 823 1897 tetigimus.

65 1906 108 1933 At
128 1902 210 1933 haec
230 1902 314 1933 ratio
334 1912 398 1932 non
418 1901 496 1932 satis
516 1900 675 1943 quadrare
696 1900 827 1932 videtur

65 1947 96 1978 in
122 1947 209 1978 hunc
231 1946 348 1978 locum.

133 1993 259 2023 Laudat
272 1996 391 2023 tenuem
403 1991 532 2033 victum]
551 1991 590 2022 V.
606 1990 698 2033 Diog.
715 1991 825 2022 Laert.

65 2038 119 2076 X,
149 2038 210 2069 130
229 2048 300 2079 sqq.

133 2083 274 2114 Socrates
297 2085 352 2112 aut
375 2082 564 2112 Antisthenes
586 2082 711 2122 diceret]
739 2080 826 2119 Quid

65 2126 260 2158 discriminis
292 2125 333 2157 sit
365 2126 451 2157 inter
484 2125 621 2157 duorum
647 2125 827 2165 nominum,

64 2183 148 2216 quae
170 2183 228 2214 per
248 2175 302 2203 aut
326 2170 486 2202 disiuncta
506 2177 592 2209 sunt,
619 2183 691 2203 cum
713 2171 829 2214 singu-

65 2217 124 2249 lari
141 2223 198 2248 aut
216 2216 332 2259 plurali
347 2215 448 2247 verbo
467 2216 607 2247 consoci:
609 2223 674 2247 1t01
678 2228 730 2247 um
745 2228 829 2248 con—-

65 2262 291 2299 structionem,
315 2261 639 2304 exposmmuslnfr
656 2263 692 2293 L.
712 2262 828 2304 §.10¹5

65 2307 184 2339 Non*
171 2325 194 2340 i.
243 2306 378 2338 pluralis
402 2307 550 2349 exempla
573 2307 730 2337 nonnulla
756 2306 828 2337 col-

65 2352 146 2395 legit
157 2353 316 2384 Ellendtus
333 2350 375 2382 ad
391 2351 432 2382 de
448 2353 500 2383 Or
520 2353 560 2382 ΙΙ.
576 2349 608 2389 4,
626 2351 675 2383 16.
698 2351 773 2382 Vol.
788 2353 828 2382 ΙΙ.

69 2409 102 2440 p.
129 2397 190 2429 167
209 2408 258 2438 sq.

134 2444 231 2481 ⁷Neqat
247 2450 422 2493 quenquam
441 2440 585 2479 iucunde]
610 2440 703 2481 Diog.
719 2441 828 2472 [πιρτὶ.

68 2488 121 2524 Χ,
151 2486 277 2528 l-‘ttlsq-
314 2497 374 2518 ουκ
409 2484 487 2518 ἔστι
471 2497 496 2517 a
525 2482 590 2526 ηδέ
593 2496 639 2521 ως
669 2485 726 2528 ζῇ)
751 2481 807 2518 ἄιε
810 2498 827 2518 υ

67 2533 125 2566 τοῦ
159 2544 222 2575 <ppo
209 2531 328 2573 ιίμως
361 2529 418 2563 καὶ
450 2531 563 2567 καὶῶς
589 2541 646 2562 και
671 2530 827 2568 &malms

67 2574 146 2612 ουδὲ
178 2576 348 2630 φρονίυ.ως
383 2587 440 2608 και
473 2575 586 2612 καὶῶς
610 2574 667 2607 καὶ
690 2575 781 2608 διίκα
772 2587 830 2613 ως

67 2618 145 2656 ἄνευ
177 2622 235 2655 τοῦ
267 2618 334 2662 ’ἠδέ
337 2632 382 2654 ωε
443 2620 535 2652 Adde
562 2620 665 2651 Cicer.
692 2619 733 2651 de
757 2620 827 2651 Fin.

74 2667 258 2706 11557.
307 2666 348 2697 ad
373 2656 396 2697 1
399 2677 461 2697 am.
484 2667 559 2703 XV,
591 2664 637 2696 l‘).

136 2715 197 2744 nisi
218 2714 301 2743 idem
324 2713 380 2743 hoc
403 2714 506 2751 ipsum
541 2712 616 2751 etcg
656 2710 829 2752 Perperam

69 2760 253 2789 Goerenzius
281 2756 321 2788 ad
345 2756 444 2788 Acad.
473 2758 495 2788 l.
526 2757 557 2790 l,
583 2758 612 2786 2.
646 2766 828 2796 pronomen

68 2803 150 2833 idem
164 2801 360 2843 iungendum
377 2801 554 2833 arbitratur
571 2812 642 2832 cum
658 2802 713 2831 hoc
727 2803 828 2840 ipsum

69 2849 144 2887 (just
177 2848 247 2878 eben
279 2847 364 2888 das).
399 2866 442 2870 —-
489 2849 629 2885 honeste,
665 2848 829 2886 sapienter,

69 2894 167 2931 iuste,
189 2897 224 2922 at
246 2891 356 2933 paullo
378 2899 469 2923 ante:
504 2893 643 2931 honeste,
665 2892 828 2931 sapienter,

70 2939 275 2976 iuste-que.
323 2937 362 2966 V.
387 2934 513 2976 ad14,
541 2938 591 2969 41.

861 1823 945 1844 mer.
995 1811 1046 1842 Cf.
1070 1812 1171 1842 Cicer.
1195 1811 1235 1842 de
1259 1811 1328 1841 Fiu.
1356 1814 1378 1842 Ι.
1399 1803 1454 1848 h),
1477 1811 1542 1848 655„
1571 1810 1626 1841 ubi

862 1868 891 1886 v.
929 1858 1123 1893 Madviqium
1158 1867 1190 1897 p.
1224 1856 1292 1888 118.
1352 1858 1498 1887 Davisius
1534 1855 1628 1887 addit

861 1901 988 1933 Viti-nv,
1012 1901 1076 1937 VI,
1103 1901 1208 1943 praef.
1234 1900 1397 1932 Plutarch.
1421 1900 1497 1942 περὶ
1519 1897 1627 1944 τύχης

861 1958 893 1988 p.
910 1946 964 1978 99.
991 1949 1028 1976 Α.
1064 1946 1157 1977 Stob.
1193 1946 1360 1977 EcLetli.
1395 1946 1529 1988 p.1‘3‘3.
1579 1947 1626 1977 De

861 2002 927 2033 seq.
952 1993 1015 2022 isne
1040 2002 1069 2021 v.
1095 1991 1137 2022 ad
1163 1991 1202 2022 ΙΙ.
1231 1991 1289 2029 11,
1315 1990 1368 2023 ¹6

930 2038 957 2076 §.
981 2035 1035 2068 27.
1082 2038 1242 2074 Occupat-i
1265 2038 1306 2077 τε]
1334 2036 1477 2067 Graece.
1502 2047 1625 2078 προκα-

863 2079 1046 2122 τείὶημιιαί
1069 2092 1128 2121 σε,
1154 2093 1180 2114 ω
1204 2079 1314 2125 τύχη,
1350 2080 1408 2113 καὶ
1432 2082 1540 2114 πᾶσαι
1564 2079 1625 2122 ’.ἢν

865 2124 928 2167 σήν
942 2137 1144 2175 αφῃρημαι
1136 2137 1220 2168 *ceap
1206 2126 1327 2164 ι’ίςδυσ
1322 2139 1346 2159 ν
1364 2126 1451 2168 apud
1463 2127 1627 2158 Plutar.ch

862 2170 938 2212 περὶ
959 2170 1108 2212 αὶῖυαίας
1130 2183 1161 2213 p.
1179 2171 1254 2204 470.
1299 2172 1452 2203 Ceterum
1473 2174 1571 2203 Moser
1593 2171 1626 2202 in

864 2227 999 2247 censura
1022 2227 1119 2258 supra
1148 2215 1233 2247 laud.
1258 2228 1290 2259 p.
1308 2216 1384 2248 612.
1417 2216 1557 2247 offendit
1592 2216 1625 2246 in

862 2261 1078 2304 imperfecto:
1117 2260 1284 2303 adspirare
1309 2271 1371 2291 non
1396 2271 1517 2300 posses,
1545 2272 1625 2292 cen-

862 2313 977 2348 setque
999 2306 1173 2337 dicendum
1195 2305 1294 2336 fuisse
1313 2308 1412 2345 possis
1439 2305 1496 2347 [uti
1520 2313 1570 2336 est
1592 2305 1625 2336 in

864 2351 1011 2389 Duisb.),
1037 2357 1069 2381 et
1091 2350 1234 2382 Tullium
1259 2357 1313 2381 aut
1337 2350 1497 2381 Graecum
1520 2350 1626 2382 locum

863 2407 929 2427 non
964 2402 1052 2427 recte
1088 2395 1274 2437 percepisse
1310 2402 1342 2426 et
1375 2395 1532 2433 vertisse,
1571 2401 1626 2427 aut

862 2440 1093 2483 imperfectum
1110 2452 1127 2471 a
1144 2440 1327 2481 glossatore
1343 2441 1528 2482 profectum
1544 2451 1624 2472 esse.

864 2490 908 2516 At
932 2497 1008 2516 vero
1043 2485 1271 2527 imperfectum
1295 2496 1398 2525 posses
1430 2497 1507 2516 vere
1530 2486 1625 2517 Cice-

863 2530 1034 2561 roniauum
1055 2541 1135 2568 esse,
1157 2529 1398 2562 demonstrasse
1415 2531 1492 2562 mihi
1509 2530 1625 2563 videor

864 2574 904 2605 ad
923 2577 945 2606 l.
963 2574 994 2609 4.
1010 2573 1042 2607 7.
1078 2576 1126 2606 De
1146 2587 1175 2606 v.
1198 2577 1385 2615 adspirandi
1406 2588 1435 2606 v.
1457 2576 1499 2607 ad
1522 2577 1553 2613 ζ),
1574 2576 1624 2609 13.

931 2622 983 2659 qui
1011 2639 1046 2643 -
1072 2622 1149 2651 nihil
1171 2623 1288 2652 malum
1313 2621 1447 2664 duceret]
1481 2621 1624 2652 Bouhie—

864 2664 931 2696 rius
946 2664 1119 2707 legendum
1133 2665 1358 2708 suspicabatur
1373 2668 1527 2705 ducerent,
1549 2665 1623 2708 quia

864 2713 917 2750 qui
948 2710 990 2741 ad
1018 2717 1190 2753 utrumque
1213 2711 1446 2753 philosophum
1471 2711 1621 2742 referen—

864 2755 940 2786 dum
977 2762 1081 2791 esset3
1116 2762 1150 2787 at
1182 2767 1279 2798 quum
1309 2756 1480 2797 singularis
1511 2757 1622 2786 diceret

863 2800 905 2831 ad
926 2807 1096 2843 utrumque
1117 2801 1187 2843 pari
1209 2801 1309 2833 modo
1328 2802 1500 2837 referatur,
1524 2799 1621 2830 etiam

862 2845 1032 2888 singularis
1055 2849 1107 2886 qui
1129 2846 1171 2878 ad
1197 2854 1367 2888 utrumque
1396 2845 1516 2887 pariter
1541 2855 1620 2886 per-

862 2891 956 2923 tinet.

929 2938 1113 2968 Metrodorel
1141 2938 1179 2967 V.
1204 2936 1245 2967 ad
1273 2937 1309 2966 ll.
1334 2933 1372 2965 6.
1405 2933 1450 2965 1.·.
