1832 3137
652 98 812 130 Ltsseu
843 97 1054 139 1.44,107.

1558 89 1633 132 165

69 175 252 230 (Metuit,
285 189 333 217 ne
355 176 537 216 laceratis
562 176 744 216 membris
764 177 890 217 minus
912 177 1011 218 bene
1032 184 1184 229 utatur,
1218 191 1266 218 ne
1289 177 1517 230 combustis,
1551 193 1628 220 non

69 249 332 302 extimescit.)

268 326 287 348 '³²
300 321 386 362 Not?
415 325 596 375 reliquias
624 327 684 362 ,ςέο
715 337 813 361 meas

843 326 933 361 siris
951 326 968 349 ⁸
1002 327 1199 363 denudatis·
1229 326 1373 364 ossibus

269 396 288 414 ²*
306 399 417 436 Te'tra
431 399 449 423 ⁹
482 400 587 435 sanie
617 397 802 435 delibutas
819 398 940 448 solide
969 399 1201 436 de'zveoedre‘er.

67 476 158 511 ¹07.
192 468 285 510 Non
310 469 508 523 intelligo,
551 469 639 523 quid
666 475 835 519 metuat,

63 543 126 582 dat
149 543 195 582 ad
224 542 370 582 tibiam.

63 621 162 666 tem,
207 630 322 669 quum
346 615 452 656 multi
474 615 652 655 inimicos
678 614 793 654 etiam
826 620 1001 654 mortuos
1030 614 1265 668 poeniuntur
1282 619 1317 656 ¹.

870 483 985 522 quum
1012 475 1089 509 tam
1119 470 1242 510 bonos
1267 471 1512 525 septenarios
1542 472 1625 511 fun-

431 541 663 583 Tenendum
688 548 748 581 est
769 541 912 595 igitur,
946 541 1041 581 nihil
1063 543 1276 583 curandum
1302 557 1390 584 esse
1412 551 1498 598 post
1522 559 1624 584 mor-

1380 615 1627 657 Exsecratur

63 688 267 730 luculentis
292 703 385 729 saue
411 688 590 730 versibus
614 688 712 742 apud
734 686 903 727 Ennium
926 686 1142 742 Thyestes,
1175 688 1338 742 primum
1359 695 1399 728 ut
1420 690 1624 743 naufragio

62 768 194 815 pereat
226 762 396 813 Atreus3
439 762 574 801 durum
614 761 686 801 hoc
715 774 834 812 sane,
880 760 968 800 talis
1000 759 1101 801 enim
1128 761 1309 801 interitus
1343 775 1419 801 non
1446 768 1504 802 est
1537 761 1621 802 sine

58 834 168 888 gravi
201 847 344 885 sensu3
377 835 440 874 illa
472 834 628 874 inania:

126 945 149 979 8
175 945 280 979 Codd.
294 957 353 979 neu
366 949 526 988 relliquias
545 950 686 980 semiassi
701 950 762 979 reis
778 946 837 991 (sic
854 948 893 979 R.
909 946 995 979 Gud.
1012 946 1041 979 1.
1054 947 1097 987 b&
1114 953 1171 980 aut
1190 950 1331 980 semiassi
1350 950 1441 989 reyis.
1477 949 1517 981 V.
1535 947 1618 980 Adu.

58 989 81 1022 9
109 991 215 1024 Codd.
235 1002 291 1032 per
311 996 437 1024 terram.
461 993 500 1024 V.
512 992 596 1024 Adn.

58 1043 93 1068 et
115 1036 263 1069 nonnull.
287 1037 362 1068 edd.
391 1043 470 1068 vett.
492 1040 686 1077 puniuntur,·
721 1038 777 1070 Gr.
802 1037 834 1069 b.
856 1037 921 1069 duo
943 1040 1023 1069 Oxx.
1048 1039 1139 1069 Mon.
1154 1037 1183 1069 1.

647 994 662 1024 1
689 992 742 1024 Sic
755 995 809 1024 Or.
824 1005 850 1025 c.
865 993 901 1024 R.
920 992 1006 1024 Gud.
1024 992 1052 1024 1.
1068 993 1222 1036 aliisque3
1247 994 1336 1024 Non.
1353 1005 1383 1035 p.
1397 991 1474 1025 471.
1489 1000 1521 1024 et
1539 990 1616 1024 479.

1209 1044 1312 1081 quatt.
1342 1038 1449 1069 Gebh.
1473 1037 1570 1069 vind.
1587 1037 1615 1068 1.

60 1087 94 1114 et
113 1081 236 1113 multae
258 1081 332 1113 edd.
357 1088 438 1113 vett.
457 1084 664 1122 poeniantur;
689 1082 801 1115 Duisb.
825 1088 858 1113 et
882 1082 1030 1114 nonnull.
1052 1082 1127 1113 edd.
1150 1088 1234 1114 vett.
1255 1085 1400 1122 puniant.
1446 1083 1485 1114 V.
1511 1082 1595 1113 Adn.

59 1148 116 1180 bat
148 1153 184 1180 et
215 1159 336 1189 quam
369 1151 429 1180 mei
451 1159 512 1180 non
535 1151 665 1180 miseret.
712 1150 752 1179 V.
779 1148 820 1180 ad

58 1194 96 1224 V.
119 1192 149 1232 3,
168 1195 199 1226 ὅ.
235 1196 295 1225 Mei
319 1192 575 1236 μονοσυλὶάβως
597 1192 820 1235 pronuntian-

57 1237 144 1270 dum.

120 1285 236 1323 pressis
256 1287 282 1314 et
306 1285 457 1323 flebilibus
479 1282 592 1325 modis]
628 1283 714 1313 Modi
738 1292 818 1324 pro-

56 1326 127 1369 prie
159 1327 313 1358 dicuntur
345 1327 377 1358 in
412 1327 552 1358 musicis.
602 1326 653 1357 Cf.
687 1325 729 1357 ad
758 1327 816 1357 ΙΙΙ.

60 1371 110 1410 19,
131 1367 185 1404 45.
208 1371 249 1402 de
269 1373 359 1403 Orat.
374 1373 430 1402 111.
456 1371 510 1409 ⁴26,
535 1371 617 1403 102:
643 1370 690 1401 illi
706 1389 745 1393 —
763 1370 817 1413 qui

58 1417 208 1448 fecerunt
231 1415 348 1447 modos
378 1417 520 1459 (Graece
549 1415 817 1457 ἐμελοποίησαν).

54 1462 94 1493 V.
118 1462 291 1493 Ruhnkenii
316 1461 447 1493 Dictata
481 1461 514 1492 in
545 1462 681 1493 Terent.
716 1460 818 1492 Andr.

54 1505 274 1538 Didascaliam
307 1518 338 1549 p.
361 1506 444 1549 3sq.
490 1508 600 1546 „Modi
624 1512 700 1537 sunt
734 1517 818 1537 con-

57 1557 170 1583 centus
208 1551 323 1583 musici
359 1551 430 1593 (das
465 1552 817 1594 Accompagnement)‚

53 1596 108 1638 qui
129 1596 230 1628 verba
252 1598 390 1638 (textum
409 1596 543 1633 vocant)
564 1595 816 1629 comitabantur.

56 1642 148 1673 Haec
170 1641 269 1672 allata
290 1641 389 1673 verba
410 1641 620 1684 requirebant
640 1653 701 1683 pro
715 1652 817 1683 argu—

52 1693 167 1718 mento
183 1693 215 1717 et
232 1685 361 1717 ratione
382 1686 547 1729 loquentis
562 1697 724 1728 personae
739 1697 814 1717 mo-

52 1731 112 1763 dos
133 1741 265 1771 pressos,
290 1731 308 1762 i.
324 1742 352 1762 e.
376 1731 465 1763 lenes
492 1731 628 1773 (piano),
657 1738 813 1773 tanquam

53 1776 208 1813 umbrae,
243 1782 277 1807 et
301 1778 414 1817 flebiles
439 1776 631 1819 gmestososs‘
678 1778 815 1808 Neidius.

53 1823 158 1854 Pressi
195 1821 330 1864 (lenes)
377 1828 590 1864 opponuntur
623 1823 726 1852 citatis
760 1832 813 1862 ap.

53 1865 211 1906 Quinctil.
236 1866 298 1897 XI.
317 1867 357 1903 3,
386 1867 464 1898 lll:
500 1865 571 1897 aliis
604 1865 685 1896 locis
707 1869 814 1904 citata,

50 1910 121 1943 aliis
142 1921 250 1951 pressa
271 1911 443 1942 conveniet
458 1910 698 1953 pronuntiatio.
728 1912 815 1942 Orel-

50 1959 110 1988 lius
140 1955 240 1987 vertit
272 1958 386 1995 pressis
419 1958 520 1987 modis
554 1959 586 1986 in
618 1957 813 1994 lanysamem

51 2003 145 2032 Tame
179 2000 357 2043 (Adagifflffi
395 2000 506 2041 quales
543 1999 669 2030 numeri
704 1997 812 2029 tristi-

50 2045 110 2076 bus
132 2053 166 2076 et
189 2044 332 2088 querulis
356 2044 529 2075 affectibus
551 2050 745 2086 congruunt,
766 2042 812 2073 uti

50 2090 93 2122 ad
120 2090 153 2122 h.
174 2090 195 2121 l.
225 2089 365 2121 adnotat
388 2091 591 2128 Bouhierius,
626 2088 679 2131 qui
704 2099 811 2130 comp.

50 2135 92 2168 N.
119 2136 156 2166 D.
183 2136 223 2167 ΙΙ.
247 2134 310 2166 59:
346 2144 444 2165 sonos
465 2134 555 2165 vocis
579 2133 753 2164 distinctos
778 2139 811 2163 et

49 2191 191 2222 pressos,
211 2181 263 2211 des
285 2189 355 2211 sons
375 2181 514 2212 distincts
532 2183 559 2210 et
580 2181 739 2210 lentement
759 2188 811 2209 ar-

51 2226 165 2257 ticule's.
202 2224 243 2255 de
267 2225 357 2255 Orat.
386 2225 441 2255 ΙΙΙ.
469 2225 518 2261 12,
542 2221 606 2255 45:
644 2234 754 2265 presse
778 2229 812 2253 et

51 2269 266 2312 aequabiliter
289 2275 322 2300 et
346 2268 464 2300 leniter
494 2267 605 2311 loqui,
643 2275 678 2299 ut
701 2267 764 2299 Off.
789 2269 814 2300 Ι.

52 2314 118 2352 37,
145 2314 216 2346 133.
264 2313 318 2344 Sic
347 2324 452 2353 presso
474 2315 570 2353 pede,
604 2315 709 2353 9radu.
731 2315 813 2344 ince-

51 2359 122 2389 dere
159 2358 254 2400 (Liv.
280 2358 342 2395 28,
368 2355 418 2389 14.
461 2360 523 2388 Ov.
555 2358 638 2388 Met.
659 2357 700 2394 3,
723 2357 812 2399 17.),

53 2404 211 2434 lentement
245 2405 271 2433 et
293 2404 514 2441 patiemment,
546 2401 663 2433 Vellei.
688 2403 812 2433 Patere.

52 2448 93 2485 ΙΙ,
120 2446 200 2479 129:
228 2457 354 2478 caussas
375 2448 509 2485 pressius
533 2445 564 2486 (i.
576 2456 604 2475 e.
621 2445 810 2488 patientius)

52 2491 155 2525 audit.

119 2540 189 2569 totis
207 2538 345 2578 theatris]
374 2539 537 2568 Theatrum
555 2534 717 2577 significat
735 2547 814 2577 spe-

54 2587 208 2614 ctatores.
245 2582 299 2613 Sic
317 2581 358 2612 de
375 2583 465 2612 Orat.
484 2582 538 2613 ΙΙΙ.
554 2581 607 2618 50,
625 2579 702 2612 195:
729 2582 813 2612 thea-

53 2631 102 2658 tra
133 2633 206 2658 tota
243 2626 434 2658 reclamant.
484 2625 572 2656 Infra
603 2626 644 2655 11.
669 2623 733 2662 ²26,
758 2624 813 2656 64.

56 2672 158 2703 Docte
192 2684 223 2703 v.
247 2674 357 2703 theatri
380 2670 637 2713 significationes
663 2668 814 2711 exposuit

53 2717 259 2757 Spaldinyius
279 2715 321 2747 ad
340 2716 496 2754 Quinctil.
520 2716 597 2746 lust.
617 2726 663 2747 or.
690 2715 714 2744 Ι.
733 2714 764 2751 2,
780 2712 811 2745 9.

120 2762 186 2792 Neu
205 2762 368 2802 reliquias]
394 2763 476 2792 Sunt
498 2771 608 2791 versus
630 2757 815 2790 tetrametri

55 2804 216 2837 trochaici
239 2805 440 2842 catalectici,
477 2817 495 2836 a
521 2805 679 2836 Cicerone
704 2803 815 2846 paullo

56 2855 132 2892 post
154 2853 319 2890 septenarii
341 2850 497 2893 appellati
533 2852 577 2892 (v.
603 2852 639 2881 G.
663 2851 816 2881 Herman-

55 2904 131 2926 num
163 2893 194 2925 iu
224 2894 326 2926 Elem.
359 2896 472 2927 Doctr.
496 2901 592 2926 metr.
630 2906 660 2937 p.
683 2891 727 2925 &6
739 2893 814 2936 δᾳ),

56 2938 182 2970 ratione
214 2938 325 2972 habita
361 2940 484 2972 numeri
516 2938 717 2982 singulorum
751 2949 814 2980 pe-

856 1147 950 1180 dum:
977 1161 1058 1192 quos
1082 1161 1212 1187 versus,
1238 1149 1327 1191 prius
1349 1149 1520 1191 insigniter
1539 1160 1616 1180 cor-

854 1199 969 1235 ruptos
991 1200 1024 1224 et
1046 1193 1253 1224 deformatos
1276 1195 1320 1235 (v.
1342 1194 1381 1225 V.
1401 1195 1484 1233 Ser.)
1498 1219 1505 1232 ‚
1531 1193 1615 1225 miro

854 1236 978 1279 ingenii
999 1237 1148 1269 acumine
1172 1237 1214 1268 ad
1240 1249 1393 1269 numeros
1418 1250 1494 1269 suos
1515 1238 1612 1269 rede-

853 1281 902 1323 git
925 1284 1090 1314 Bentleius.
1136 1282 1317 1324 Sagacioris
1344 1282 1463 1314 indolis
1497 1282 1615 1314 adole-

852 1333 982 1358 scentes
1004 1327 1170 1369 vulgatam
1190 1327 1386 1369 scripturam
1419 1339 1491 1359 cum
1515 1339 1613 1370 egre-

852 1371 906 1413 gia
937 1383 976 1403 ac
1007 1371 1104 1414 plane
1131 1371 1270 1414 palmari
1301 1374 1429 1404 Bentleii
1453 1372 1612 1404 emenda-

853 1415 946 1447 tione
986 1416 1104 1448 iterum
1135 1416 1319 1460 iterumque
1354 1423 1548 1460 comparent
1580 1423 1613 1447 et

854 1461 1039 1503 exemplum
1060 1461 1137 1493 inde
1160 1468 1310 1500 sumant,
1335 1473 1398 1504 qua
1420 1461 1472 1493 via
1497 1462 1612 1504 ingre—-

853 1505 1010 1537 diendum
1030 1505 1073 1537 sit
1093 1506 1126 1538 in
1150 1513 1298 1538 veterum
1318 1506 1514 1550 scriptorum
1530 1506 1610 1538 locis

854 1551 1016 1593 corruptis
1037 1551 1079 1582 ad
1099 1551 1275 1583 sanitatem
1294 1551 1515 1584 restituendis.
1544 1553 1608 1583 Ce-

852 1602 958 1628 terum
980 1606 1066 1628 meas
1085 1596 1348 1640 monosyllabum
1371 1603 1430 1629 est.

896 1641 983 1685 siris]
1010 1642 1052 1672 H.
1068 1653 1096 1673 e.
1118 1642 1244 1673 siveris.
1279 1644 1388 1674 Dauis.
1408 1642 1496 1674 laud.
1518 1643 1542 1674 l.
1557 1642 1609 1673 Fr.

853 1687 1000 1718 Gronov.
1022 1687 1065 1718 ad
1088 1686 1160 1718 Liv.
1186 1688 1211 1725 Ι,
1231 1686 1285 1719 32.
1322 1688 1461 1730 Semper
1482 1693 1612 1718 veteres

847 1731 1026 1774 scriptores
1050 1732 1112 1763 hac
1136 1737 1306 1763 contracta
1329 1731 1473 1773 perfecti
1506 1732 1613 1763 forma

850 1776 897 1807 usi
922 1775 1094 1809 videntum
1130 1776 1211 1807 item
1245 1787 1376 1818 semper
1398 1779 1484 1816 sisti,
1517 1779 1610 1815 sistis,

848 1824 976 1860 sissem,
1000 1823 1124 1860 desisti,
1147 1823 1286 1861 desistis,
1311 1823 1475 1859 desissem,
1497 1823 1610 1852 desisse

850 1866 975 1896 dictum
1012 1865 1151 1896 videtur.
1208 1867 1247 1896 V.
1273 1868 1330 1896 Ed.
1362 1867 1550 1896 Wunderum
1576 1864 1610 1895 in

849 1912 934 1941 Jhrb.
966 1911 1018 1949 fur
1046 1911 1126 1941 Phil.
1158 1920 1188 1940 u.
1217 1911 1358 1949 Paedaq.
1389 1920 1418 1941 v.
1446 1911 1537 1941 Jahn.
1570 1911 1609 1951 11.

848 1955 956 1993 Jahry.
983 1956 1020 1986 ΙΙ.
1045 1956 1083 1985 H.
1112 1954 1206 1987 1337.
1231 1965 1262 1996 p.
1282 1953 1352 1986 141.
1379 1960 1412 1985 et
1441 1953 1483 1984 ad
1509 1954 1609 1985 Plan—-

849 1998 930 2029 cian.
958 1998 1011 2036 35,
1035 1998 1087 2031 δῖ.
1114 2010 1145 2039 p.
1164 1998 1287 2041 21fflsq.
1338 1998 1390 2030 Cf.
1414 2010 1473 2037 uos
1492 1998 1525 2029 in
1548 1999 1605 2030 Gr.

847 2044 885 2076 L.
915 2045 942 2086 ξ.
963 2044 1024 2081 52,
1055 2044 1080 2074 l.
1105 2043 1152 2082 b).

916 2089 943 2130 ξ.
972 2088 1042 2121 107.
1091 2090 1157 2119 Non
1182 2091 1340 2129 intelligo,
1376 2091 1452 2129 quid
1475 2090 1605 2129 metuat}

848 2134 939 2171 Quae
961 2133 1166 2175 parenthesis
1189 2133 1290 2175 signis
1314 2141 1346 2165 et
1366 2134 1420 2165 hic
1443 2140 1475 2165 et
1496 2133 1607 2176 paullo

846 2184 923 2208 ante
943 2177 1068 2209 inclusa
1089 2185 1165 2209 sunt
1187 2179 1307 2217 verba,
1332 2179 1432 2210 salsas
1456 2178 1605 2220 comple-

849 2229 981 2254 ctuntur
994 2222 1305 2261 animadversiones,
1324 2224 1440 2265 quibus
1461 2235 1508 2256 ea,
1525 2234 1607 2264 quae

849 2279 866 2299 e
885 2271 985 2310 poeta
1010 2274 1256 2309 expromuntur,
1275 2267 1467 2309 perstrinxit
1482 2267 1606 2297 Cicero.

914 2313 1123 2355 poeniuntur]
1163 2312 1217 2343 Sic
1251 2312 1365 2343 Cicero
1399 2312 1470 2354 plus
1505 2310 1605 2341 semel

846 2360 977 2398 poeniri,
999 2360 1105 2397 puniri
1129 2356 1420 2399 deponentialiter‚
1447 2363 1482 2386 ut
1503 2355 1605 2393 aiunt,

848 2402 950 2439 dixit,
988 2408 1022 2432 ut
1046 2401 1123 2432 Mil.v
1144 2402 1200 2436 13,
1222 2400 1284 2432 33:
1326 2400 1413 2431 cuius
1436 2407 1471 2431 tu
1494 2400 1606 2431 inimi-

848 2446 1011 2478 cissimum
1041 2464 1077 2469 —
1100 2448 1228 2485 punitus
1248 2455 1299 2476 es:
1325 2445 1379 2477 ubi
1402 2458 1433 2477 v.
1447 2447 1606 2477 Matthiae.

847 2491 929 2522 Phil.
964 2493 1004 2526 ti,
1027 2490 1066 2521 ⁴2:
1113 2497 1145 2520 ut
1180 2492 1340 2529 puniretur
1378 2502 1503 2522 necem.
1554 2490 1606 2521 Cf.

850 2537 1030 2567 Ramshorn.
1054 2535 1126 2565 Lat.
1151 2535 1295 2565 Gramm.
1321 2537 1347 2572 xi.
1370 2533 1422 2569 74.
1469 2537 1606 2567 Kiihner.

850 2581 886 2611 L.
911 2580 968 2610 Gr.
1001 2588 1027 2617 xx.
1047 2578 1101 2611 (32.
1134 2579 1214 2610 Not.
1264 2580 1421 2618 Quinctil.
1452 2581 1529 2613 [nst.
1556 2591 1604 2611 or.

851 2624 907 2654 lX.
930 2624 961 2659 ὃ
984 2623 1085 2665 osq.:
1120 2626 1292 2664 fabricatus
1313 2629 1355 2656 est
1375 2627 1538 2665 gladium,
1572 2630 1606 2655 et

848 2670 1006 2699 inimicum
1024 2671 1153 2708 punitus
1174 2679 1226 2700 es:
1250 2669 1339 2712 quod
1361 2669 1478 2701 mirum
1501 2670 1604 2700 minus

849 2719 919 2750 est,
959 2712 1049 2755 quod·
1068 2713 1100 2744 in
1123 2720 1237 2745 natura
1260 2715 1435 2746 verborum
1458 2721 1526 2752 est,
1561 2720 1604 2751 et,

851 2769 934 2800 quae
955 2757 1111 2794 facimus,
1135 2758 1284 2801 patiendi
1309 2759 1409 2791 modo
1430 2770 1528 2801 saepe
1551 2758 1604 2788 di-

852 2814 944 2840 cere3
982 2808 1017 2833 ut
1048 2805 1201 2843 arbitror,
1236 2807 1395 2844 suspicor,·
1432 2811 1465 2835 et
1491 2808 1604 2834 contra

852 2847 1006 2886 faciendi,
1023 2859 1105 2891 quae
1124 2848 1279 2891 patimur,
1299 2855 1334 2880 ut
1349 2851 1484 2888 vapulo:
1508 2847 1605 2877 ideo-

851 2904 913 2935 que
937 2892 1090 2936 frequens
1115 2892 1313 2935 permutatio
1337 2899 1403 2925 est.
1435 2898 1469 2922 et
1492 2891 1602 2934 plera-

850 2948 913 2981 que
935 2943 1075 2981 utroque
1096 2937 1197 2969 modo
1228 2937 1428 2969 efferuntur.
1463 2938 1606 2968 luxuria-
