<?xml version="1.0" encoding="UTF-8"?>
<!DOCTYPE html PUBLIC "-//W3C//DTD XHTML 1.0 Transitional//EN"
    "http://www.w3.org/TR/xhtml1/DTD/xhtml1-transitional.dtd">
<html xmlns="http://www.w3.org/1999/xhtml" xml:lang="en" lang="en">
 <head>
  <title>
</title>
<meta http-equiv="Content-Type" content="text/html;charset=utf-8" />
  <meta name='ocr-system' content='tesseract 3.04.00' />
  <meta name='ocr-capabilities' content='ocr_page ocr_carea ocr_par ocr_line ocrx_word'/>
</head>
<body>
  <div class='ocr_page' id='page_1' title='image "./tusculanaedisput00ciceuoft_0375.png"; bbox 0 0 1832 3137; ppageno 0'>
   <div class='ocr_carea' id='block_1_1' title="bbox 648 113 1616 163">
    <p class='ocr_par' dir='ltr' id='par_1_1' title="bbox 648 113 1616 163">
     <span class='ocr_line' id='line_1_1' title="bbox 648 113 1616 163; baseline 0.003 -9"><span class='ocrx_word' id='word_1_1' title='bbox 648 120 1020 163; x_wconf 75' lang='lat' dir='ltr'><strong>Linsniv.3,7.</strong></span> <span class='ocrx_word' id='word_1_2' title='bbox 1533 113 1616 159; x_wconf 72' lang='lat'><strong>327</strong></span> 
     </span>
    </p>
   </div>
   <div class='ocr_carea' id='block_1_2' title="bbox 51 199 1618 915">
    <p class='ocr_par' dir='ltr' id='par_1_2' title="bbox 52 199 1618 697">
     <span class='ocr_line' id='line_1_2' title="bbox 55 199 1618 257; baseline 0.001 -15"><span class='ocrx_word' id='word_1_3' title='bbox 55 215 97 243; x_wconf 89' lang='lat' dir='ltr'><strong>se</strong></span> <span class='ocrx_word' id='word_1_4' title='bbox 123 200 168 242; x_wconf 88' lang='lat' dir='ltr'><strong>ad</strong></span> <span class='ocrx_word' id='word_1_5' title='bbox 193 200 355 243; x_wconf 67' lang='lat' dir='ltr'><strong>eandem</strong></span> <span class='ocrx_word' id='word_1_6' title='bbox 381 199 623 253; x_wconf 85' lang='lat' dir='ltr'><strong>potissimum</strong></span> <span class='ocrx_word' id='word_1_7' title='bbox 650 201 889 256; x_wconf 82' lang='lat' dir='ltr'><strong>disciplinam</strong></span> <span class='ocrx_word' id='word_1_8' title='bbox 905 232 915 251; x_wconf 89' lang='lat'><strong>,</strong></span> <span class='ocrx_word' id='word_1_9' title='bbox 957 200 1041 243; x_wconf 86' lang='lat' dir='ltr'><strong>sive</strong></span> <span class='ocrx_word' id='word_1_10' title='bbox 1065 200 1166 255; x_wconf 86' lang='lat' dir='ltr'><strong>quod</strong></span> <span class='ocrx_word' id='word_1_11' title='bbox 1189 207 1275 244; x_wconf 77' lang='lat' dir='ltr'><strong>erat</strong></span> <span class='ocrx_word' id='word_1_12' title='bbox 1293 201 1453 256; x_wconf 85' lang='lat' dir='ltr'><strong>cognitu</strong></span> <span class='ocrx_word' id='word_1_13' title='bbox 1488 203 1618 257; x_wconf 80' lang='lat' dir='ltr'><strong>perfa-</strong></span> 
     </span>
     <span class='ocr_line' id='line_1_3' title="bbox 57 273 1613 328; baseline 0.001 -14"><span class='ocrx_word' id='word_1_14' title='bbox 57 275 154 325; x_wconf 83' lang='lat' dir='ltr'><strong>cilis,</strong></span> <span class='ocrx_word' id='word_1_15' title='bbox 177 274 261 314; x_wconf 90' lang='lat' dir='ltr'><strong>sive</strong></span> <span class='ocrx_word' id='word_1_16' title='bbox 280 273 378 327; x_wconf 86' lang='lat' dir='ltr'><strong>quod</strong></span> <span class='ocrx_word' id='word_1_17' title='bbox 400 273 698 314; x_wconf 79' lang='lat' dir='ltr'><strong>invitabantur4</strong></span> <span class='ocrx_word' id='word_1_18' title='bbox 719 274 913 315; x_wconf 74' lang='lat' dir='ltr'><strong>illecebris</strong></span> <span class='ocrx_word' id='word_1_19' title='bbox 936 274 1112 315; x_wconf 83' lang='lat' dir='ltr'><strong>blandis4</strong></span> <span class='ocrx_word' id='word_1_20' title='bbox 1135 274 1360 328; x_wconf 84' lang='lat' dir='ltr'><strong>voluptatis,</strong></span> <span class='ocrx_word' id='word_1_21' title='bbox 1381 275 1465 318; x_wconf 86' lang='lat' dir='ltr'><strong>sive</strong></span> <span class='ocrx_word' id='word_1_22' title='bbox 1481 276 1613 328; x_wconf 85' lang='lat' dir='ltr'><strong>etiam,</strong></span> 
     </span>
     <span class='ocr_line' id='line_1_4' title="bbox 55 346 1617 401; baseline 0.002 -14"><span class='ocrx_word' id='word_1_23' title='bbox 55 347 142 401; x_wconf 82' lang='lat' dir='ltr'><strong>quia</strong></span> <span class='ocrx_word' id='word_1_24' title='bbox 162 346 253 388; x_wconf 90' lang='lat' dir='ltr'><strong>nibil</strong></span> <span class='ocrx_word' id='word_1_25' title='bbox 275 353 360 387; x_wconf 85' lang='lat' dir='ltr'><strong>erat</strong></span> <span class='ocrx_word' id='word_1_26' title='bbox 379 347 600 401; x_wconf 83' lang='lat' dir='ltr'><strong>prolatum⁵</strong></span> <span class='ocrx_word' id='word_1_27' title='bbox 623 347 776 396; x_wconf 82' lang='lat' dir='ltr'><strong>melius,</strong></span> <span class='ocrx_word' id='word_1_28' title='bbox 808 346 915 397; x_wconf 90' lang='lat' dir='ltr'><strong>illud,</strong></span> <span class='ocrx_word' id='word_1_29' title='bbox 943 347 1041 401; x_wconf 91' lang='lat' dir='ltr'><strong>quod</strong></span> <span class='ocrx_word' id='word_1_30' title='bbox 1062 354 1164 398; x_wconf 85' lang='lat' dir='ltr'><strong>erat,</strong></span> <span class='ocrx_word' id='word_1_31' title='bbox 1192 348 1390 390; x_wconf 87' lang='lat' dir='ltr'><strong>tenebant.</strong></span> <span class='ocrx_word' id='word_1_32' title='bbox 1446 355 1486 390; x_wconf 88' lang='grc'><strong>7.</strong></span> <span class='ocrx_word' id='word_1_33' title='bbox 1518 348 1617 390; x_wconf 89' lang='lat' dir='ltr'><strong>Post</strong></span> 
     </span>
     <span class='ocr_line' id='line_1_5' title="bbox 54 419 1614 476; baseline 0.001 -15"><span class='ocrx_word' id='word_1_34' title='bbox 54 420 285 462; x_wconf 83' lang='lat' dir='ltr'><strong>Amafinium</strong></span> <span class='ocrx_word' id='word_1_35' title='bbox 309 422 326 446; x_wconf 83' lang='lat'>³</span> <span class='ocrx_word' id='word_1_36' title='bbox 355 427 483 460; x_wconf 82' lang='lat' dir='ltr'><strong>autem</strong></span> <span class='ocrx_word' id='word_1_37' title='bbox 512 420 619 461; x_wconf 89' lang='lat' dir='ltr'><strong>multi</strong></span> <span class='ocrx_word' id='word_1_38' title='bbox 646 419 819 461; x_wconf 88' lang='lat' dir='ltr'><strong>eiusdem</strong></span> <span class='ocrx_word' id='word_1_39' title='bbox 847 420 987 461; x_wconf 81' lang='lat' dir='ltr'><strong>aemuli</strong></span> <span class='ocrx_word' id='word_1_40' title='bbox 1022 420 1185 462; x_wconf 84' lang='lat' dir='ltr'><strong>rationis</strong></span> <span class='ocrx_word' id='word_1_41' title='bbox 1221 421 1339 465; x_wconf 83' lang='lat' dir='ltr'><strong>multa</strong></span> <span class='ocrx_word' id='word_1_42' title='bbox 1369 436 1482 476; x_wconf 90' lang='lat' dir='ltr'><strong>quum</strong></span> <span class='ocrx_word' id='word_1_43' title='bbox 1518 423 1614 464; x_wconf 86' lang='lat' dir='ltr'><strong>scri-</strong></span> 
     </span>
     <span class='ocr_line' id='line_1_6' title="bbox 53 491 1615 551; baseline 0.002 -17"><span class='ocrx_word' id='word_1_44' title='bbox 53 493 243 548; x_wconf 83' lang='lat' dir='ltr'><strong>psissent,</strong></span> <span class='ocrx_word' id='word_1_45' title='bbox 276 491 426 534; x_wconf 80' lang='lat' dir='ltr'><strong>Italiam</strong></span> <span class='ocrx_word' id='word_1_46' title='bbox 458 500 576 534; x_wconf 83' lang='lat' dir='ltr'><strong>totam</strong></span> <span class='ocrx_word' id='word_1_47' title='bbox 602 500 914 548; x_wconf 83' lang='lat' dir='ltr'><strong>occupaverunt:</strong></span> <span class='ocrx_word' id='word_1_48' title='bbox 955 494 1133 547; x_wconf 85' lang='lat' dir='ltr'><strong>quodque</strong></span> <span class='ocrx_word' id='word_1_49' title='bbox 1167 495 1378 538; x_wconf 79' lang='lat' dir='ltr'><strong>maximum</strong></span> <span class='ocrx_word' id='word_1_50' title='bbox 1408 510 1615 551; x_wconf 88' lang='lat' dir='ltr'><strong>argumen-</strong></span> 
     </span>
     <span class='ocr_line' id='line_1_7' title="bbox 52 566 1614 620; baseline 0.003 -14"><span class='ocrx_word' id='word_1_51' title='bbox 52 574 130 609; x_wconf 83' lang='lat' dir='ltr'><strong>tum</strong></span> <span class='ocrx_word' id='word_1_52' title='bbox 154 574 238 618; x_wconf 83' lang='lat' dir='ltr'><strong>est,</strong></span> <span class='ocrx_word' id='word_1_53' title='bbox 271 581 349 608; x_wconf 89' lang='lat' dir='ltr'><strong>non</strong></span> <span class='ocrx_word' id='word_1_54' title='bbox 384 566 458 607; x_wconf 87' lang='lat' dir='ltr'><strong>dici</strong></span> <span class='ocrx_word' id='word_1_55' title='bbox 485 567 547 607; x_wconf 86' lang='lat' dir='ltr'><strong>illa</strong></span> <span class='ocrx_word' id='word_1_56' title='bbox 571 566 787 617; x_wconf 74' lang='lat' dir='ltr'><strong>subtiliter,</strong></span> <span class='ocrx_word' id='word_1_57' title='bbox 821 566 922 620; x_wconf 90' lang='lat' dir='ltr'><strong>quod</strong></span> <span class='ocrx_word' id='word_1_58' title='bbox 950 566 971 589; x_wconf 85' lang='lat'><em>*</em></span> <span class='ocrx_word' id='word_1_59' title='bbox 993 573 1032 606; x_wconf 84' lang='lat' dir='ltr'><strong>et</strong></span> <span class='ocrx_word' id='word_1_60' title='bbox 1064 568 1175 607; x_wconf 84' lang='lat' dir='ltr'><strong>tam*</strong></span> <span class='ocrx_word' id='word_1_61' title='bbox 1192 572 1211 596; x_wconf 80' lang='lat'><strong>⁶</strong></span> <span class='ocrx_word' id='word_1_62' title='bbox 1238 569 1352 610; x_wconf 78' lang='lat' dir='ltr'><strong>facile</strong></span> <span class='ocrx_word' id='word_1_63' title='bbox 1375 569 1614 620; x_wconf 72' lang='lat' dir='ltr'><strong>ediscantur,</strong></span> 
     </span>
     <span class='ocr_line' id='line_1_8' title="bbox 53 639 1611 697; baseline 0.002 -16"><span class='ocrx_word' id='word_1_64' title='bbox 53 647 90 681; x_wconf 81' lang='lat' dir='ltr'><strong>et</strong></span> <span class='ocrx_word' id='word_1_65' title='bbox 115 640 161 681; x_wconf 85' lang='lat' dir='ltr'><strong>ab</strong></span> <span class='ocrx_word' id='word_1_66' title='bbox 185 640 350 681; x_wconf 81' lang='lat' dir='ltr'><strong>indoctis</strong></span> <span class='ocrx_word' id='word_1_67' title='bbox 378 640 612 695; x_wconf 79' lang='lat' dir='ltr'><strong>probentur,</strong></span> <span class='ocrx_word' id='word_1_68' title='bbox 646 640 683 680; x_wconf 89' lang='lat' dir='ltr'><strong>id</strong></span> <span class='ocrx_word' id='word_1_69' title='bbox 709 639 764 680; x_wconf 91' lang='lat' dir='ltr'><strong>illi</strong></span> <span class='ocrx_word' id='word_1_70' title='bbox 785 640 1069 679; x_wconf 79' lang='lat' dir='ltr'><strong>firmamentum</strong></span> <span class='ocrx_word' id='word_1_71' title='bbox 1095 653 1183 681; x_wconf 90' lang='lat' dir='ltr'><strong>esse</strong></span> <span class='ocrx_word' id='word_1_72' title='bbox 1212 641 1438 696; x_wconf 84' lang='lat' dir='ltr'><strong>discipliuae</strong></span> <span class='ocrx_word' id='word_1_73' title='bbox 1463 651 1611 697; x_wconf 84' lang='lat' dir='ltr'><strong>putant.</strong></span> 
     </span>
    </p>

    <p class='ocr_par' dir='ltr' id='par_1_3' title="bbox 51 711 1616 915">
     <span class='ocr_line' id='line_1_9' title="bbox 165 711 1611 767; baseline 0.001 -13"><span class='ocrx_word' id='word_1_74' title='bbox 165 712 238 755; x_wconf 88' lang='lat' dir='ltr'><strong>lv.</strong></span> <span class='ocrx_word' id='word_1_75' title='bbox 283 711 362 754; x_wconf 89' lang='lat' dir='ltr'><strong>Sed</strong></span> <span class='ocrx_word' id='word_1_76' title='bbox 382 714 564 754; x_wconf 82' lang='lat' dir='ltr'><strong>defendat</strong></span> <span class='ocrx_word' id='word_1_77' title='bbox 582 713 681 767; x_wconf 87' lang='lat' dir='ltr'><strong>quod</strong></span> <span class='ocrx_word' id='word_1_78' title='bbox 706 713 868 767; x_wconf 90' lang='lat' dir='ltr'><strong>quisque</strong></span> <span class='ocrx_word' id='word_1_79' title='bbox 891 713 1033 763; x_wconf 83' lang='lat' dir='ltr'><strong>sentit3</strong></span> <span class='ocrx_word' id='word_1_80' title='bbox 1067 720 1159 753; x_wconf 86' lang='lat' dir='ltr'><strong>sunt</strong></span> <span class='ocrx_word' id='word_1_81' title='bbox 1180 713 1282 753; x_wconf 90' lang='lat' dir='ltr'><strong>enim</strong></span> <span class='ocrx_word' id='word_1_82' title='bbox 1301 714 1440 756; x_wconf 83' lang='lat' dir='ltr'><strong>iudicia</strong></span> <span class='ocrx_word' id='word_1_83' title='bbox 1465 716 1611 767; x_wconf 77' lang='lat' dir='ltr'><strong>libera3</strong></span> 
     </span>
     <span class='ocr_line' id='line_1_10' title="bbox 53 785 1615 841; baseline 0.001 -14"><span class='ocrx_word' id='word_1_84' title='bbox 53 801 125 828; x_wconf 90' lang='lat' dir='ltr'><strong>uos</strong></span> <span class='ocrx_word' id='word_1_85' title='bbox 144 786 360 827; x_wconf 80' lang='lat' dir='ltr'><strong>institutum</strong></span> <span class='ocrx_word' id='word_1_86' title='bbox 387 786 628 837; x_wconf 82' lang='lat' dir='ltr'><strong>tenebimus,</strong></span> <span class='ocrx_word' id='word_1_87' title='bbox 663 786 852 840; x_wconf 85' lang='lat' dir='ltr'><strong>nullisque</strong></span> <span class='ocrx_word' id='word_1_88' title='bbox 869 788 886 813; x_wconf 83' lang='lat'>1</span> <span class='ocrx_word' id='word_1_89' title='bbox 915 786 1029 826; x_wconf 90' lang='lat' dir='ltr'><strong>unius</strong></span> <span class='ocrx_word' id='word_1_90' title='bbox 1053 785 1280 841; x_wconf 80' lang='lat' dir='ltr'><strong>disciplinae</strong></span> <span class='ocrx_word' id='word_1_91' title='bbox 1306 787 1456 841; x_wconf 82' lang='lat' dir='ltr'><strong>legibus</strong></span> <span class='ocrx_word' id='word_1_92' title='bbox 1476 789 1615 829; x_wconf 87' lang='lat' dir='ltr'><strong>adstri-</strong></span> 
     </span>
     <span class='ocr_line' id='line_1_11' title="bbox 51 859 1616 915; baseline 0.001 -15"><span class='ocrx_word' id='word_1_93' title='bbox 51 860 125 911; x_wconf 81' lang='lat' dir='ltr'><strong>cti,</strong></span> <span class='ocrx_word' id='word_1_94' title='bbox 159 859 296 914; x_wconf 91' lang='lat' dir='ltr'><strong>quibus</strong></span> <span class='ocrx_word' id='word_1_95' title='bbox 319 859 357 899; x_wconf 94' lang='lat' dir='ltr'><strong>in</strong></span> <span class='ocrx_word' id='word_1_96' title='bbox 382 859 622 914; x_wconf 84' lang='lat' dir='ltr'><strong>philosophia</strong></span> <span class='ocrx_word' id='word_1_97' title='bbox 638 859 864 900; x_wconf 84' lang='lat' dir='ltr'><strong>necessario</strong></span> <span class='ocrx_word' id='word_1_98' title='bbox 889 873 1118 914; x_wconf 85' lang='lat' dir='ltr'><strong>pareamus,</strong></span> <span class='ocrx_word' id='word_1_99' title='bbox 1152 859 1241 915; x_wconf 91' lang='lat' dir='ltr'><strong>quid</strong></span> <span class='ocrx_word' id='word_1_100' title='bbox 1263 859 1316 900; x_wconf 82' lang='lat' dir='ltr'><strong>sit</strong></span> <span class='ocrx_word' id='word_1_101' title='bbox 1334 859 1372 900; x_wconf 94' lang='lat' dir='ltr'><strong>in</strong></span> <span class='ocrx_word' id='word_1_102' title='bbox 1396 874 1547 915; x_wconf 84' lang='lat' dir='ltr'><strong>quaque</strong></span> <span class='ocrx_word' id='word_1_103' title='bbox 1572 875 1616 902; x_wconf 89' lang='lat' dir='ltr'><strong>re</strong></span> 
     </span>
    </p>
   </div>
   <div class='ocr_carea' id='block_1_3' title="bbox 52 930 1612 989">
    <p class='ocr_par' dir='ltr' id='par_1_4' title="bbox 52 930 1612 989">
     <span class='ocr_line' id='line_1_12' title="bbox 52 930 1612 989; baseline 0.001 -15"><span class='ocrx_word' id='word_1_104' title='bbox 52 934 221 975; x_wconf 83' lang='lat' dir='ltr'><strong>maxime</strong></span> <span class='ocrx_word' id='word_1_105' title='bbox 255 933 479 989; x_wconf 82' lang='lat' dir='ltr'><strong>probabile,</strong></span> <span class='ocrx_word' id='word_1_106' title='bbox 521 946 676 988; x_wconf 86' lang='lat' dir='ltr'><strong>semper</strong></span> <span class='ocrx_word' id='word_1_107' title='bbox 703 933 961 987; x_wconf 85' lang='lat' dir='ltr'><strong>requiremus.</strong></span> <span class='ocrx_word' id='word_1_108' title='bbox 1024 930 1139 986; x_wconf 80' lang='lat' dir='ltr'><strong>Quod</strong></span> <span class='ocrx_word' id='word_1_109' title='bbox 1169 947 1285 988; x_wconf 91' lang='lat' dir='ltr'><strong>quum</strong></span> <span class='ocrx_word' id='word_1_110' title='bbox 1314 947 1433 988; x_wconf 85' lang='lat' dir='ltr'><strong>saepe</strong></span> <span class='ocrx_word' id='word_1_111' title='bbox 1464 935 1612 984; x_wconf 81' lang='lat' dir='ltr'><strong>alias2,</strong></span> 
     </span>
    </p>
   </div>
   <div class='ocr_carea' id='block_1_4' title="bbox 48 1056 1615 1192">
    <p class='ocr_par' dir='ltr' id='par_1_5' title="bbox 48 1056 1615 1192">
     <span class='ocr_line' id='line_1_13' title="bbox 142 1056 1615 1101; baseline -0.001 -10"><span class='ocrx_word' id='word_1_112' title='bbox 142 1056 165 1091; x_wconf 75' lang='lat'>4</span> <span class='ocrx_word' id='word_1_113' title='bbox 189 1071 220 1091; x_wconf 93' lang='lat' dir='ltr'><strong>v.</strong></span> <span class='ocrx_word' id='word_1_114' title='bbox 242 1057 328 1090; x_wconf 76' lang='lat' dir='ltr'><strong>Adn.</strong></span> <span class='ocrx_word' id='word_1_115' title='bbox 375 1057 396 1089; x_wconf 77' lang='grc' dir='ltr'>ὃ</span> <span class='ocrx_word' id='word_1_116' title='bbox 420 1057 475 1089; x_wconf 88' lang='lat' dir='ltr'><strong>Sic</strong></span> <span class='ocrx_word' id='word_1_117' title='bbox 488 1057 527 1089; x_wconf 83' lang='lat' dir='ltr'><strong>R.</strong></span> <span class='ocrx_word' id='word_1_118' title='bbox 542 1058 576 1090; x_wconf 93' lang='lat' dir='ltr'><strong>P.</strong></span> <span class='ocrx_word' id='word_1_119' title='bbox 600 1057 685 1089; x_wconf 89' lang='lat' dir='ltr'><strong>Gud.</strong></span> <span class='ocrx_word' id='word_1_120' title='bbox 702 1057 729 1091; x_wconf 86' lang='lat'><strong>1.</strong></span> <span class='ocrx_word' id='word_1_121' title='bbox 756 1059 796 1089; x_wconf 87' lang='grc' dir='ltr'><strong>ΙΙ.</strong></span> <span class='ocrx_word' id='word_1_122' title='bbox 825 1060 907 1100; x_wconf 80' lang='lat' dir='ltr'><strong>Aug.</strong></span> <span class='ocrx_word' id='word_1_123' title='bbox 930 1057 1035 1089; x_wconf 79' lang='lat' dir='ltr'><strong>Marb.</strong></span> <span class='ocrx_word' id='word_1_124' title='bbox 1060 1057 1179 1100; x_wconf 85' lang='lat' dir='ltr'><strong>aliique</strong></span> <span class='ocrx_word' id='word_1_125' title='bbox 1198 1064 1232 1089; x_wconf 94' lang='lat' dir='ltr'><strong>et</strong></span> <span class='ocrx_word' id='word_1_126' title='bbox 1253 1057 1378 1095; x_wconf 91' lang='lat' dir='ltr'><strong>ed.D.;</strong></span> <span class='ocrx_word' id='word_1_127' title='bbox 1405 1059 1460 1089; x_wconf 89' lang='lat' dir='ltr'><strong>Or.</strong></span> <span class='ocrx_word' id='word_1_128' title='bbox 1485 1070 1512 1089; x_wconf 93' lang='lat' dir='ltr'><strong>c.</strong></span> <span class='ocrx_word' id='word_1_129' title='bbox 1528 1058 1615 1101; x_wconf 80' lang='lat' dir='ltr'><strong>vulg.</strong></span> 
     </span>
     <span class='ocr_line' id='line_1_14' title="bbox 48 1100 1615 1192; baseline 0 -57"><span class='ocrx_word' id='word_1_130' title='bbox 48 1105 328 1192; x_wconf 48' lang='lat' dir='ltr'><strong>sgfilatffmpfrfflg,</strong></span> <span class='ocrx_word' id='word_1_131' title='bbox 345 1100 367 1134; x_wconf 88' lang='grc'>6</span> <span class='ocrx_word' id='word_1_132' title='bbox 391 1115 421 1135; x_wconf 80' lang='lat' dir='ltr'><strong>v.</strong></span> <span class='ocrx_word' id='word_1_133' title='bbox 443 1102 529 1134; x_wconf 84' lang='lat' dir='ltr'><strong>Adu.</strong></span> <span class='ocrx_word' id='word_1_134' title='bbox 578 1103 632 1134; x_wconf 91' lang='lat' dir='ltr'><strong>lV.</strong></span> <span class='ocrx_word' id='word_1_135' title='bbox 671 1103 685 1134; x_wconf 92' lang='lat'>1</span> <span class='ocrx_word' id='word_1_136' title='bbox 712 1115 744 1136; x_wconf 84' lang='lat' dir='ltr'><strong>v.</strong></span> <span class='ocrx_word' id='word_1_137' title='bbox 758 1102 843 1135; x_wconf 85' lang='lat' dir='ltr'><strong>Adn.</strong></span> <span class='ocrx_word' id='word_1_138' title='bbox 889 1101 910 1134; x_wconf 79' lang='lat'>2</span> <span class='ocrx_word' id='word_1_139' title='bbox 935 1102 1048 1134; x_wconf 89' lang='lat' dir='ltr'><strong>Duisb.</strong></span> <span class='ocrx_word' id='word_1_140' title='bbox 1070 1105 1152 1134; x_wconf 86' lang='lat' dir='ltr'><strong>alias</strong></span> <span class='ocrx_word' id='word_1_141' title='bbox 1170 1112 1284 1143; x_wconf 84' lang='lat' dir='ltr'><strong>saepe‚·</strong></span> <span class='ocrx_word' id='word_1_142' title='bbox 1307 1109 1342 1134; x_wconf 87' lang='lat' dir='ltr'><strong>at</strong></span> <span class='ocrx_word' id='word_1_143' title='bbox 1366 1115 1395 1135; x_wconf 93' lang='lat' dir='ltr'><strong>v.</strong></span> <span class='ocrx_word' id='word_1_144' title='bbox 1409 1104 1615 1136; x_wconf 79' lang='lat' dir='ltr'><strong>Hand.Tur-</strong></span> 
     </span>
    </p>
   </div>
   <div class='ocr_carea' id='block_1_5' title="bbox 50 1215 817 1349">
    <p class='ocr_par' dir='ltr' id='par_1_6' title="bbox 50 1215 817 1349">
     <span class='ocr_line' id='line_1_15' title="bbox 53 1215 817 1258; baseline -0.001 -11"><span class='ocrx_word' id='word_1_145' title='bbox 53 1215 117 1247; x_wconf 85' lang='lat' dir='ltr'><strong>tius</strong></span> <span class='ocrx_word' id='word_1_146' title='bbox 150 1215 347 1258; x_wconf 86' lang='lat' dir='ltr'><strong>scripturum</strong></span> <span class='ocrx_word' id='word_1_147' title='bbox 378 1215 499 1253; x_wconf 49' lang='lat' dir='ltr'><strong>suissej</strong></span> <span class='ocrx_word' id='word_1_148' title='bbox 540 1227 615 1247; x_wconf 82' lang='lat' dir='ltr'><strong>nam</strong></span> <span class='ocrx_word' id='word_1_149' title='bbox 645 1215 678 1246; x_wconf 88' lang='lat' dir='ltr'><strong>in</strong></span> <span class='ocrx_word' id='word_1_150' title='bbox 710 1215 817 1247; x_wconf 84' lang='lat' dir='ltr'><strong>verbis</strong></span> 
     </span>
     <span class='ocr_line' id='line_1_16' title="bbox 50 1259 816 1303; baseline -0.003 -10"><span class='ocrx_word' id='word_1_151' title='bbox 50 1263 198 1293; x_wconf 80' lang='lat' dir='ltr'><strong>illecebris</strong></span> <span class='ocrx_word' id='word_1_152' title='bbox 220 1263 342 1292; x_wconf 80' lang='lat' dir='ltr'><strong>blandis</strong></span> <span class='ocrx_word' id='word_1_153' title='bbox 363 1263 532 1300; x_wconf 78' lang='lat' dir='ltr'><strong>voluptatis</strong></span> <span class='ocrx_word' id='word_1_154' title='bbox 561 1260 646 1292; x_wconf 83' lang='lat' dir='ltr'><strong>inest</strong></span> <span class='ocrx_word' id='word_1_155' title='bbox 676 1259 816 1303; x_wconf 85' lang='lat' dir='ltr'><strong>pleona-</strong></span> 
     </span>
     <span class='ocr_line' id='line_1_17' title="bbox 51 1305 816 1349; baseline -0.001 -12"><span class='ocrx_word' id='word_1_156' title='bbox 51 1318 139 1337; x_wconf 84' lang='lat' dir='ltr'><strong>smus</strong></span> <span class='ocrx_word' id='word_1_157' title='bbox 172 1306 323 1349; x_wconf 84' lang='lat' dir='ltr'><strong>quidam,</strong></span> <span class='ocrx_word' id='word_1_158' title='bbox 356 1312 391 1336; x_wconf 85' lang='lat' dir='ltr'><strong>nt</strong></span> <span class='ocrx_word' id='word_1_159' title='bbox 414 1305 447 1336; x_wconf 92' lang='lat' dir='ltr'><strong>in</strong></span> <span class='ocrx_word' id='word_1_160' title='bbox 471 1305 546 1337; x_wconf 90' lang='lat' dir='ltr'><strong>loco</strong></span> <span class='ocrx_word' id='word_1_161' title='bbox 572 1317 590 1336; x_wconf 90' lang='lat' dir='ltr'><strong>a</strong></span> <span class='ocrx_word' id='word_1_162' title='bbox 615 1307 690 1338; x_wconf 84' lang='lat' dir='ltr'><strong>Wes.</strong></span> <span class='ocrx_word' id='word_1_163' title='bbox 715 1305 816 1337; x_wconf 87' lang='lat' dir='ltr'><strong>allato</strong></span> 
     </span>
    </p>
   </div>
   <div class='ocr_carea' id='block_1_6' title="bbox 852 1212 1616 1266">
    <p class='ocr_par' dir='ltr' id='par_1_7' title="bbox 852 1212 1616 1266">
     <span class='ocr_line' id='line_1_18' title="bbox 852 1212 1616 1266; baseline 0 -19"><span class='ocrx_word' id='word_1_164' title='bbox 852 1216 907 1248; x_wconf 90' lang='lat' dir='ltr'><strong>Kl.</strong></span> <span class='ocrx_word' id='word_1_165' title='bbox 936 1215 971 1247; x_wconf 91' lang='lat' dir='ltr'><strong>in</strong></span> <span class='ocrx_word' id='word_1_166' title='bbox 994 1215 1081 1247; x_wconf 89' lang='lat' dir='ltr'><strong>Add.</strong></span> <span class='ocrx_word' id='word_1_167' title='bbox 1105 1228 1138 1259; x_wconf 88' lang='lat' dir='ltr'><strong>p.</strong></span> <span class='ocrx_word' id='word_1_168' title='bbox 1159 1212 1233 1248; x_wconf 74' lang='lat'><strong>154.</strong></span> <span class='ocrx_word' id='word_1_169' title='bbox 1258 1218 1351 1247; x_wconf 76' lang='lat' dir='ltr'><strong>etiam</strong></span> <span class='ocrx_word' id='word_1_170' title='bbox 1382 1226 1421 1246; x_wconf 85' lang='lat' dir='ltr'><strong>ex</strong></span> <span class='ocrx_word' id='word_1_171' title='bbox 1445 1221 1616 1266; x_wconf 50' lang='lat' dir='ltr'><strong>permuta-</strong></span> 
     </span>
    </p>
   </div>
   <div class='ocr_carea' id='block_1_7' title="bbox 851 1270 1615 1359">
    <p class='ocr_par' dir='ltr' id='par_1_8' title="bbox 851 1270 1615 1359">
     <span class='ocr_line' id='line_1_19' title="bbox 851 1270 1615 1315; baseline -0.001 -11"><span class='ocrx_word' id='word_1_172' title='bbox 851 1272 944 1304; x_wconf 90' lang='lat' dir='ltr'><strong>tione</strong></span> <span class='ocrx_word' id='word_1_173' title='bbox 968 1271 1120 1303; x_wconf 84' lang='lat' dir='ltr'><strong>vocabuli</strong></span> <span class='ocrx_word' id='word_1_174' title='bbox 1141 1275 1168 1303; x_wconf 79' lang='lat' dir='ltr'><strong>el</strong></span> <span class='ocrx_word' id='word_1_175' title='bbox 1198 1277 1232 1302; x_wconf 90' lang='lat' dir='ltr'><strong>et</strong></span> <span class='ocrx_word' id='word_1_176' title='bbox 1264 1270 1451 1313; x_wconf 83' lang='lat' dir='ltr'><strong>compendii</strong></span> <span class='ocrx_word' id='word_1_177' title='bbox 1474 1275 1501 1303; x_wconf 79' lang='lat' dir='ltr'><strong>et</strong></span> <span class='ocrx_word' id='word_1_178' title='bbox 1535 1271 1568 1315; x_wconf 79' lang='lat' dir='ltr'><strong>(i.</strong></span> <span class='ocrx_word' id='word_1_179' title='bbox 1587 1283 1615 1303; x_wconf 88' lang='lat' dir='ltr'><strong>e.</strong></span> 
     </span>
     <span class='ocr_line' id='line_1_20' title="bbox 851 1317 1221 1359; baseline -0.008 -9"><span class='ocrx_word' id='word_1_180' title='bbox 851 1317 956 1358; x_wconf 77' lang='lat' dir='ltr'><strong>etiam)</strong></span> <span class='ocrx_word' id='word_1_181' title='bbox 983 1324 1091 1348; x_wconf 86' lang='lat' dir='ltr'><strong>ortum</strong></span> <span class='ocrx_word' id='word_1_182' title='bbox 1114 1321 1221 1359; x_wconf 82' lang='lat' dir='ltr'><strong>putat.</strong></span> 
     </span>
    </p>
   </div>
   <div class='ocr_carea' id='block_1_8' title="bbox 50 1349 818 2473">
    <p class='ocr_par' dir='ltr' id='par_1_9' title="bbox 50 1349 818 2473">
     <span class='ocr_line' id='line_1_21' title="bbox 51 1349 816 1389; baseline 0 -8"><span class='ocrx_word' id='word_1_183' title='bbox 51 1351 93 1382; x_wconf 87' lang='lat' dir='ltr'><strong>ad</strong></span> <span class='ocrx_word' id='word_1_184' title='bbox 116 1352 206 1383; x_wconf 89' lang='lat' dir='ltr'><strong>Fam.</strong></span> <span class='ocrx_word' id='word_1_185' title='bbox 226 1351 303 1382; x_wconf 74' lang='lat' dir='ltr'><strong>XV.</strong></span> <span class='ocrx_word' id='word_1_186' title='bbox 331 1349 380 1389; x_wconf 77' lang='lat'><strong>16,</strong></span> <span class='ocrx_word' id='word_1_187' title='bbox 404 1349 443 1382; x_wconf 83' lang='lat'><strong>3:</strong></span> <span class='ocrx_word' id='word_1_188' title='bbox 470 1349 633 1381; x_wconf 85' lang='lat' dir='ltr'><strong>delenitus</strong></span> <span class='ocrx_word' id='word_1_189' title='bbox 655 1350 816 1381; x_wconf 82' lang='lat' dir='ltr'><strong>illecebris</strong></span> 
     </span>
     <span class='ocr_line' id='line_1_22' title="bbox 53 1394 815 1439; baseline -0.004 -11"><span class='ocrx_word' id='word_1_190' title='bbox 53 1395 247 1439; x_wconf 84' lang='lat' dir='ltr'><strong>voluptatis.</strong></span> <span class='ocrx_word' id='word_1_191' title='bbox 304 1398 345 1426; x_wconf 81' lang='lat' dir='ltr'><strong>At</strong></span> <span class='ocrx_word' id='word_1_192' title='bbox 380 1406 457 1426; x_wconf 86' lang='lat' dir='ltr'><strong>vero</strong></span> <span class='ocrx_word' id='word_1_193' title='bbox 491 1406 556 1426; x_wconf 92' lang='lat' dir='ltr'><strong>non</strong></span> <span class='ocrx_word' id='word_1_194' title='bbox 591 1394 696 1426; x_wconf 89' lang='lat' dir='ltr'><strong>solum</strong></span> <span class='ocrx_word' id='word_1_195' title='bbox 728 1394 815 1437; x_wconf 87' lang='lat' dir='ltr'><strong>apud</strong></span> 
     </span>
     <span class='ocr_line' id='line_1_23' title="bbox 52 1439 815 1484; baseline -0.003 -11"><span class='ocrx_word' id='word_1_196' title='bbox 52 1448 178 1484; x_wconf 87' lang='lat' dir='ltr'><strong>poetas,</strong></span> <span class='ocrx_word' id='word_1_197' title='bbox 203 1440 262 1472; x_wconf 90' lang='lat' dir='ltr'><strong>sed</strong></span> <span class='ocrx_word' id='word_1_198' title='bbox 283 1440 382 1471; x_wconf 83' lang='lat' dir='ltr'><strong>etiam</strong></span> <span class='ocrx_word' id='word_1_199' title='bbox 401 1439 488 1482; x_wconf 89' lang='lat' dir='ltr'><strong>apud</strong></span> <span class='ocrx_word' id='word_1_200' title='bbox 508 1439 636 1471; x_wconf 81' lang='lat' dir='ltr'><strong>solutae</strong></span> <span class='ocrx_word' id='word_1_201' title='bbox 658 1439 815 1471; x_wconf 88' lang='lat' dir='ltr'><strong>orationis</strong></span> 
     </span>
     <span class='ocr_line' id='line_1_24' title="bbox 50 1484 815 1530; baseline -0.003 -12"><span class='ocrx_word' id='word_1_202' title='bbox 50 1486 229 1530; x_wconf 81' lang='lat' dir='ltr'><strong>scriptores</strong></span> <span class='ocrx_word' id='word_1_203' title='bbox 254 1492 353 1529; x_wconf 88' lang='lat' dir='ltr'><strong>atque</strong></span> <span class='ocrx_word' id='word_1_204' title='bbox 372 1484 479 1528; x_wconf 90' lang='lat' dir='ltr'><strong>ipsum</strong></span> <span class='ocrx_word' id='word_1_205' title='bbox 503 1485 694 1516; x_wconf 88' lang='lat' dir='ltr'><strong>Ciceronem</strong></span> <span class='ocrx_word' id='word_1_206' title='bbox 715 1496 815 1528; x_wconf 87' lang='lat' dir='ltr'><strong>repe-</strong></span> 
     </span>
     <span class='ocr_line' id='line_1_25' title="bbox 50 1529 817 1567; baseline -0.003 -4"><span class='ocrx_word' id='word_1_207' title='bbox 50 1531 178 1563; x_wconf 85' lang='lat' dir='ltr'><strong>riuntur</strong></span> <span class='ocrx_word' id='word_1_208' title='bbox 202 1531 286 1567; x_wconf 77' lang='lat' dir='ltr'><strong>loci,</strong></span> <span class='ocrx_word' id='word_1_209' title='bbox 322 1530 375 1561; x_wconf 87' lang='lat' dir='ltr'><strong>ubi</strong></span> <span class='ocrx_word' id='word_1_210' title='bbox 398 1529 597 1562; x_wconf 83' lang='lat' dir='ltr'><strong>adiectivum</strong></span> <span class='ocrx_word' id='word_1_211' title='bbox 620 1542 638 1561; x_wconf 83' lang='lat' dir='ltr'><strong>a</strong></span> <span class='ocrx_word' id='word_1_212' title='bbox 660 1530 817 1561; x_wconf 83' lang='lat' dir='ltr'><strong>substan-</strong></span> 
     </span>
     <span class='ocr_line' id='line_1_26' title="bbox 51 1575 818 1619; baseline -0.003 -11"><span class='ocrx_word' id='word_1_213' title='bbox 51 1576 122 1609; x_wconf 80' lang='lat' dir='ltr'><strong>tivo</strong></span> <span class='ocrx_word' id='word_1_214' title='bbox 149 1582 287 1619; x_wconf 81' lang='lat' dir='ltr'><strong>regente</strong></span> <span class='ocrx_word' id='word_1_215' title='bbox 316 1575 358 1607; x_wconf 88' lang='lat' dir='ltr'><strong>ad</strong></span> <span class='ocrx_word' id='word_1_216' title='bbox 380 1575 433 1614; x_wconf 86' lang='lat' dir='ltr'><strong>id,</strong></span> <span class='ocrx_word' id='word_1_217' title='bbox 470 1575 559 1618; x_wconf 90' lang='lat' dir='ltr'><strong>quod</strong></span> <span class='ocrx_word' id='word_1_218' title='bbox 582 1575 725 1617; x_wconf 82' lang='lat' dir='ltr'><strong>regitur,</strong></span> <span class='ocrx_word' id='word_1_219' title='bbox 761 1582 818 1607; x_wconf 84' lang='lat' dir='ltr'><strong>aut</strong></span> 
     </span>
     <span class='ocr_line' id='line_1_27' title="bbox 52 1620 817 1663; baseline -0.003 -10"><span class='ocrx_word' id='word_1_220' title='bbox 52 1628 167 1653; x_wconf 81' lang='lat' dir='ltr'><strong>contra</strong></span> <span class='ocrx_word' id='word_1_221' title='bbox 187 1621 381 1653; x_wconf 81' lang='lat' dir='ltr'><strong>translatum</strong></span> <span class='ocrx_word' id='word_1_222' title='bbox 399 1620 452 1651; x_wconf 90' lang='lat' dir='ltr'><strong>sit.</strong></span> <span class='ocrx_word' id='word_1_223' title='bbox 490 1623 625 1652; x_wconf 78' lang='lat' dir='ltr'><strong>Wesenb.</strong></span> <span class='ocrx_word' id='word_1_224' title='bbox 649 1627 817 1663; x_wconf 83' lang='lat' dir='ltr'><strong>comparat</strong></span> 
     </span>
     <span class='ocr_line' id='line_1_28' title="bbox 51 1665 816 1708; baseline 0 -11"><span class='ocrx_word' id='word_1_225' title='bbox 51 1667 92 1698; x_wconf 88' lang='lat' dir='ltr'><strong>N.</strong></span> <span class='ocrx_word' id='word_1_226' title='bbox 119 1667 157 1698; x_wconf 90' lang='lat' dir='ltr'><strong>D.</strong></span> <span class='ocrx_word' id='word_1_227' title='bbox 185 1668 212 1698; x_wconf 85' lang='grc' dir='ltr'><strong><em>Π</em></strong></span> <span class='ocrx_word' id='word_1_228' title='bbox 254 1668 282 1708; x_wconf 75' lang='grc' dir='ltr'><strong>δ.</strong></span> <span class='ocrx_word' id='word_1_229' title='bbox 302 1665 362 1698; x_wconf 68' lang='lat'><strong>69:</strong></span> <span class='ocrx_word' id='word_1_230' title='bbox 390 1677 447 1708; x_wconf 73' lang='lat' dir='ltr'><strong>spe</strong></span> <span class='ocrx_word' id='word_1_231' title='bbox 467 1667 580 1697; x_wconf 78' lang='lat' dir='ltr'><strong>dubiae</strong></span> <span class='ocrx_word' id='word_1_232' title='bbox 599 1665 711 1696; x_wconf 85' lang='lat' dir='ltr'><strong>salutis</strong></span> <span class='ocrx_word' id='word_1_233' title='bbox 741 1671 816 1708; x_wconf 52' lang='lat' dir='ltr'><strong>(pro</strong></span> 
     </span>
     <span class='ocr_line' id='line_1_29' title="bbox 50 1710 816 1753; baseline 0 -11"><span class='ocrx_word' id='word_1_234' title='bbox 50 1723 109 1753; x_wconf 86' lang='lat' dir='ltr'><strong>spe</strong></span> <span class='ocrx_word' id='word_1_235' title='bbox 137 1711 234 1743; x_wconf 84' lang='lat' dir='ltr'><strong>dubia</strong></span> <span class='ocrx_word' id='word_1_236' title='bbox 256 1722 302 1750; x_wconf 89' lang='lat' dir='ltr'><strong>s.,</strong></span> <span class='ocrx_word' id='word_1_237' title='bbox 338 1710 383 1741; x_wconf 85' lang='lat' dir='ltr'><strong>uti</strong></span> <span class='ocrx_word' id='word_1_238' title='bbox 408 1711 449 1742; x_wconf 87' lang='lat' dir='ltr'><strong>ad</strong></span> <span class='ocrx_word' id='word_1_239' title='bbox 472 1713 539 1742; x_wconf 84' lang='lat' dir='ltr'><strong>Att.</strong></span> <span class='ocrx_word' id='word_1_240' title='bbox 562 1711 650 1742; x_wconf 78' lang='lat' dir='ltr'><strong>Vltl.</strong></span> <span class='ocrx_word' id='word_1_241' title='bbox 677 1710 734 1747; x_wconf 76' lang='lat'><strong>13,</strong></span> <span class='ocrx_word' id='word_1_242' title='bbox 764 1711 816 1743; x_wconf 57' lang='lat'><strong>1).</strong></span> 
     </span>
     <span class='ocr_line' id='line_1_30' title="bbox 53 1755 817 1799; baseline -0.003 -11"><span class='ocrx_word' id='word_1_243' title='bbox 53 1756 135 1788; x_wconf 87' lang='lat' dir='ltr'><strong>lbid.</strong></span> <span class='ocrx_word' id='word_1_244' title='bbox 163 1756 266 1799; x_wconf 54' lang='lat' dir='ltr'><strong>§.ficut</strong></span> <span class='ocrx_word' id='word_1_245' title='bbox 305 1755 447 1786; x_wconf 83' lang='lat' dir='ltr'><strong>fontium</strong></span> <span class='ocrx_word' id='word_1_246' title='bbox 472 1757 592 1795; x_wconf 69' lang='lat' dir='ltr'><strong>yelidas</strong></span> <span class='ocrx_word' id='word_1_247' title='bbox 624 1755 817 1797; x_wconf 68' lang='lat' dir='ltr'><strong>perennita—</strong></span> 
     </span>
     <span class='ocr_line' id='line_1_31' title="bbox 50 1800 816 1844; baseline -0.003 -11"><span class='ocrx_word' id='word_1_248' title='bbox 50 1809 100 1833; x_wconf 85' lang='lat' dir='ltr'><strong>tes</strong></span> <span class='ocrx_word' id='word_1_249' title='bbox 121 1821 164 1826; x_wconf 92' lang='lat'><strong>-—</strong></span> <span class='ocrx_word' id='word_1_250' title='bbox 185 1801 413 1844; x_wconf 75' lang='lat' dir='ltr'><strong>speluncarum</strong></span> <span class='ocrx_word' id='word_1_251' title='bbox 435 1810 590 1832; x_wconf 83' lang='lat' dir='ltr'><strong>concavus</strong></span> <span class='ocrx_word' id='word_1_252' title='bbox 614 1800 816 1831; x_wconf 78' lang='lat' dir='ltr'><strong>altitudines.</strong></span> 
     </span>
     <span class='ocr_line' id='line_1_32' title="bbox 50 1845 817 1890; baseline -0.004 -12"><span class='ocrx_word' id='word_1_253' title='bbox 50 1847 136 1890; x_wconf 86' lang='lat' dir='ltr'><strong>Nep.</strong></span> <span class='ocrx_word' id='word_1_254' title='bbox 156 1847 252 1878; x_wconf 87' lang='lat' dir='ltr'><strong>Dion.</strong></span> <span class='ocrx_word' id='word_1_255' title='bbox 280 1848 304 1884; x_wconf 82' lang='lat'><strong>1,</strong></span> <span class='ocrx_word' id='word_1_256' title='bbox 330 1847 364 1878; x_wconf 89' lang='lat' dir='ltr'><strong>l:</strong></span> <span class='ocrx_word' id='word_1_257' title='bbox 390 1850 520 1886; x_wconf 77' lang='lat' dir='ltr'><strong>utraque</strong></span> <span class='ocrx_word' id='word_1_258' title='bbox 542 1845 718 1889; x_wconf 81' lang='lat' dir='ltr'><strong>tyrannide</strong></span> <span class='ocrx_word' id='word_1_259' title='bbox 733 1845 817 1876; x_wconf 87' lang='lat' dir='ltr'><strong>Dio—</strong></span> 
     </span>
     <span class='ocr_line' id='line_1_33' title="bbox 51 1891 817 1936; baseline -0.004 -13"><span class='ocrx_word' id='word_1_260' title='bbox 51 1891 229 1936; x_wconf 86' lang='lat' dir='ltr'><strong>nysiorum.</strong></span> <span class='ocrx_word' id='word_1_261' title='bbox 278 1892 317 1923; x_wconf 71' lang='lat'><strong>¹2:</strong></span> <span class='ocrx_word' id='word_1_262' title='bbox 355 1901 534 1930; x_wconf 75' lang='lat' dir='ltr'><strong>qenerosum</strong></span> <span class='ocrx_word' id='word_1_263' title='bbox 567 1892 725 1922; x_wconf 86' lang='lat' dir='ltr'><strong>maiorum</strong></span> <span class='ocrx_word' id='word_1_264' title='bbox 762 1891 817 1921; x_wconf 79' lang='lat' dir='ltr'><strong>fa—</strong></span> 
     </span>
     <span class='ocr_line' id='line_1_34' title="bbox 50 1935 816 1977; baseline -0.004 -8"><span class='ocrx_word' id='word_1_265' title='bbox 50 1949 148 1969; x_wconf 83' lang='lat' dir='ltr'><strong>mam.</strong></span> <span class='ocrx_word' id='word_1_266' title='bbox 197 1935 236 1969; x_wconf 65' lang='lat'><strong>4:</strong></span> <span class='ocrx_word' id='word_1_267' title='bbox 263 1938 512 1969; x_wconf 76' lang='lat' dir='ltr'><strong>crudelissimum</strong></span> <span class='ocrx_word' id='word_1_268' title='bbox 534 1947 652 1966; x_wconf 82' lang='lat' dir='ltr'><strong>nomen</strong></span> <span class='ocrx_word' id='word_1_269' title='bbox 675 1935 816 1977; x_wconf 77' lang='lat' dir='ltr'><strong>tyranni.</strong></span> 
     </span>
     <span class='ocr_line' id='line_1_35' title="bbox 51 1980 818 2022; baseline -0.004 -8"><span class='ocrx_word' id='word_1_270' title='bbox 51 1983 124 2014; x_wconf 87' lang='lat' dir='ltr'><strong>Liv.</strong></span> <span class='ocrx_word' id='word_1_271' title='bbox 151 1984 187 2020; x_wconf 86' lang='lat'><strong>1,</strong></span> <span class='ocrx_word' id='word_1_272' title='bbox 214 1980 254 2013; x_wconf 79' lang='lat'><strong>9:</strong></span> <span class='ocrx_word' id='word_1_273' title='bbox 291 1984 399 2013; x_wconf 76' lang='lat' dir='ltr'><strong>violuti</strong></span> <span class='ocrx_word' id='word_1_274' title='bbox 423 1980 559 2022; x_wconf 84' lang='lat' dir='ltr'><strong>hospitii</strong></span> <span class='ocrx_word' id='word_1_275' title='bbox 582 1980 718 2018; x_wconf 81' lang='lat' dir='ltr'><strong>foedus,</strong></span> <span class='ocrx_word' id='word_1_276' title='bbox 744 1980 818 2011; x_wconf 84' lang='lat' dir='ltr'><strong>alia.</strong></span> 
     </span>
     <span class='ocr_line' id='line_1_36' title="bbox 52 2025 817 2067; baseline -0.003 -9"><span class='ocrx_word' id='word_1_277' title='bbox 52 2029 88 2058; x_wconf 89' lang='lat' dir='ltr'><strong>In</strong></span> <span class='ocrx_word' id='word_1_278' title='bbox 122 2026 282 2058; x_wconf 84' lang='lat' dir='ltr'><strong>eiusmodi</strong></span> <span class='ocrx_word' id='word_1_279' title='bbox 316 2025 396 2056; x_wconf 81' lang='lat' dir='ltr'><strong>locis</strong></span> <span class='ocrx_word' id='word_1_280' title='bbox 430 2025 668 2056; x_wconf 74' lang='lat' dir='ltr'><strong>substantivum</strong></span> <span class='ocrx_word' id='word_1_281' title='bbox 701 2036 817 2067; x_wconf 80' lang='lat' dir='ltr'><strong>regens</strong></span> 
     </span>
     <span class='ocr_line' id='line_1_37' title="bbox 52 2069 818 2114; baseline -0.004 -11"><span class='ocrx_word' id='word_1_282' title='bbox 52 2083 125 2103; x_wconf 83' lang='lat' dir='ltr'><strong>cum</strong></span> <span class='ocrx_word' id='word_1_283' title='bbox 156 2071 302 2114; x_wconf 81' lang='lat' dir='ltr'><strong>genitivo</strong></span> <span class='ocrx_word' id='word_1_284' title='bbox 326 2069 521 2101; x_wconf 81' lang='lat' dir='ltr'><strong>attributivo</strong></span> <span class='ocrx_word' id='word_1_285' title='bbox 546 2070 577 2100; x_wconf 91' lang='lat' dir='ltr'><strong>in</strong></span> <span class='ocrx_word' id='word_1_286' title='bbox 604 2081 701 2101; x_wconf 85' lang='lat' dir='ltr'><strong>unum</strong></span> <span class='ocrx_word' id='word_1_287' title='bbox 727 2069 818 2112; x_wconf 81' lang='lat' dir='ltr'><strong>quasi</strong></span> 
     </span>
     <span class='ocr_line' id='line_1_38' title="bbox 54 2114 818 2157; baseline -0.001 -9"><span class='ocrx_word' id='word_1_288' title='bbox 54 2128 173 2148; x_wconf 88' lang='lat' dir='ltr'><strong>nomen</strong></span> <span class='ocrx_word' id='word_1_289' title='bbox 198 2115 329 2153; x_wconf 81' lang='lat' dir='ltr'><strong>coaluit,</strong></span> <span class='ocrx_word' id='word_1_290' title='bbox 355 2121 390 2145; x_wconf 91' lang='lat' dir='ltr'><strong>ut</strong></span> <span class='ocrx_word' id='word_1_291' title='bbox 411 2114 619 2153; x_wconf 85' lang='lat' dir='ltr'><strong>adiectivum,</strong></span> <span class='ocrx_word' id='word_1_292' title='bbox 645 2115 734 2157; x_wconf 89' lang='lat' dir='ltr'><strong>quod</strong></span> <span class='ocrx_word' id='word_1_293' title='bbox 759 2127 818 2147; x_wconf 86' lang='lat' dir='ltr'><strong>ac-</strong></span> 
     </span>
     <span class='ocr_line' id='line_1_39' title="bbox 54 2159 817 2200; baseline -0.003 -7"><span class='ocrx_word' id='word_1_294' title='bbox 54 2161 160 2200; x_wconf 84' lang='lat' dir='ltr'><strong>cedit,</strong></span> <span class='ocrx_word' id='word_1_295' title='bbox 195 2160 296 2192; x_wconf 89' lang='lat' dir='ltr'><strong>modo</strong></span> <span class='ocrx_word' id='word_1_296' title='bbox 320 2159 361 2191; x_wconf 89' lang='lat' dir='ltr'><strong>ad</strong></span> <span class='ocrx_word' id='word_1_297' title='bbox 384 2159 464 2190; x_wconf 87' lang='lat' dir='ltr'><strong>illud</strong></span> <span class='ocrx_word' id='word_1_298' title='bbox 489 2159 589 2191; x_wconf 89' lang='lat' dir='ltr'><strong>modo</strong></span> <span class='ocrx_word' id='word_1_299' title='bbox 611 2159 652 2191; x_wconf 80' lang='lat' dir='ltr'><strong>ad</strong></span> <span class='ocrx_word' id='word_1_300' title='bbox 676 2160 765 2191; x_wconf 85' lang='lat' dir='ltr'><strong>hunc</strong></span> <span class='ocrx_word' id='word_1_301' title='bbox 783 2172 817 2191; x_wconf 87' lang='lat' dir='ltr'><strong>se</strong></span> 
     </span>
     <span class='ocr_line' id='line_1_40' title="bbox 53 2204 817 2248; baseline -0.005 -9"><span class='ocrx_word' id='word_1_302' title='bbox 53 2206 304 2238; x_wconf 78' lang='lat' dir='ltr'><strong>accommodare</strong></span> <span class='ocrx_word' id='word_1_303' title='bbox 327 2205 438 2248; x_wconf 88' lang='lat' dir='ltr'><strong>possit.</strong></span> <span class='ocrx_word' id='word_1_304' title='bbox 463 2204 559 2247; x_wconf 84' lang='lat' dir='ltr'><strong>Apud</strong></span> <span class='ocrx_word' id='word_1_305' title='bbox 574 2205 719 2236; x_wconf 84' lang='lat' dir='ltr'><strong>Graecos</strong></span> <span class='ocrx_word' id='word_1_306' title='bbox 732 2216 817 2248; x_wconf 81' lang='lat' dir='ltr'><strong>poe—</strong></span> 
     </span>
     <span class='ocr_line' id='line_1_41' title="bbox 52 2250 817 2293; baseline -0.003 -10"><span class='ocrx_word' id='word_1_307' title='bbox 52 2258 102 2284; x_wconf 84' lang='lat' dir='ltr'><strong>tas</strong></span> <span class='ocrx_word' id='word_1_308' title='bbox 124 2252 205 2283; x_wconf 80' lang='lat' dir='ltr'><strong>haee</strong></span> <span class='ocrx_word' id='word_1_309' title='bbox 227 2258 389 2282; x_wconf 79' lang='lat' dir='ltr'><strong>structura</strong></span> <span class='ocrx_word' id='word_1_310' title='bbox 414 2250 514 2292; x_wconf 85' lang='lat' dir='ltr'><strong>longe</strong></span> <span class='ocrx_word' id='word_1_311' title='bbox 541 2257 590 2281; x_wconf 83' lang='lat' dir='ltr'><strong>est</strong></span> <span class='ocrx_word' id='word_1_312' title='bbox 615 2250 817 2293; x_wconf 83' lang='lat' dir='ltr'><strong>frequentis-</strong></span> 
     </span>
     <span class='ocr_line' id='line_1_42' title="bbox 52 2295 818 2337; baseline -0.003 -9"><span class='ocrx_word' id='word_1_313' title='bbox 52 2296 144 2328; x_wconf 85' lang='lat' dir='ltr'><strong>sima.</strong></span> <span class='ocrx_word' id='word_1_314' title='bbox 183 2298 223 2328; x_wconf 88' lang='lat' dir='ltr'><strong>V.</strong></span> <span class='ocrx_word' id='word_1_315' title='bbox 247 2307 306 2327; x_wconf 91' lang='lat' dir='ltr'><strong>nos</strong></span> <span class='ocrx_word' id='word_1_316' title='bbox 329 2295 360 2326; x_wconf 84' lang='lat' dir='ltr'><strong>in</strong></span> <span class='ocrx_word' id='word_1_317' title='bbox 383 2295 543 2337; x_wconf 87' lang='lat' dir='ltr'><strong>ampliore</strong></span> <span class='ocrx_word' id='word_1_318' title='bbox 567 2295 624 2327; x_wconf 90' lang='lat' dir='ltr'><strong>Gr.</strong></span> <span class='ocrx_word' id='word_1_319' title='bbox 640 2295 696 2326; x_wconf 89' lang='lat' dir='ltr'><strong>Gr.</strong></span> <span class='ocrx_word' id='word_1_320' title='bbox 721 2296 818 2328; x_wconf 82' lang='lat' dir='ltr'><strong>T.11.</strong></span> 
     </span>
     <span class='ocr_line' id='line_1_43' title="bbox 55 2338 817 2382; baseline -0.001 -10"><span class='ocrx_word' id='word_1_321' title='bbox 55 2342 84 2382; x_wconf 47' lang='grc'><strong>,5.</strong></span> <span class='ocrx_word' id='word_1_322' title='bbox 102 2339 178 2375; x_wconf 66' lang='grc'>473.</span> <span class='ocrx_word' id='word_1_323' title='bbox 202 2342 281 2372; x_wconf 84' lang='lat' dir='ltr'><strong>Not.</strong></span> <span class='ocrx_word' id='word_1_324' title='bbox 310 2347 342 2371; x_wconf 86' lang='lat' dir='ltr'><strong>et</strong></span> <span class='ocrx_word' id='word_1_325' title='bbox 366 2341 394 2382; x_wconf 64' lang='grc' dir='ltr'><strong>ςῖ.</strong></span> <span class='ocrx_word' id='word_1_326' title='bbox 413 2338 491 2378; x_wconf 71' lang='lat'><strong>477,</strong></span> <span class='ocrx_word' id='word_1_327' title='bbox 516 2340 547 2372; x_wconf 85' lang='lat'><strong>3.</strong></span> <span class='ocrx_word' id='word_1_328' title='bbox 595 2341 687 2378; x_wconf 84' lang='lat' dir='ltr'><strong>Quae</strong></span> <span class='ocrx_word' id='word_1_329' title='bbox 719 2352 817 2382; x_wconf 92' lang='lat' dir='ltr'><strong>quum</strong></span> 
     </span>
     <span class='ocr_line' id='line_1_44' title="bbox 53 2384 818 2427; baseline -0.003 -10"><span class='ocrx_word' id='word_1_330' title='bbox 53 2387 98 2417; x_wconf 83' lang='lat' dir='ltr'><strong>ita</strong></span> <span class='ocrx_word' id='word_1_331' title='bbox 119 2385 202 2423; x_wconf 87' lang='lat' dir='ltr'><strong>sint,</strong></span> <span class='ocrx_word' id='word_1_332' title='bbox 233 2385 432 2427; x_wconf 83' lang='lat' dir='ltr'><strong>optimorum</strong></span> <span class='ocrx_word' id='word_1_333' title='bbox 457 2384 608 2416; x_wconf 88' lang='lat' dir='ltr'><strong>codicum</strong></span> <span class='ocrx_word' id='word_1_334' title='bbox 633 2385 818 2416; x_wconf 82' lang='lat' dir='ltr'><strong>auctorita-</strong></span> 
     </span>
     <span class='ocr_line' id='line_1_45' title="bbox 54 2428 457 2473; baseline -0.002 -12"><span class='ocrx_word' id='word_1_335' title='bbox 54 2437 119 2462; x_wconf 83' lang='lat' dir='ltr'><strong>tem</strong></span> <span class='ocrx_word' id='word_1_336' title='bbox 144 2430 345 2473; x_wconf 83' lang='lat' dir='ltr'><strong>sequendam</strong></span> <span class='ocrx_word' id='word_1_337' title='bbox 369 2428 457 2460; x_wconf 83' lang='lat' dir='ltr'><strong>duxi.</strong></span> 
     </span>
    </p>
   </div>
   <div class='ocr_carea' id='block_1_9' title="bbox 55 2483 824 3022">
    <p class='ocr_par' dir='ltr' id='par_1_10' title="bbox 55 2483 824 3022">
     <span class='ocr_line' id='line_1_46' title="bbox 91 2483 817 2527; baseline -0.003 -9"><span class='ocrx_word' id='word_1_338' title='bbox 91 2487 120 2527; x_wconf 55' lang='grc' dir='ltr'><strong>ᾇ.</strong></span> <span class='ocrx_word' id='word_1_339' title='bbox 132 2484 164 2518; x_wconf 87' lang='lat'><strong>7.</strong></span> <span class='ocrx_word' id='word_1_340' title='bbox 179 2490 204 2517; x_wconf 78' lang='lat' dir='ltr'><strong>el</strong></span> <span class='ocrx_word' id='word_1_341' title='bbox 217 2490 279 2517; x_wconf 76' lang='lat' dir='ltr'><strong>lam</strong></span> <span class='ocrx_word' id='word_1_342' title='bbox 294 2486 400 2525; x_wconf 71' lang='lat' dir='ltr'><strong>facile]</strong></span> <span class='ocrx_word' id='word_1_343' title='bbox 419 2484 538 2526; x_wconf 80' lang='lat' dir='ltr'><strong>Recepi</strong></span> <span class='ocrx_word' id='word_1_344' title='bbox 552 2495 637 2515; x_wconf 87' lang='lat' dir='ltr'><strong>nunc</strong></span> <span class='ocrx_word' id='word_1_345' title='bbox 652 2484 695 2526; x_wconf 71' lang='lat' dir='ltr'><strong>(in</strong></span> <span class='ocrx_word' id='word_1_346' title='bbox 711 2485 763 2516; x_wconf 86' lang='lat' dir='ltr'><strong>ed.</strong></span> <span class='ocrx_word' id='word_1_347' title='bbox 775 2483 817 2516; x_wconf 56' lang='lat' dir='ltr'><strong>lt)</strong></span> 
     </span>
     <span class='ocr_line' id='line_1_47' title="bbox 55 2529 819 2571; baseline -0.004 -8"><span class='ocrx_word' id='word_1_348' title='bbox 55 2532 140 2562; x_wconf 84' lang='lat' dir='ltr'><strong>hanc</strong></span> <span class='ocrx_word' id='word_1_349' title='bbox 160 2533 280 2563; x_wconf 80' lang='lat' dir='ltr'><strong>Davisii</strong></span> <span class='ocrx_word' id='word_1_350' title='bbox 300 2529 578 2566; x_wconf 64' lang='lat' dir='ltr'><strong>emendationem,</strong></span> <span class='ocrx_word' id='word_1_351' title='bbox 604 2541 699 2571; x_wconf 88' lang='lat' dir='ltr'><strong>quam</strong></span> <span class='ocrx_word' id='word_1_352' title='bbox 722 2530 819 2560; x_wconf 81' lang='lat' dir='ltr'><strong>etiam</strong></span> 
     </span>
     <span class='ocr_line' id='line_1_48' title="bbox 57 2573 820 2616; baseline -0.004 -8"><span class='ocrx_word' id='word_1_353' title='bbox 57 2578 243 2615; x_wconf 60' lang='lat' dir='ltr'><strong>Wesenberg.</strong></span> <span class='ocrx_word' id='word_1_354' title='bbox 269 2576 337 2606; x_wconf 87' lang='lat' dir='ltr'><strong>Em.</strong></span> <span class='ocrx_word' id='word_1_355' title='bbox 355 2576 410 2605; x_wconf 80' lang='grc' dir='ltr'><strong>ΠΙ.</strong></span> <span class='ocrx_word' id='word_1_356' title='bbox 433 2586 463 2616; x_wconf 92' lang='lat' dir='ltr'><strong>p.</strong></span> <span class='ocrx_word' id='word_1_357' title='bbox 477 2576 508 2605; x_wconf 59' lang='grc' dir='ltr'><strong>ζ’.</strong></span> <span class='ocrx_word' id='word_1_358' title='bbox 529 2573 744 2605; x_wconf 80' lang='lat' dir='ltr'><strong>rectissimam</strong></span> <span class='ocrx_word' id='word_1_359' title='bbox 767 2574 820 2605; x_wconf 89' lang='lat' dir='ltr'><strong>di—</strong></span> 
     </span>
     <span class='ocr_line' id='line_1_49' title="bbox 57 2618 821 2661; baseline -0.003 -10"><span class='ocrx_word' id='word_1_360' title='bbox 57 2621 123 2652; x_wconf 79' lang='lat' dir='ltr'><strong>xit:</strong></span> <span class='ocrx_word' id='word_1_361' title='bbox 159 2620 199 2651; x_wconf 84' lang='lat' dir='ltr'><strong>ad</strong></span> <span class='ocrx_word' id='word_1_362' title='bbox 226 2625 289 2651; x_wconf 74' lang='lat' dir='ltr'><strong>{uni</strong></span> <span class='ocrx_word' id='word_1_363' title='bbox 315 2622 406 2660; x_wconf 74' lang='lat' dir='ltr'><strong>facile</strong></span> <span class='ocrx_word' id='word_1_364' title='bbox 431 2621 523 2650; x_wconf 84' lang='lat' dir='ltr'><strong>edisc.</strong></span> <span class='ocrx_word' id='word_1_365' title='bbox 553 2618 688 2661; x_wconf 86' lang='lat' dir='ltr'><strong>supple:</strong></span> <span class='ocrx_word' id='word_1_366' title='bbox 726 2630 821 2661; x_wconf 86' lang='lat' dir='ltr'><strong>quam</strong></span> 
     </span>
     <span class='ocr_line' id='line_1_50' title="bbox 56 2664 818 2706; baseline -0.003 -9"><span class='ocrx_word' id='word_1_367' title='bbox 56 2666 153 2697; x_wconf 67' lang='lat' dir='ltr'><strong>facile</strong></span> <span class='ocrx_word' id='word_1_368' title='bbox 175 2665 230 2696; x_wconf 82' lang='lat' dir='ltr'><strong>illa</strong></span> <span class='ocrx_word' id='word_1_369' title='bbox 253 2665 353 2696; x_wconf 78' lang='lat' dir='ltr'><strong>edisci</strong></span> <span class='ocrx_word' id='word_1_370' title='bbox 377 2664 456 2695; x_wconf 80' lang='lat' dir='ltr'><strong>satis</strong></span> <span class='ocrx_word' id='word_1_371' title='bbox 480 2670 620 2701; x_wconf 81' lang='lat' dir='ltr'><strong>constat,</strong></span> <span class='ocrx_word' id='word_1_372' title='bbox 646 2664 667 2694; x_wconf 93' lang='lat' dir='ltr'><strong>i.</strong></span> <span class='ocrx_word' id='word_1_373' title='bbox 689 2675 716 2695; x_wconf 87' lang='lat' dir='ltr'><strong>e.</strong></span> <span class='ocrx_word' id='word_1_374' title='bbox 741 2675 818 2706; x_wconf 86' lang='lat' dir='ltr'><strong>per-</strong></span> 
     </span>
     <span class='ocr_line' id='line_1_51' title="bbox 58 2708 822 2752; baseline -0.004 -10"><span class='ocrx_word' id='word_1_375' title='bbox 58 2710 174 2747; x_wconf 80' lang='lat' dir='ltr'><strong>facile.</strong></span> <span class='ocrx_word' id='word_1_376' title='bbox 201 2710 247 2741; x_wconf 89' lang='lat' dir='ltr'><strong>uti</strong></span> <span class='ocrx_word' id='word_1_377' title='bbox 269 2711 298 2751; x_wconf 64' lang='grc' dir='ltr'><strong>(ἱ.</strong></span> <span class='ocrx_word' id='word_1_378' title='bbox 323 2710 362 2742; x_wconf 82' lang='lat'><strong>6:</strong></span> <span class='ocrx_word' id='word_1_379' title='bbox 389 2708 478 2752; x_wconf 92' lang='lat' dir='ltr'><strong>quod</strong></span> <span class='ocrx_word' id='word_1_380' title='bbox 500 2715 571 2740; x_wconf 80' lang='lat' dir='ltr'><strong>erat</strong></span> <span class='ocrx_word' id='word_1_381' title='bbox 598 2709 731 2750; x_wconf 82' lang='lat' dir='ltr'><strong>cognitu</strong></span> <span class='ocrx_word' id='word_1_382' title='bbox 752 2719 822 2748; x_wconf 80' lang='lat' dir='ltr'><strong>per-</strong></span> 
     </span>
     <span class='ocr_line' id='line_1_52' title="bbox 56 2753 819 2797; baseline -0.004 -11"><span class='ocrx_word' id='word_1_383' title='bbox 56 2757 166 2795; x_wconf 72' lang='lat' dir='ltr'><strong>facilis.</strong></span> <span class='ocrx_word' id='word_1_384' title='bbox 214 2755 251 2786; x_wconf 84' lang='lat' dir='ltr'><strong>R.</strong></span> <span class='ocrx_word' id='word_1_385' title='bbox 276 2756 309 2786; x_wconf 90' lang='lat' dir='ltr'><strong>P.</strong></span> <span class='ocrx_word' id='word_1_386' title='bbox 335 2755 422 2786; x_wconf 87' lang='lat' dir='ltr'><strong>Gud.</strong></span> <span class='ocrx_word' id='word_1_387' title='bbox 446 2756 472 2786; x_wconf 89' lang='grc'><strong>1.</strong></span> <span class='ocrx_word' id='word_1_388' title='bbox 499 2755 536 2785; x_wconf 84' lang='grc' dir='ltr'><strong>Π.</strong></span> <span class='ocrx_word' id='word_1_389' title='bbox 573 2753 715 2797; x_wconf 87' lang='lat' dir='ltr'><strong>quinque</strong></span> <span class='ocrx_word' id='word_1_390' title='bbox 740 2755 819 2784; x_wconf 81' lang='lat' dir='ltr'><strong>Oxx.</strong></span> 
     </span>
     <span class='ocr_line' id='line_1_53' title="bbox 58 2798 821 2842; baseline 0 -13"><span class='ocrx_word' id='word_1_391' title='bbox 58 2799 178 2841; x_wconf 82' lang='lat' dir='ltr'><strong>aliique</strong></span> <span class='ocrx_word' id='word_1_392' title='bbox 207 2806 240 2831; x_wconf 85' lang='lat' dir='ltr'><strong>et</strong></span> <span class='ocrx_word' id='word_1_393' title='bbox 271 2799 346 2831; x_wconf 88' lang='lat' dir='ltr'><strong>edd.</strong></span> <span class='ocrx_word' id='word_1_394' title='bbox 370 2806 454 2831; x_wconf 87' lang='lat' dir='ltr'><strong>vett.</strong></span> <span class='ocrx_word' id='word_1_395' title='bbox 488 2799 666 2842; x_wconf 83' lang='lat' dir='ltr'><strong>pleraeque</strong></span> <span class='ocrx_word' id='word_1_396' title='bbox 699 2798 821 2830; x_wconf 85' lang='lat' dir='ltr'><strong>habent</strong></span> 
     </span>
     <span class='ocr_line' id='line_1_54' title="bbox 56 2843 822 2887; baseline -0.004 -10"><span class='ocrx_word' id='word_1_397' title='bbox 56 2847 150 2877; x_wconf 82' lang='lat' dir='ltr'><strong>eliam</strong></span> <span class='ocrx_word' id='word_1_398' title='bbox 182 2856 241 2887; x_wconf 90' lang='lat' dir='ltr'><strong>pro</strong></span> <span class='ocrx_word' id='word_1_399' title='bbox 266 2849 292 2877; x_wconf 81' lang='lat' dir='ltr'><strong>el-</strong></span> <span class='ocrx_word' id='word_1_400' title='bbox 315 2849 391 2876; x_wconf 80' lang='lat' dir='ltr'><strong>lam.</strong></span> <span class='ocrx_word' id='word_1_401' title='bbox 438 2846 492 2876; x_wconf 93' lang='lat' dir='ltr'><strong>Or.</strong></span> <span class='ocrx_word' id='word_1_402' title='bbox 520 2844 605 2876; x_wconf 91' lang='lat' dir='ltr'><strong>coni.</strong></span> <span class='ocrx_word' id='word_1_403' title='bbox 631 2848 657 2876; x_wconf 77' lang='lat' dir='ltr'><strong>el</strong></span> <span class='ocrx_word' id='word_1_404' title='bbox 681 2846 745 2875; x_wconf 86' lang='lat' dir='ltr'><strong>iam</strong></span> <span class='ocrx_word' id='word_1_405' title='bbox 768 2843 822 2874; x_wconf 81' lang='lat' dir='ltr'><strong>iu-</strong></span> 
     </span>
     <span class='ocr_line' id='line_1_55' title="bbox 59 2889 822 2932; baseline -0.001 -12"><span class='ocrx_word' id='word_1_406' title='bbox 59 2895 263 2930; x_wconf 83' lang='lat' dir='ltr'><strong>terpretans:</strong></span> <span class='ocrx_word' id='word_1_407' title='bbox 289 2900 329 2920; x_wconf 81' lang='lat' dir='ltr'><strong>ex</strong></span> <span class='ocrx_word' id='word_1_408' title='bbox 347 2901 411 2932; x_wconf 86' lang='lat' dir='ltr'><strong>quo</strong></span> <span class='ocrx_word' id='word_1_409' title='bbox 434 2889 534 2921; x_wconf 86' lang='lat' dir='ltr'><strong>semel</strong></span> <span class='ocrx_word' id='word_1_410' title='bbox 557 2889 597 2921; x_wconf 84' lang='lat' dir='ltr'><strong>ab</strong></span> <span class='ocrx_word' id='word_1_411' title='bbox 612 2889 720 2922; x_wconf 81' lang='lat' dir='ltr'><strong>Amas.</strong></span> <span class='ocrx_word' id='word_1_412' title='bbox 743 2899 822 2930; x_wconf 83' lang='lat' dir='ltr'><strong>pro-</strong></span> 
     </span>
     <span class='ocr_line' id='line_1_56' title="bbox 58 2934 823 2977; baseline -0.003 -11"><span class='ocrx_word' id='word_1_413' title='bbox 58 2934 127 2966; x_wconf 84' lang='lat' dir='ltr'><strong>lata</strong></span> <span class='ocrx_word' id='word_1_414' title='bbox 160 2939 254 2965; x_wconf 87' lang='lat' dir='ltr'><strong>sunt:</strong></span> <span class='ocrx_word' id='word_1_415' title='bbox 302 2935 390 2977; x_wconf 88' lang='lat' dir='ltr'><strong>quod</strong></span> <span class='ocrx_word' id='word_1_416' title='bbox 427 2934 505 2966; x_wconf 81' lang='lat' dir='ltr'><strong>mihi</strong></span> <span class='ocrx_word' id='word_1_417' title='bbox 543 2945 607 2965; x_wconf 87' lang='lat' dir='ltr'><strong>non</strong></span> <span class='ocrx_word' id='word_1_418' title='bbox 645 2934 823 2976; x_wconf 55' lang='lat' dir='ltr'><strong>probatum</strong></span> 
     </span>
     <span class='ocr_line' id='line_1_57' title="bbox 59 2978 824 3022; baseline 0 -12"><span class='ocrx_word' id='word_1_419' title='bbox 59 2978 155 3022; x_wconf 87' lang='lat' dir='ltr'><strong>pauci</strong></span> <span class='ocrx_word' id='word_1_420' title='bbox 175 2978 354 3011; x_wconf 78' lang='lat' dir='ltr'><strong>deteriores</strong></span> <span class='ocrx_word' id='word_1_421' title='bbox 377 2979 474 3012; x_wconf 87' lang='lat' dir='ltr'><strong>codd.</strong></span> <span class='ocrx_word' id='word_1_422' title='bbox 495 2979 576 3012; x_wconf 88' lang='lat' dir='ltr'><strong>dant</strong></span> <span class='ocrx_word' id='word_1_423' title='bbox 595 2983 623 3011; x_wconf 77' lang='lat' dir='ltr'><strong>et</strong></span> <span class='ocrx_word' id='word_1_424' title='bbox 639 2990 700 3022; x_wconf 89' lang='lat' dir='ltr'><strong>pro</strong></span> <span class='ocrx_word' id='word_1_425' title='bbox 720 2981 824 3011; x_wconf 80' lang='lat' dir='ltr'><strong>elium.</strong></span> 
     </span>
    </p>
   </div>
   <div class='ocr_carea' id='block_1_10' title="bbox 851 1362 1622 3019">
    <p class='ocr_par' dir='ltr' id='par_1_11' title="bbox 851 1362 1619 2035">
     <span class='ocr_line' id='line_1_58' title="bbox 922 1362 1615 1402; baseline 0.001 -10"><span class='ocrx_word' id='word_1_426' title='bbox 922 1362 998 1394; x_wconf 65' lang='lat' dir='ltr'><strong>CAP.</strong></span> <span class='ocrx_word' id='word_1_427' title='bbox 1026 1363 1081 1394; x_wconf 88' lang='lat' dir='ltr'><strong>IV.</strong></span> <span class='ocrx_word' id='word_1_428' title='bbox 1114 1363 1261 1402; x_wconf 72' lang='lat' dir='ltr'><strong>defendat</strong></span> <span class='ocrx_word' id='word_1_429' title='bbox 1294 1362 1376 1401; x_wconf 83' lang='lat' dir='ltr'><strong>quod</strong></span> <span class='ocrx_word' id='word_1_430' title='bbox 1398 1364 1526 1401; x_wconf 83' lang='lat' dir='ltr'><strong>quisque</strong></span> <span class='ocrx_word' id='word_1_431' title='bbox 1547 1372 1615 1394; x_wconf 82' lang='lat' dir='ltr'><strong>sen-</strong></span> 
     </span>
     <span class='ocr_line' id='line_1_59' title="bbox 851 1405 1615 1450; baseline -0.003 -11"><span class='ocrx_word' id='word_1_432' title='bbox 851 1407 899 1450; x_wconf 72' lang='lat' dir='ltr'><strong>tit]</strong></span> <span class='ocrx_word' id='word_1_433' title='bbox 934 1407 1025 1438; x_wconf 83' lang='lat' dir='ltr'><strong>Haec</strong></span> <span class='ocrx_word' id='word_1_434' title='bbox 1058 1415 1107 1437; x_wconf 92' lang='lat' dir='ltr'><strong>est</strong></span> <span class='ocrx_word' id='word_1_435' title='bbox 1138 1405 1286 1447; x_wconf 83' lang='lat' dir='ltr'><strong>legitima</strong></span> <span class='ocrx_word' id='word_1_436' title='bbox 1319 1406 1492 1437; x_wconf 79' lang='lat' dir='ltr'><strong>collocatio</strong></span> <span class='ocrx_word' id='word_1_437' title='bbox 1523 1405 1615 1437; x_wconf 86' lang='lat' dir='ltr'><strong>verbi</strong></span> 
     </span>
     <span class='ocr_line' id='line_1_60' title="bbox 851 1450 1615 1493; baseline -0.004 -9"><span class='ocrx_word' id='word_1_438' title='bbox 851 1455 977 1493; x_wconf 79' lang='lat' dir='ltr'><strong>quisque</strong></span> <span class='ocrx_word' id='word_1_439' title='bbox 1001 1457 1058 1483; x_wconf 85' lang='lat' dir='ltr'><strong>aut</strong></span> <span class='ocrx_word' id='word_1_440' title='bbox 1081 1453 1150 1491; x_wconf 82' lang='lat' dir='ltr'><strong>quis</strong></span> <span class='ocrx_word' id='word_1_441' title='bbox 1173 1461 1252 1493; x_wconf 86' lang='lat' dir='ltr'><strong>pro:</strong></span> <span class='ocrx_word' id='word_1_442' title='bbox 1282 1450 1444 1481; x_wconf 85' lang='lat' dir='ltr'><strong>defendat</strong></span> <span class='ocrx_word' id='word_1_443' title='bbox 1468 1450 1615 1493; x_wconf 87' lang='lat' dir='ltr'><strong>quisque,</strong></span> 
     </span>
     <span class='ocr_line' id='line_1_61' title="bbox 852 1493 1615 1541; baseline -0.001 -13"><span class='ocrx_word' id='word_1_444' title='bbox 852 1497 941 1541; x_wconf 91' lang='lat' dir='ltr'><strong>quod</strong></span> <span class='ocrx_word' id='word_1_445' title='bbox 972 1496 1083 1528; x_wconf 86' lang='lat' dir='ltr'><strong>sentit.</strong></span> <span class='ocrx_word' id='word_1_446' title='bbox 1132 1496 1172 1526; x_wconf 92' lang='lat' dir='ltr'><strong>V.</strong></span> <span class='ocrx_word' id='word_1_447' title='bbox 1199 1506 1260 1526; x_wconf 89' lang='lat' dir='ltr'><strong>nos</strong></span> <span class='ocrx_word' id='word_1_448' title='bbox 1284 1495 1316 1526; x_wconf 90' lang='lat' dir='ltr'><strong>in</strong></span> <span class='ocrx_word' id='word_1_449' title='bbox 1343 1496 1400 1526; x_wconf 91' lang='lat' dir='ltr'><strong>Gr.</strong></span> <span class='ocrx_word' id='word_1_450' title='bbox 1426 1496 1464 1526; x_wconf 88' lang='lat' dir='ltr'><strong>L.</strong></span> <span class='ocrx_word' id='word_1_451' title='bbox 1491 1493 1615 1537; x_wconf 72' lang='lat'><strong>§.1·24,</strong></span> 
     </span>
     <span class='ocr_line' id='line_1_62' title="bbox 852 1539 1616 1580; baseline -0.005 -6"><span class='ocrx_word' id='word_1_452' title='bbox 852 1543 884 1576; x_wconf 83' lang='lat'><strong>7.</strong></span> <span class='ocrx_word' id='word_1_453' title='bbox 920 1542 964 1578; x_wconf 62' lang='lat' dir='ltr'><strong>al.</strong></span> <span class='ocrx_word' id='word_1_454' title='bbox 1024 1541 1076 1573; x_wconf 85' lang='lat' dir='ltr'><strong>Cf.</strong></span> <span class='ocrx_word' id='word_1_455' title='bbox 1111 1542 1251 1580; x_wconf 74' lang='lat' dir='ltr'><strong>Madviy.</strong></span> <span class='ocrx_word' id='word_1_456' title='bbox 1286 1540 1328 1571; x_wconf 89' lang='lat' dir='ltr'><strong>ad</strong></span> <span class='ocrx_word' id='word_1_457' title='bbox 1362 1539 1434 1572; x_wconf 82' lang='lat' dir='ltr'><strong>Fin.</strong></span> <span class='ocrx_word' id='word_1_458' title='bbox 1467 1541 1536 1579; x_wconf 80' lang='grc' dir='ltr'>ΙΙΙ,</span> <span class='ocrx_word' id='word_1_459' title='bbox 1561 1540 1616 1572; x_wconf 72' lang='grc'><strong>20.</strong></span> 
     </span>
     <span class='ocr_line' id='line_1_63' title="bbox 852 1583 1617 1631; baseline -0.003 -13"><span class='ocrx_word' id='word_1_460' title='bbox 852 1600 884 1631; x_wconf 90' lang='lat' dir='ltr'><strong>p.</strong></span> <span class='ocrx_word' id='word_1_461' title='bbox 901 1584 980 1620; x_wconf 73' lang='lat'><strong>464.</strong></span> <span class='ocrx_word' id='word_1_462' title='bbox 1029 1589 1170 1627; x_wconf 72' lang='lat' dir='ltr'><strong>Seyffert.</strong></span> <span class='ocrx_word' id='word_1_463' title='bbox 1193 1585 1235 1616; x_wconf 91' lang='lat' dir='ltr'><strong>ad</strong></span> <span class='ocrx_word' id='word_1_464' title='bbox 1256 1585 1347 1617; x_wconf 87' lang='lat' dir='ltr'><strong>Lael.</strong></span> <span class='ocrx_word' id='word_1_465' title='bbox 1368 1584 1400 1623; x_wconf 70' lang='lat'><strong>9,</strong></span> <span class='ocrx_word' id='word_1_466' title='bbox 1419 1583 1472 1616; x_wconf 79' lang='lat'><strong>29.</strong></span> <span class='ocrx_word' id='word_1_467' title='bbox 1495 1584 1617 1627; x_wconf 52' lang='lat'><strong>10:200.</strong></span> 
     </span>
     <span class='ocr_line' id='line_1_64' title="bbox 853 1629 1616 1675; baseline -0.007 -11"><span class='ocrx_word' id='word_1_468' title='bbox 853 1635 957 1675; x_wconf 87' lang='lat' dir='ltr'><strong>Supra</strong></span> <span class='ocrx_word' id='word_1_469' title='bbox 982 1633 1005 1665; x_wconf 89' lang='lat' dir='ltr'><strong>I.</strong></span> <span class='ocrx_word' id='word_1_470' title='bbox 1030 1630 1061 1671; x_wconf 67' lang='lat'><strong>4,</strong></span> <span class='ocrx_word' id='word_1_471' title='bbox 1087 1632 1125 1666; x_wconf 75' lang='lat'><strong>7:</strong></span> <span class='ocrx_word' id='word_1_472' title='bbox 1151 1642 1278 1672; x_wconf 85' lang='lat' dir='ltr'><strong>ponere</strong></span> <span class='ocrx_word' id='word_1_473' title='bbox 1298 1630 1464 1667; x_wconf 89' lang='lat' dir='ltr'><strong>iubebam,</strong></span> <span class='ocrx_word' id='word_1_474' title='bbox 1490 1629 1531 1660; x_wconf 85' lang='lat' dir='ltr'><strong>de</strong></span> <span class='ocrx_word' id='word_1_475' title='bbox 1553 1640 1616 1672; x_wconf 86' lang='lat' dir='ltr'><strong>quo</strong></span> 
     </span>
     <span class='ocr_line' id='line_1_65' title="bbox 851 1675 1618 1718; baseline -0.007 -9"><span class='ocrx_word' id='word_1_476' title='bbox 851 1681 920 1718; x_wconf 85' lang='lat' dir='ltr'><strong>quis</strong></span> <span class='ocrx_word' id='word_1_477' title='bbox 955 1677 1068 1710; x_wconf 86' lang='lat' dir='ltr'><strong>audire</strong></span> <span class='ocrx_word' id='word_1_478' title='bbox 1100 1675 1201 1707; x_wconf 87' lang='lat' dir='ltr'><strong>vellet</strong></span> <span class='ocrx_word' id='word_1_479' title='bbox 1236 1687 1316 1718; x_wconf 90' lang='lat' dir='ltr'><strong>pro:</strong></span> <span class='ocrx_word' id='word_1_480' title='bbox 1361 1686 1485 1718; x_wconf 84' lang='lat' dir='ltr'><strong>ponere</strong></span> <span class='ocrx_word' id='word_1_481' title='bbox 1522 1686 1618 1717; x_wconf 86' lang='lat' dir='ltr'><strong>quem</strong></span> 
     </span>
     <span class='ocr_line' id='line_1_66' title="bbox 851 1719 1619 1765; baseline -0.004 -11"><span class='ocrx_word' id='word_1_482' title='bbox 851 1723 929 1764; x_wconf 62' lang='lat' dir='ltr'><strong>iub„</strong></span> <span class='ocrx_word' id='word_1_483' title='bbox 956 1723 997 1754; x_wconf 87' lang='lat' dir='ltr'><strong>de</strong></span> <span class='ocrx_word' id='word_1_484' title='bbox 1019 1734 1085 1765; x_wconf 90' lang='lat' dir='ltr'><strong>quo</strong></span> <span class='ocrx_word' id='word_1_485' title='bbox 1106 1720 1219 1752; x_wconf 88' lang='lat' dir='ltr'><strong>audire</strong></span> <span class='ocrx_word' id='word_1_486' title='bbox 1238 1720 1349 1753; x_wconf 85' lang='lat' dir='ltr'><strong>vellet.</strong></span> <span class='ocrx_word' id='word_1_487' title='bbox 1383 1719 1435 1751; x_wconf 90' lang='lat' dir='ltr'><strong>Cf.</strong></span> <span class='ocrx_word' id='word_1_488' title='bbox 1459 1721 1619 1760; x_wconf 65' lang='lat' dir='ltr'><strong>ll&#39;ophens.</strong></span> 
     </span>
     <span class='ocr_line' id='line_1_67' title="bbox 854 1764 1619 1808; baseline -0.005 -9"><span class='ocrx_word' id='word_1_489' title='bbox 854 1770 961 1799; x_wconf 82' lang='lat' dir='ltr'><strong>Lectt.</strong></span> <span class='ocrx_word' id='word_1_490' title='bbox 986 1767 1073 1799; x_wconf 90' lang='lat' dir='ltr'><strong>Tull.</strong></span> <span class='ocrx_word' id='word_1_491' title='bbox 1103 1768 1132 1804; x_wconf 75' lang='lat' dir='ltr'><strong>l,</strong></span> <span class='ocrx_word' id='word_1_492' title='bbox 1162 1765 1212 1797; x_wconf 82' lang='lat'><strong>16.</strong></span> <span class='ocrx_word' id='word_1_493' title='bbox 1250 1777 1282 1808; x_wconf 91' lang='lat' dir='ltr'><strong>p.</strong></span> <span class='ocrx_word' id='word_1_494' title='bbox 1310 1766 1391 1798; x_wconf 77' lang='lat'>1⁴21:</span> <span class='ocrx_word' id='word_1_495' title='bbox 1431 1764 1485 1806; x_wconf 84' lang='lat' dir='ltr'><strong>qui</strong></span> <span class='ocrx_word' id='word_1_496' title='bbox 1519 1764 1619 1795; x_wconf 83' lang='lat' dir='ltr'><strong>etiam</strong></span> 
     </span>
     <span class='ocr_line' id='line_1_68' title="bbox 852 1808 1617 1844; baseline -0.005 0"><span class='ocrx_word' id='word_1_497' title='bbox 852 1814 912 1844; x_wconf 79' lang='lat' dir='ltr'><strong>lios</strong></span> <span class='ocrx_word' id='word_1_498' title='bbox 947 1814 1092 1843; x_wconf 81' lang='lat' dir='ltr'><strong>Graecos</strong></span> <span class='ocrx_word' id='word_1_499' title='bbox 1128 1811 1220 1842; x_wconf 89' lang='lat' dir='ltr'><strong>locos</strong></span> <span class='ocrx_word' id='word_1_500' title='bbox 1253 1810 1380 1841; x_wconf 80' lang='lat' dir='ltr'><strong>attulit:</strong></span> <span class='ocrx_word' id='word_1_501' title='bbox 1422 1809 1518 1840; x_wconf 90' lang='lat' dir='ltr'><strong>Dion.</strong></span> <span class='ocrx_word' id='word_1_502' title='bbox 1542 1808 1617 1840; x_wconf 84' lang='lat' dir='ltr'><strong>Hal.</strong></span> 
     </span>
     <span class='ocr_line' id='line_1_69' title="bbox 854 1851 1618 1900; baseline -0.004 -12"><span class='ocrx_word' id='word_1_503' title='bbox 854 1858 965 1900; x_wconf 76' lang='lat' dir='ltr'><strong>Antiq.</strong></span> <span class='ocrx_word' id='word_1_504' title='bbox 989 1859 1020 1896; x_wconf 85' lang='lat' dir='ltr'><strong>l,</strong></span> <span class='ocrx_word' id='word_1_505' title='bbox 1045 1854 1108 1889; x_wconf 55' lang='lat'><strong>425:</strong></span> <span class='ocrx_word' id='word_1_506' title='bbox 1143 1854 1282 1897; x_wconf 73' lang='grc' dir='ltr'>κρινέτω</span> <span class='ocrx_word' id='word_1_507' title='bbox 1305 1851 1335 1889; x_wconf 82' lang='grc' dir='ltr'><strong>δ’</strong></span> <span class='ocrx_word' id='word_1_508' title='bbox 1357 1851 1404 1891; x_wconf 69' lang='grc' dir='ltr'><strong>ὥς</strong></span> <span class='ocrx_word' id='word_1_509' title='bbox 1429 1852 1618 1891; x_wconf 80' lang='grc' dir='ltr'>ἕκαστος</span> 
     </span>
     <span class='ocr_line' id='line_1_70' title="bbox 851 1898 1616 1943; baseline -0.009 -8"><span class='ocrx_word' id='word_1_510' title='bbox 851 1903 917 1935; x_wconf 77' lang='grc' dir='ltr'><strong>τῶν</strong></span> <span class='ocrx_word' id='word_1_511' title='bbox 949 1899 1137 1936; x_wconf 71' lang='grc' dir='ltr'>ἀκουόντων</span> <span class='ocrx_word' id='word_1_512' title='bbox 1171 1898 1333 1943; x_wconf 46' lang='grc' dir='ltr'>βούλεται.</span> <span class='ocrx_word' id='word_1_513' title='bbox 1385 1899 1513 1939; x_wconf 85' lang='lat' dir='ltr'><strong>Ioseph.</strong></span> <span class='ocrx_word' id='word_1_514' title='bbox 1539 1902 1616 1929; x_wconf 86' lang='lat' dir='ltr'><strong>Ant.</strong></span> 
     </span>
     <span class='ocr_line' id='line_1_71' title="bbox 854 1940 1616 1987; baseline -0.004 -9"><span class='ocrx_word' id='word_1_515' title='bbox 854 1949 894 1978; x_wconf 91' lang='lat' dir='ltr'><strong>ll.</strong></span> <span class='ocrx_word' id='word_1_516' title='bbox 911 1946 964 1985; x_wconf 78' lang='lat'><strong>76,</strong></span> <span class='ocrx_word' id='word_1_517' title='bbox 981 1948 1019 1978; x_wconf 70' lang='grc' dir='ltr'><strong>ὃς</strong></span> <span class='ocrx_word' id='word_1_518' title='bbox 1045 1945 1122 1987; x_wconf 71' lang='grc' dir='ltr'>περ).</span> <span class='ocrx_word' id='word_1_519' title='bbox 1143 1943 1201 1987; x_wconf 76' lang='grc' dir='ltr'><strong>μὲν</strong></span> <span class='ocrx_word' id='word_1_520' title='bbox 1222 1944 1277 1978; x_wconf 74' lang='grc' dir='ltr'><strong>οὖν</strong></span> <span class='ocrx_word' id='word_1_521' title='bbox 1296 1942 1421 1978; x_wconf 72' lang='grc' dir='ltr'>τούτων</span> <span class='ocrx_word' id='word_1_522' title='bbox 1442 1940 1490 1981; x_wconf 72' lang='grc' dir='ltr'><strong>ω“ς</strong></span> <span class='ocrx_word' id='word_1_523' title='bbox 1510 1940 1616 1976; x_wconf 80' lang='grc' dir='ltr'><strong>ἐκοί-</strong></span> 
     </span>
     <span class='ocr_line' id='line_1_72' title="bbox 855 1989 1351 2035; baseline -0.008 -10"><span class='ocrx_word' id='word_1_524' title='bbox 855 2003 903 2025; x_wconf 82' lang='grc' dir='ltr'><strong>στ</strong></span> <span class='ocrx_word' id='word_1_525' title='bbox 914 2004 940 2035; x_wconf 90' lang='grc' dir='ltr'><strong>ῳ</strong></span> <span class='ocrx_word' id='word_1_526' title='bbox 967 1994 1063 2025; x_wconf 78' lang='grc' dir='ltr'>δοκεῖ</span> <span class='ocrx_word' id='word_1_527' title='bbox 1084 1989 1351 2033; x_wconf 69' lang='grc' dir='ltr'>διαλαμβανέτω.</span> 
     </span>
    </p>

    <p class='ocr_par' dir='ltr' id='par_1_12' title="bbox 852 2033 1622 3019">
     <span class='ocr_line' id='line_1_73' title="bbox 921 2033 1617 2076; baseline -0.006 -8"><span class='ocrx_word' id='word_1_528' title='bbox 921 2039 1072 2076; x_wconf 81' lang='lat' dir='ltr'><strong>nullisque</strong></span> <span class='ocrx_word' id='word_1_529' title='bbox 1095 2037 1202 2076; x_wconf 66' lang='lat' dir='ltr'><strong>unius]</strong></span> <span class='ocrx_word' id='word_1_530' title='bbox 1241 2036 1336 2067; x_wconf 83' lang='lat' dir='ltr'><strong>Hanc</strong></span> <span class='ocrx_word' id='word_1_531' title='bbox 1370 2033 1514 2064; x_wconf 89' lang='lat' dir='ltr'><strong>omnium</strong></span> <span class='ocrx_word' id='word_1_532' title='bbox 1548 2033 1617 2064; x_wconf 86' lang='lat' dir='ltr'><strong>fere</strong></span> 
     </span>
     <span class='ocr_line' id='line_1_74' title="bbox 854 2077 1616 2124; baseline -0.008 -10"><span class='ocrx_word' id='word_1_533' title='bbox 854 2082 952 2114; x_wconf 90' lang='lat' dir='ltr'><strong>codd.</strong></span> <span class='ocrx_word' id='word_1_534' title='bbox 977 2081 1262 2124; x_wconf 64' lang='lat' dir='ltr'><strong>optimorumque,</strong></span> <span class='ocrx_word' id='word_1_535' title='bbox 1289 2086 1324 2110; x_wconf 86' lang='lat' dir='ltr'><strong>ut</strong></span> <span class='ocrx_word' id='word_1_536' title='bbox 1350 2080 1388 2110; x_wconf 77' lang='lat' dir='ltr'><strong>R.</strong></span> <span class='ocrx_word' id='word_1_537' title='bbox 1410 2079 1444 2110; x_wconf 91' lang='lat' dir='ltr'><strong>P.</strong></span> <span class='ocrx_word' id='word_1_538' title='bbox 1470 2077 1556 2109; x_wconf 85' lang='lat' dir='ltr'><strong>Gud.</strong></span> <span class='ocrx_word' id='word_1_539' title='bbox 1577 2077 1616 2116; x_wconf 83' lang='grc'><strong>1.,</strong></span> 
     </span>
     <span class='ocr_line' id='line_1_75' title="bbox 852 2125 1620 2169; baseline -0.005 -11"><span class='ocrx_word' id='word_1_540' title='bbox 852 2127 1048 2169; x_wconf 78' lang='lat' dir='ltr'><strong>scripturam</strong></span> <span class='ocrx_word' id='word_1_541' title='bbox 1079 2131 1214 2157; x_wconf 82' lang='lat' dir='ltr'><strong>anctore</strong></span> <span class='ocrx_word' id='word_1_542' title='bbox 1236 2127 1374 2157; x_wconf 73' lang='lat' dir='ltr'><strong>Nissenio</strong></span> <span class='ocrx_word' id='word_1_543' title='bbox 1404 2134 1476 2154; x_wconf 88' lang='lat' dir='ltr'><strong>curn</strong></span> <span class='ocrx_word' id='word_1_544' title='bbox 1499 2125 1620 2154; x_wconf 75' lang='lat' dir='ltr'><strong>Klotzio</strong></span> 
     </span>
     <span class='ocr_line' id='line_1_76' title="bbox 853 2168 1619 2212; baseline -0.008 -8"><span class='ocrx_word' id='word_1_545' title='bbox 853 2179 885 2203; x_wconf 88' lang='lat' dir='ltr'><strong>et</strong></span> <span class='ocrx_word' id='word_1_546' title='bbox 907 2174 1058 2212; x_wconf 63' lang='lat' dir='ltr'><strong>Tregdero</strong></span> <span class='ocrx_word' id='word_1_547' title='bbox 1081 2169 1234 2201; x_wconf 71' lang='lat' dir='ltr'><strong>revocavi</strong></span> <span class='ocrx_word' id='word_1_548' title='bbox 1258 2181 1318 2212; x_wconf 86' lang='lat' dir='ltr'><strong>pro</strong></span> <span class='ocrx_word' id='word_1_549' title='bbox 1342 2168 1479 2200; x_wconf 85' lang='lat' dir='ltr'><strong>Bentleii</strong></span> <span class='ocrx_word' id='word_1_550' title='bbox 1505 2178 1619 2199; x_wconf 90' lang='lat' dir='ltr'><strong>corre—</strong></span> 
     </span>
     <span class='ocr_line' id='line_1_77' title="bbox 854 2217 1621 2256; baseline -0.008 -7"><span class='ocrx_word' id='word_1_551' title='bbox 854 2217 965 2249; x_wconf 88' lang='lat' dir='ltr'><strong>ctione</strong></span> <span class='ocrx_word' id='word_1_552' title='bbox 986 2219 1160 2256; x_wconf 77' lang='lat' dir='ltr'><strong>nulliusque</strong></span> <span class='ocrx_word' id='word_1_553' title='bbox 1180 2218 1291 2246; x_wconf 78' lang='lat' dir='ltr'><strong>unz&#39;us:</strong></span> <span class='ocrx_word' id='word_1_554' title='bbox 1321 2225 1418 2256; x_wconf 83' lang='lat' dir='ltr'><strong>quam</strong></span> <span class='ocrx_word' id='word_1_555' title='bbox 1441 2224 1621 2256; x_wconf 87' lang='lat' dir='ltr'><strong>paucorum</strong></span> 
     </span>
     <span class='ocr_line' id='line_1_78' title="bbox 853 2258 1620 2293; baseline -0.008 0"><span class='ocrx_word' id='word_1_556' title='bbox 853 2262 1053 2293; x_wconf 87' lang='lat' dir='ltr'><strong>deteriorum</strong></span> <span class='ocrx_word' id='word_1_557' title='bbox 1092 2259 1189 2293; x_wconf 84' lang='lat' dir='ltr'><strong>codd.</strong></span> <span class='ocrx_word' id='word_1_558' title='bbox 1224 2259 1422 2291; x_wconf 77' lang='lat' dir='ltr'><strong>auctoritate</strong></span> <span class='ocrx_word' id='word_1_559' title='bbox 1459 2258 1620 2289; x_wconf 81' lang='lat' dir='ltr'><strong>firmatam</strong></span> 
     </span>
     <span class='ocr_line' id='line_1_79' title="bbox 853 2301 1619 2349; baseline -0.009 -10"><span class='ocrx_word' id='word_1_560' title='bbox 853 2307 979 2349; x_wconf 77' lang='lat' dir='ltr'><strong>recepit</strong></span> <span class='ocrx_word' id='word_1_561' title='bbox 1005 2309 1148 2339; x_wconf 86' lang='lat' dir='ltr'><strong>Orellius.</strong></span> <span class='ocrx_word' id='word_1_562' title='bbox 1195 2305 1272 2335; x_wconf 83' lang='lat' dir='ltr'><strong>Non</strong></span> <span class='ocrx_word' id='word_1_563' title='bbox 1307 2303 1393 2334; x_wconf 90' lang='lat' dir='ltr'><strong>enim</strong></span> <span class='ocrx_word' id='word_1_564' title='bbox 1423 2302 1538 2333; x_wconf 77' lang='lat' dir='ltr'><strong>Cicero</strong></span> <span class='ocrx_word' id='word_1_565' title='bbox 1572 2301 1619 2332; x_wconf 88' lang='lat' dir='ltr'><strong>si—</strong></span> 
     </span>
     <span class='ocr_line' id='line_1_80' title="bbox 853 2345 1620 2394; baseline -0.009 -10"><span class='ocrx_word' id='word_1_566' title='bbox 853 2352 1007 2394; x_wconf 80' lang='lat' dir='ltr'><strong>gnificare</strong></span> <span class='ocrx_word' id='word_1_567' title='bbox 1025 2350 1144 2388; x_wconf 86' lang='lat' dir='ltr'><strong>voluit,</strong></span> <span class='ocrx_word' id='word_1_568' title='bbox 1168 2360 1203 2379; x_wconf 88' lang='lat' dir='ltr'><strong>se</strong></span> <span class='ocrx_word' id='word_1_569' title='bbox 1220 2348 1337 2379; x_wconf 88' lang='lat' dir='ltr'><strong>nullius</strong></span> <span class='ocrx_word' id='word_1_570' title='bbox 1363 2348 1497 2378; x_wconf 87' lang='lat' dir='ltr'><strong>omnino</strong></span> <span class='ocrx_word' id='word_1_571' title='bbox 1518 2345 1620 2378; x_wconf 81' lang='lat' dir='ltr'><strong>disci-</strong></span> 
     </span>
     <span class='ocr_line' id='line_1_81' title="bbox 853 2391 1617 2439; baseline -0.008 -11"><span class='ocrx_word' id='word_1_572' title='bbox 853 2397 972 2439; x_wconf 83' lang='lat' dir='ltr'><strong>plinae,</strong></span> <span class='ocrx_word' id='word_1_573' title='bbox 995 2395 1053 2427; x_wconf 85' lang='lat' dir='ltr'><strong>sed</strong></span> <span class='ocrx_word' id='word_1_574' title='bbox 1074 2405 1135 2427; x_wconf 77' lang='lat' dir='ltr'><strong>non</strong></span> <span class='ocrx_word' id='word_1_575' title='bbox 1155 2396 1259 2432; x_wconf 75' lang='lat' dir='ltr'><strong>unius,</strong></span> <span class='ocrx_word' id='word_1_576' title='bbox 1281 2393 1313 2423; x_wconf 91' lang='lat' dir='ltr'><strong>h.</strong></span> <span class='ocrx_word' id='word_1_577' title='bbox 1330 2404 1357 2423; x_wconf 78' lang='lat' dir='ltr'><strong>e.</strong></span> <span class='ocrx_word' id='word_1_578' title='bbox 1380 2399 1488 2423; x_wconf 83' lang='lat' dir='ltr'><strong>certae</strong></span> <span class='ocrx_word' id='word_1_579' title='bbox 1511 2391 1617 2422; x_wconf 86' lang='lat' dir='ltr'><strong>cuius-</strong></span> 
     </span>
     <span class='ocr_line' id='line_1_82' title="bbox 854 2437 1619 2482; baseline -0.009 -9"><span class='ocrx_word' id='word_1_580' title='bbox 854 2442 930 2473; x_wconf 89' lang='lat' dir='ltr'><strong>dam</strong></span> <span class='ocrx_word' id='word_1_581' title='bbox 955 2440 1148 2482; x_wconf 86' lang='lat' dir='ltr'><strong>disciplinae</strong></span> <span class='ocrx_word' id='word_1_582' title='bbox 1174 2438 1300 2479; x_wconf 80' lang='lat' dir='ltr'><strong>legibus</strong></span> <span class='ocrx_word' id='word_1_583' title='bbox 1322 2437 1518 2468; x_wconf 85' lang='lat' dir='ltr'><strong>adstrictum</strong></span> <span class='ocrx_word' id='word_1_584' title='bbox 1540 2447 1619 2467; x_wconf 84' lang='lat' dir='ltr'><strong>csse.</strong></span> 
     </span>
     <span class='ocr_line' id='line_1_83' title="bbox 857 2480 1620 2525; baseline -0.008 -8"><span class='ocrx_word' id='word_1_585' title='bbox 857 2487 909 2517; x_wconf 83' lang='lat' dir='ltr'><strong>Cf.</strong></span> <span class='ocrx_word' id='word_1_586' title='bbox 933 2487 970 2516; x_wconf 82' lang='lat' dir='ltr'><strong>V.</strong></span> <span class='ocrx_word' id='word_1_587' title='bbox 994 2484 1048 2522; x_wconf 74' lang='lat'><strong>29,</strong></span> <span class='ocrx_word' id='word_1_588' title='bbox 1071 2484 1131 2515; x_wconf 51' lang='lat'><strong>&amp;22</strong></span> <span class='ocrx_word' id='word_1_589' title='bbox 1159 2482 1311 2525; x_wconf 82' lang='lat' dir='ltr'><strong>quoniam</strong></span> <span class='ocrx_word' id='word_1_590' title='bbox 1335 2488 1367 2512; x_wconf 86' lang='lat' dir='ltr'><strong>te</strong></span> <span class='ocrx_word' id='word_1_591' title='bbox 1385 2484 1472 2513; x_wconf 77' lang='lat' dir='ltr'><strong>nulla</strong></span> <span class='ocrx_word' id='word_1_592' title='bbox 1492 2480 1620 2512; x_wconf 86' lang='lat' dir='ltr'><strong>vincula</strong></span> 
     </span>
     <span class='ocr_line' id='line_1_84' title="bbox 856 2526 1621 2573; baseline -0.009 -11"><span class='ocrx_word' id='word_1_593' title='bbox 856 2530 1041 2573; x_wconf 85' lang='lat' dir='ltr'><strong>impediunt</strong></span> <span class='ocrx_word' id='word_1_594' title='bbox 1054 2531 1148 2559; x_wconf 85' lang='lat' dir='ltr'><strong>ullius</strong></span> <span class='ocrx_word' id='word_1_595' title='bbox 1161 2534 1269 2558; x_wconf 83' lang='lat' dir='ltr'><strong>certae</strong></span> <span class='ocrx_word' id='word_1_596' title='bbox 1283 2526 1486 2568; x_wconf 78' lang='lat' dir='ltr'><strong>disciplinae.</strong></span> <span class='ocrx_word' id='word_1_597' title='bbox 1519 2528 1575 2558; x_wconf 78' lang='lat' dir='ltr'><strong>Nu</strong></span> <span class='ocrx_word' id='word_1_598' title='bbox 1586 2528 1595 2556; x_wconf 95' lang='lat' dir='ltr'><strong>l</strong></span> <span class='ocrx_word' id='word_1_599' title='bbox 1608 2544 1621 2549; x_wconf 85' lang='lat'>-</span> 
     </span>
     <span class='ocr_line' id='line_1_85' title="bbox 855 2570 1621 2614; baseline -0.008 -7"><span class='ocrx_word' id='word_1_600' title='bbox 855 2579 911 2607; x_wconf 85' lang='lat' dir='ltr'><strong>lis</strong></span> <span class='ocrx_word' id='word_1_601' title='bbox 935 2577 1050 2614; x_wconf 72' lang='lat' dir='ltr'><strong>leyibus</strong></span> <span class='ocrx_word' id='word_1_602' title='bbox 1070 2575 1235 2604; x_wconf 78' lang='lat' dir='ltr'><strong>adstrictus</strong></span> <span class='ocrx_word' id='word_1_603' title='bbox 1255 2583 1324 2604; x_wconf 88' lang='lat' dir='ltr'><strong>sum</strong></span> <span class='ocrx_word' id='word_1_604' title='bbox 1345 2571 1474 2614; x_wconf 87' lang='lat' dir='ltr'><strong>gravius</strong></span> <span class='ocrx_word' id='word_1_605' title='bbox 1496 2570 1621 2601; x_wconf 89' lang='lat' dir='ltr'><strong>dictum</strong></span> 
     </span>
     <span class='ocr_line' id='line_1_86' title="bbox 857 2617 1618 2661; baseline -0.007 -10"><span class='ocrx_word' id='word_1_606' title='bbox 857 2627 907 2651; x_wconf 89' lang='lat' dir='ltr'><strong>est</strong></span> <span class='ocrx_word' id='word_1_607' title='bbox 940 2631 1022 2661; x_wconf 89' lang='lat' dir='ltr'><strong>pro:</strong></span> <span class='ocrx_word' id='word_1_608' title='bbox 1072 2617 1197 2659; x_wconf 82' lang='lat' dir='ltr'><strong>legibus</strong></span> <span class='ocrx_word' id='word_1_609' title='bbox 1233 2617 1408 2648; x_wconf 85' lang='lat' dir='ltr'><strong>adstrictus</strong></span> <span class='ocrx_word' id='word_1_610' title='bbox 1442 2626 1504 2648; x_wconf 83' lang='grc' dir='ltr'><strong>ποη</strong></span> <span class='ocrx_word' id='word_1_611' title='bbox 1536 2627 1618 2646; x_wconf 85' lang='lat' dir='ltr'><strong>sum.</strong></span> 
     </span>
     <span class='ocr_line' id='line_1_87' title="bbox 859 2663 1621 2699; baseline -0.008 -3"><span class='ocrx_word' id='word_1_612' title='bbox 859 2665 981 2696; x_wconf 85' lang='lat' dir='ltr'><strong>Contra</strong></span> <span class='ocrx_word' id='word_1_613' title='bbox 1004 2665 1109 2695; x_wconf 76' lang='lat' dir='ltr'><strong>nullus</strong></span> <span class='ocrx_word' id='word_1_614' title='bbox 1128 2673 1210 2694; x_wconf 83' lang='lat' dir='ltr'><strong>unus</strong></span> <span class='ocrx_word' id='word_1_615' title='bbox 1232 2668 1282 2693; x_wconf 86' lang='lat' dir='ltr'><strong>est</strong></span> <span class='ocrx_word' id='word_1_616' title='bbox 1305 2664 1409 2694; x_wconf 76' lang='lat' dir='ltr'><strong>nullus</strong></span> <span class='ocrx_word' id='word_1_617' title='bbox 1427 2663 1563 2699; x_wconf 81' lang='lat' dir='ltr'><strong>omuino,</strong></span> <span class='ocrx_word' id='word_1_618' title='bbox 1587 2666 1621 2691; x_wconf 86' lang='lat' dir='ltr'><strong>ut</strong></span> 
     </span>
     <span class='ocr_line' id='line_1_88' title="bbox 856 2706 1622 2747; baseline -0.008 -6"><span class='ocrx_word' id='word_1_619' title='bbox 856 2719 944 2741; x_wconf 77' lang='lat' dir='ltr'><strong>nemo</strong></span> <span class='ocrx_word' id='word_1_620' title='bbox 968 2718 1067 2747; x_wconf 63' lang='lat' dir='ltr'><strong>unm,</strong></span> <span class='ocrx_word' id='word_1_621' title='bbox 1101 2709 1177 2739; x_wconf 78' lang='lat' dir='ltr'><strong>nihil</strong></span> <span class='ocrx_word' id='word_1_622' title='bbox 1199 2718 1317 2747; x_wconf 87' lang='lat' dir='ltr'><strong>unum,</strong></span> <span class='ocrx_word' id='word_1_623' title='bbox 1349 2706 1499 2738; x_wconf 80' lang='lat' dir='ltr'><strong>similiter</strong></span> <span class='ocrx_word' id='word_1_624' title='bbox 1523 2707 1622 2744; x_wconf 79' lang='lat' dir='ltr'><strong>quivis</strong></span> 
     </span>
     <span class='ocr_line' id='line_1_89' title="bbox 857 2751 1622 2793; baseline -0.008 -8"><span class='ocrx_word' id='word_1_625' title='bbox 857 2764 954 2793; x_wconf 84' lang='lat' dir='ltr'><strong>unus,</strong></span> <span class='ocrx_word' id='word_1_626' title='bbox 977 2755 1148 2793; x_wconf 81' lang='lat' dir='ltr'><strong>quicunque</strong></span> <span class='ocrx_word' id='word_1_627' title='bbox 1171 2763 1270 2792; x_wconf 85' lang='lat' dir='ltr'><strong>unus,</strong></span> <span class='ocrx_word' id='word_1_628' title='bbox 1292 2754 1362 2792; x_wconf 80' lang='lat' dir='ltr'><strong>quis</strong></span> <span class='ocrx_word' id='word_1_629' title='bbox 1384 2762 1485 2790; x_wconf 80' lang='lat' dir='ltr'><strong>unus,</strong></span> <span class='ocrx_word' id='word_1_630' title='bbox 1508 2751 1622 2789; x_wconf 76' lang='lat' dir='ltr'><strong>aliquis</strong></span> 
     </span>
     <span class='ocr_line' id='line_1_90' title="bbox 857 2794 1618 2841; baseline -0.011 -11"><span class='ocrx_word' id='word_1_631' title='bbox 857 2810 956 2837; x_wconf 78' lang='lat' dir='ltr'><strong>uuus,</strong></span> <span class='ocrx_word' id='word_1_632' title='bbox 991 2797 1032 2829; x_wconf 88' lang='lat' dir='ltr'><strong>de</strong></span> <span class='ocrx_word' id='word_1_633' title='bbox 1057 2797 1171 2841; x_wconf 82' lang='lat' dir='ltr'><strong>quibus</strong></span> <span class='ocrx_word' id='word_1_634' title='bbox 1194 2810 1223 2829; x_wconf 82' lang='lat' dir='ltr'><strong>v.</strong></span> <span class='ocrx_word' id='word_1_635' title='bbox 1247 2801 1393 2829; x_wconf 79' lang='lat' dir='ltr'><strong>Goerenz.</strong></span> <span class='ocrx_word' id='word_1_636' title='bbox 1418 2795 1460 2827; x_wconf 86' lang='lat' dir='ltr'><strong>ad</strong></span> <span class='ocrx_word' id='word_1_637' title='bbox 1484 2794 1553 2824; x_wconf 76' lang='lat' dir='ltr'><strong>Fin.</strong></span> <span class='ocrx_word' id='word_1_638' title='bbox 1575 2794 1618 2840; x_wconf 62' lang='grc' dir='ltr'><strong>Υ.</strong></span> 
     </span>
     <span class='ocr_line' id='line_1_91' title="bbox 859 2836 1620 2885; baseline -0.011 -9"><span class='ocrx_word' id='word_1_639' title='bbox 859 2844 889 2882; x_wconf 81' lang='grc'><strong>7,</strong></span> <span class='ocrx_word' id='word_1_640' title='bbox 919 2843 966 2876; x_wconf 75' lang='lat'><strong>19.</strong></span> <span class='ocrx_word' id='word_1_641' title='bbox 991 2855 1024 2885; x_wconf 90' lang='lat' dir='ltr'><strong>p.</strong></span> <span class='ocrx_word' id='word_1_642' title='bbox 1040 2843 1114 2875; x_wconf 79' lang='lat'><strong>552.</strong></span> <span class='ocrx_word' id='word_1_643' title='bbox 1154 2844 1253 2875; x_wconf 86' lang='lat' dir='ltr'><strong>Beier.</strong></span> <span class='ocrx_word' id='word_1_644' title='bbox 1275 2842 1315 2873; x_wconf 88' lang='lat' dir='ltr'><strong>ad</strong></span> <span class='ocrx_word' id='word_1_645' title='bbox 1339 2841 1402 2873; x_wconf 77' lang='lat' dir='ltr'><strong>off.</strong></span> <span class='ocrx_word' id='word_1_646' title='bbox 1425 2842 1464 2871; x_wconf 84' lang='lat' dir='ltr'><strong>ll.</strong></span> <span class='ocrx_word' id='word_1_647' title='bbox 1493 2839 1542 2875; x_wconf 71' lang='lat'><strong>12,</strong></span> <span class='ocrx_word' id='word_1_648' title='bbox 1567 2836 1620 2869; x_wconf 76' lang='lat'><strong>41.</strong></span> 
     </span>
     <span class='ocr_line' id='line_1_92' title="bbox 861 2881 1618 2930; baseline -0.011 -10"><span class='ocrx_word' id='word_1_649' title='bbox 861 2901 892 2930; x_wconf 82' lang='lat' dir='ltr'><strong>p.</strong></span> <span class='ocrx_word' id='word_1_650' title='bbox 912 2889 966 2920; x_wconf 57' lang='lat' dir='ltr'><strong>bl.</strong></span> <span class='ocrx_word' id='word_1_651' title='bbox 1012 2890 1142 2920; x_wconf 77' lang='lat' dir='ltr'><strong>Ellendt.</strong></span> <span class='ocrx_word' id='word_1_652' title='bbox 1166 2888 1206 2920; x_wconf 79' lang='lat' dir='ltr'><strong>ad</strong></span> <span class='ocrx_word' id='word_1_653' title='bbox 1233 2889 1321 2918; x_wconf 88' lang='lat' dir='ltr'><strong>Brut.</strong></span> <span class='ocrx_word' id='word_1_654' title='bbox 1349 2888 1377 2928; x_wconf 61' lang='grc' dir='ltr'><strong>ξ.</strong></span> <span class='ocrx_word' id='word_1_655' title='bbox 1396 2885 1470 2918; x_wconf 68' lang='lat'><strong>3¹30.</strong></span> <span class='ocrx_word' id='word_1_656' title='bbox 1497 2881 1618 2924; x_wconf 77' lang='lat' dir='ltr'><strong>p.231.</strong></span> 
     </span>
     <span class='ocr_line' id='line_1_93' title="bbox 861 2928 1621 2976; baseline -0.011 -12"><span class='ocrx_word' id='word_1_657' title='bbox 861 2933 985 2972; x_wconf 84' lang='lat' dir='ltr'><strong>Quodsi</strong></span> <span class='ocrx_word' id='word_1_658' title='bbox 1012 2932 1112 2976; x_wconf 80' lang='lat' dir='ltr'><strong>igitur</strong></span> <span class='ocrx_word' id='word_1_659' title='bbox 1143 2932 1264 2975; x_wconf 72' lang='lat' dir='ltr'><strong>legitur</strong></span> <span class='ocrx_word' id='word_1_660' title='bbox 1295 2932 1461 2963; x_wconf 83' lang='lat' dir='ltr'><strong>nullius</strong></span> <span class='ocrx_word' id='word_1_661' title='bbox 1494 2928 1621 2958; x_wconf 80' lang='lat' dir='ltr'><strong>nnius</strong></span> 
     </span>
     <span class='ocr_line' id='line_1_94' title="bbox 859 2970 1621 3019; baseline -0.013 -8"><span class='ocrx_word' id='word_1_662' title='bbox 859 2980 891 3012; x_wconf 81' lang='lat' dir='ltr'><strong>d.</strong></span> <span class='ocrx_word' id='word_1_663' title='bbox 915 2980 935 3010; x_wconf 83' lang='lat' dir='ltr'><strong>l.</strong></span> <span class='ocrx_word' id='word_1_664' title='bbox 958 2980 1056 3011; x_wconf 81' lang='lat' dir='ltr'><strong>adstr.</strong></span> <span class='ocrx_word' id='word_1_665' title='bbox 1070 3003 1079 3019; x_wconf 92' lang='lat'>‚</span> <span class='ocrx_word' id='word_1_666' title='bbox 1109 2977 1190 3010; x_wconf 83' lang='lat' dir='ltr'><strong>haec</strong></span> <span class='ocrx_word' id='word_1_667' title='bbox 1214 2977 1282 3009; x_wconf 76' lang='lat' dir='ltr'><strong>exit</strong></span> <span class='ocrx_word' id='word_1_668' title='bbox 1305 2972 1486 3007; x_wconf 82' lang='lat' dir='ltr'><strong>sententia·</strong></span> <span class='ocrx_word' id='word_1_669' title='bbox 1525 2970 1621 3003; x_wconf 84' lang='lat' dir='ltr'><strong>Cice-</strong></span> 
     </span>
    </p>
   </div>
  </div>
 </body>
</html>
