1863 3221
220 112 303 155 248

220 200 324 239 vitae
351 198 544 237 conficere
573 209 800 250 possemus3
844 196 943 236 haud
976 203 1060 236 erat
1078 209 1199 246 saue,
1240 198 1340 250 quod
1363 198 1564 252 quisquam
1585 199 1780 239 rationem

223 285 269 311 ae
304 269 551 310 doctrinam4
593 268 828 322 requireret.

223 357 319 397 quos
343 342 526 382 celeriter
550 341 661 381 malis
686 341 861 381 moribus
886 341 1209 395 opinionibusque
1234 342 1464 395 depravati⁵
1495 344 1551 383 sic
1573 344 1780 402 rpstingui-

823 117 987 150 mena
1011 119 1069 149 111.
1096 117 1136 157 1,
1161 117 1192 150 2.

902 267 1019 309 Nunc
1050 269 1234 323 parvulos
1270 270 1381 311 nobis
1423 272 1526 311 dedit
1568 271 1779 323 igniculos,

223 429 330 465 mus,
365 422 404 455 ut
430 428 617 468 nusquam
645 421 809 454 naturae
840 414 967 455 lumen
997 421 1196 468 appareat.
1260 412 1362 455 Sunt
1382 416 1483 455 enim
1515 415 1681 469 ingeniis
1713 430 1781 455 no—

223 487 314 528 stris
343 487 490 528 semina
515 487 647 527 innata
671 486 881 537 virtutum,
917 500 1016 541 quae
1037 487 1068 527 si
1090 487 1317 527 adolescere
1339 487 1499 539 liceret,
1530 489 1614 542 ipsa
1638 501 1710 527 nos
1735 488 1781 527 ad

223 560 377 600 beatam
396 560 514 600 vitam
542 567 680 600 natura
705 560 951 614 perduceret.
1012 558 1131 600 Nunc
1156 566 1307 611 autem,
1339 560 1451 600 simul
1475 568 1589 614 atque
1618 560 1710 600 editi
1744 561 1784 600 in

226 633 349 673 lucem
381 639 419 672 et
454 632 625 686 suscepti
662 646 819 682 sumus,
862 632 901 672 in
940 632 1044 672 omni
1076 632 1260 672 continuo
1290 632 1482 686 pravitate
1505 640 1544 672 et
1570 633 1609 672 in
1635 647 1784 673 summa

225 705 449 760 opinionum
475 704 734 759 perversitate
760 718 989 756 versamur,
1033 712 1075 745 ut
1103 719 1223 759 paene
1258 718 1342 745 eum
1371 706 1468 745 lacte
1491 705 1653 745 nutricis
1676 719 1784 745 erro-

224 791 305 818 rem
339 778 497 818 suxisse
527 778 745 818 videamur.
808 777 937 831 Quum
967 791 1064 818 vero
1095 778 1319 832 parentibus
1344 777 1509 828 redditi,
1552 778 1674 818 dein⁶
1703 792 1783 818 ma-

312 876 334 910 4
359 879 394 910 R.
418 879 451 909 P.
480 877 565 909 Gud.
592 878 623 920 (a
645 889 694 920 pr.
716 878 774 918 m.)
799 884 901 920 quatt.
924 878 1003 909 Pall.
1024 878 1103 911 Fab.
1127 878 1199 909 Ulr.
1221 881 1340 910 ratione
1364 888 1402 910 ac
1422 878 1582 919 doctrina3
1618 878 1674 910 Gr.
1694 878 1781 909 Vict.

221 923 309 954 Petr.
333 923 384 954 ed.
411 923 525 965 Steph.
557 925 676 954 ratione
701 927 726 954 et
750 924 910 962 doctrina,-
942 922 999 953 Kl.
1023 929 1111 954 recte
1133 922 1191 953 has
1215 923 1328 965 script.
1360 934 1399 953 ex
1424 922 1621 965 compendio
1650 925 1783 962 ratione,

221 967 361 999 doctrin&
385 974 472 998 ortas
496 973 600 1009 putat.
648 967 667 998 5
693 979 723 998 v.
747 966 830 997 Adu.
876 964 897 997 6
923 967 976 997 Sic
998 969 1052 997 Or.
1079 979 1105 998 c.
1131 966 1216 998 Gud.
1234 967 1262 998 1.
1287 968 1363 999 Vat.
1390 968 1480 998 Mon.
1501 967 1549 1004 l.;
1576 967 1693 999 eodem
1718 967 1781 998 du·-

226 1011 271 1042 cit
290 1011 452 1053 scriptura
470 1012 604 1050 redditi,
629 1011 773 1049 demum,
798 1022 881 1053 quae
901 1018 951 1041 est
973 1010 1006 1042 in
1032 1011 1088 1042 Gr.
1116 1010 1262 1053 aliisque,
1286 1011 1431 1053 itemque
1454 1011 1613 1053 scriptura
1635 1011 1780 1053 optimo·-

221 1067 289 1086 rum
315 1055 411 1086 codd.
436 1056 471 1086 R.
499 1062 533 1086 et
556 1056 593 1086 P.
608 1056 786 1095 redditid&
811 1066 912 1096 porro
936 1054 989 1086 alii
1013 1054 1109 1086 codd.
1135 1061 1167 1085 et
1187 1054 1263 1086 edd.
1285 1055 1410 1086 habent
1435 1066 1460 1086 r.
1482 1057 1612 1095 deinde,·
1644 1066 1698 1086 un.
1724 1058 1783 1087 Ox.

221 1099 326 1130 Rehd.
352 1099 488 1130 Mon.2.
514 1098 612 1130 Vind.
628 1099 657 1131 1.
684 1105 717 1130 et
738 1099 915 1130 nonnullae
938 1099 1012 1132 edd.
1027 1105 1107 1130 vett.
1125 1099 1249 1130 habent
1266 1101 1392 1139 redditi,
1414 1102 1448 1131 id
1470 1104 1524 1139 est,
1548 1099 1636 1142 qnod
1660 1111 1677 1130 e
1698 1112 1784 1131 rece.

221 1152 301 1174 unus
319 1146 459 1175 Klotzius
482 1143 609 1185 recepit
633 1149 667 1174 et
689 1144 809 1183 multis,
834 1143 892 1174 sed
913 1154 980 1175 non
1001 1143 1141 1182 idoneis,
1166 1144 1365 1185 argumentis
1388 1144 1561 1182 defendit3
1586 1145 1674 1175 idem
1696 1155 1783 1176 nunc

220 1187 252 1218 in
278 1187 361 1219 Add.
385 1199 417 1230 p.
446 1186 517 1219 122.
542 1186 643 1229 magis
670 1187 712 1218 ad
736 1200 798 1220 scr.
821 1189 956 1228 redditi,
990 1190 1061 1220 dein
1082 1183 1229 1221 inclinat.
1279 1188 1455 1231 Coi-ruptio
1482 1200 1578 1220 verae
1601 1189 1782 1232 scripturae

219 1234 290 1265 dein
312 1228 383 1264 sine
407 1231 508 1263 dubio
534 1244 573 1263 ex
598 1233 799 1275 compendiis
824 1233 977 1275 profecta
1001 1239 1062 1266 est.

287 1299 314 1341 §.
339 1299 370 1332 2.
420 1301 507 1331 haud
531 1303 597 1331 erat
621 1301 710 1341 sane]
748 1300 788 1331 V.
816 1299 984 1331 Adnotata

221 1350 334 1376 nostra
358 1344 389 1374 in
416 1345 440 1375 Ι.
466 1342 529 1382 49,
558 1342 638 1376 116:
667 1354 816 1383 magnum
841 1348 893 1375 est.

284 1391 436 1421 rationem
450 1398 487 1420 ac
500 1389 689 1429 doctrinam]
711 1390 751 1420 V.
765 1388 807 1419 ad
821 1389 845 1418 Ι.
863 1388 912 1426 13,
927 1388 981 1420 30.

1018 1302 1225 1339 corruptelam
1246 1301 1349 1332 malae
1371 1303 1610 1341 consuetudinis,
1633 1305 1666 1332 ut
1686 1303 1725 1333 ab
1746 1311 1782 1333 ea

1018 1347 1168 1383 tanquam
1200 1347 1327 1384 iyniculi
1359 1348 1596 1386 exstinyuantur
1618 1356 1640 1377 α
1669 1350 1785 1378 natura

1018 1390 1107 1420 dati!
1145 1389 1199 1420 ubi
1233 1389 1276 1421 cf.
1311 1389 1445 1420 doctam
1476 1390 1589 1422 adnot.
1625 1392 1783 1422 Goerenziz'

287 1433 388 1475 Nunc]
417 1432 646 1463 observandus
672 1432 865 1474 exquisitior
888 1432 981 1463 huius

219 1477 400 1519 particulae
433 1476 465 1507 in
500 1476 764 1518 oppositionibus
797 1488 871 1507 usus
907 1479 983 1519 (nun

221 1522 320 1563 aber).
361 1523 466 1563 Saepe
488 1520 621 1551 additur
641 1520 803 1564 particula
824 1521 982 1553 adversa—

221 1566 308 1604 tiva,
336 1566 383 1596 uti
409 1565 519 1607 paullo
542 1572 619 1608 post
641 1577 723 1598 nunc
744 1570 867 1605 autem,
895 1565 982 1598 infra

220 1612 278 1642 1V.
303 1609 367 1651 24,
392 1609 446 1642 54.
494 1611 535 1642 N.
560 1611 597 1640 D.
623 1611 665 1641 Π.
688 1610 751 1650 36,
777 1610 869 1649 init.;
902 1622 983 1643 nunc

219 1664 313 1694 vero,
347 1654 393 1685 uti
427 1654 468 1685 de
506 1654 573 1685 Fin.
602 1655 642 1686 V.
671 1654 730 1691 15,
757 1652 811 1686 41.
868 1655 982 1687 Nostri

222 1699 288 1731 loci
308 1705 490 1730 structurae
508 1699 672 1730 simillima
687 1705 736 1730 est
752 1710 801 1737 ea,
825 1711 888 1742 qua
908 1711 982 1731 usus

221 1750 271 1775 est
295 1743 423 1774 Curtius
441 1744 513 1776 VII.
535 1745 567 1782 5,
589 1743 652 1776 35:
681 1745 772 1782 Quae
794 1744 821 1775 si
839 1745 873 1775 in
894 1744 983 1787 ipsos

220 1787 419 1830 proditionis
454 1793 604 1819 auctores
639 1788 826 1829 excogitata
863 1795 982 1828 essent,

219 1833 304 1865 iusta
337 1831 439 1871 ultio,
488 1843 554 1863 non
588 1832 764 1864 crudelitas
797 1832 983 1869 videretur3

218 1887 300 1910 nunc
323 1876 452 1918 culpam
475 1877 635 1908 maiorum
658 1877 783 1919 posteri
803 1877 904 1915 luere,
930 1877 984 1919 qui

218 1932 261 1954 ne
281 1920 433 1953 viderant
455 1921 587 1963 quidem
600 1921 762 1953 Miletum.
798 1922 852 1953 Sic
868 1922 986 1953 Graeci

220 1972 356 1998 utuntur
379 1966 548 2008 particulis
571 1967 625 1999 νῦν
651 1967 708 2000 δέτ
745 1966 786 1997 de
817 1966 932 2009 quibus
955 1978 985 1998 v.

220 2022 281 2042 nos
318 2010 352 2041 in
396 2010 556 2053 ampliore
597 2011 740 2041 Gramm.
782 2011 838 2042 Gr.
877 2012 916 2042 T.
943 2013 983 2042 II.

222 2057 250 2099 §.
268 2054 354 2093 690,
380 2054 411 2087 2.
447 2066 480 2096 p.
502 2054 577 2086 385.
627 2055 678 2085 Cf.
706 2058 850 2094 Viyerum
886 2055 983 2086 Idiot.

221 2109 254 2140 p.
272 2096 347 2130 426.
384 2107 416 2129 et
440 2100 629 2137 H009eveen.
656 2098 697 2129 de
722 2099 840 2130 Partic.
869 2100 984 2131 Graec.

220 2154 254 2184 p.
270 2139 334 2174 545
348 2153 396 2184 sq.
418 2141 469 2173 ed.
486 2142 616 2174 Schutz.
644 2145 773 2183 Herzog).
789 2143 828 2174 ad
847 2144 984 2182 Quintil.

221 2187 266 2218 X.
292 2197 324 2228 p.
347 2186 420 2219 178.

286 2233 437 2270 parvulos
456 2250 499 2255 —-
521 2233 684 2273 iyniculos]
708 2232 899 2263 Deminutio
922 2233 983 2264 ad-

223 2274 312 2306 ditur
336 2275 527 2314 deminuto,
566 2283 602 2307 ut
626 2276 770 2318 parvitas
795 2277 896 2319 magis
922 2289 983 2319 ap-

221 2325 346 2362 pareat.
370 2321 505 2352 Terent.
527 2321 610 2351 Eun.
630 2322 653 2353 Ι.
677 2322 708 2360 2,
733 2323 794 2354 225:
819 2325 985 2361 parvolam

218 2366 368 2404 puellam.
405 2366 445 2396 V.
466 2366 624 2396 Ruhnken.
648 2366 770 2396 Dictat.
797 2366 828 2397 in
850 2368 984 2398 Terent.

224 2408 325 2440 Andr.
349 2410 389 2440 Il.
413 2409 450 2448 2,
475 2410 529 2441 32.
580 2409 635 2440 Sic
667 2410 770 2442 Cicer.
796 2411 839 2442 N.
863 2412 902 2442 D.
927 2413 983 2450 III,

226 2452 276 2485 17.
297 2464 367 2494 pr.:
403 2455 531 2485 aureola
560 2457 768 2487 oratiuncula.
815 2455 916 2487 Acad.
944 2457 984 2488 ΙΙ.

224 2493 289 2533 44,
319 2496 398 2528 135:
427 2500 569 2530 aureolus
591 2501 720 2531 libellus.
772 2499 863 2531 Caes.
889 2501 925 2531 B.
949 2500 983 2531 C.

224 2538 260 2583 3,
282 2538 361 2572 104:
387 2544 566 2573 naviculam
584 2546 765 2581 parvulam.
815 2544 931 2576 Catull.
952 2544 984 2581 3,

228 2582 286 2615 18:
309 2583 436 2615 Flendo
457 2588 606 2624 turyiduli
627 2587 744 2619 rubent
765 2591 860 2621 ocelli.
889 2588 986 2632 Apud

225 2628 372 2659 Graecos
386 2628 589 2661 deminutivo
602 2630 767 2664 interdum
789 2633 909 2675 μικοὸς
923 2634 985 2665 ad-

226 2671 333 2708 ditur,
371 2679 406 2703 ut
433 2674 522 2704 Xen.
544 2677 638 2715 Ages,
666 2679 703 2712 l,
728 2677 789 2709 ⁸21:
826 2665 987 2720 πᾷιδάρια

226 2716 349 2758 μικράς
385 2717 439 2747 ubi
468 2730 498 2748 v.
518 2720 725 2751 Breitenbach.
773 2722 823 2753 Ad
848 2730 984 2754 senten-

224 2760 305 2792 tiam
324 2761 428 2792 nostri
448 2761 512 2793 loci
536 2762 578 2793 cf.
602 2762 671 2794 Fin.
695 2766 734 2795 V.
759 2766 788 2801 7,
816 2766 871 2798 Ῐὸς
899 2779 985 2809 quo-

224 2816 296 2836 rum
318 2805 434 2837 similia
456 2812 532 2837 sunt
554 2806 656 2847 prima
679 2807 711 2838 in
735 2809 868 2849 animis,
895 2811 985 2854 quasi

222 2852 371 2882 virtutum
389 2853 517 2891 igniculi
536 2856 568 2881 et
585 2851 719 2883 semina.
755 2853 834 2884 lbid.
856 2855 905 2892 15,
923 2853 982 2887 43:

222 2894 255 2925 in
275 2895 383 2937 pueris
402 2897 552 2927 virtutum
572 2895 662 2938 quasi
683 2899 867 2930 scintillulas
889 2899 984 2930 vide—

221 2950 301 2970 mus.
336 2940 439 2983 Legg.
456 2941 481 2971 1.
500 2941 549 2980 12,
568 2940 628 2974 33:
654 2945 774 2973 tantam
796 2946 900 2975 autem
922 2953 984 2976 esse

1018 1444 1050 1474 p.
1075 1433 1118 1464 50
1138 1444 1186 1475 sq.
1212 1440 1245 1465 et
1271 1436 1400 1465 Turneb.
1426 1446 1457 1476 p.
1483 1433 1558 1467 564.
1586 1434 1688 1477 (Cr),
1726 1434 1781 1477 qui

1019 1484 1189 1519 comparat
1225 1479 1370 1509 Graeca:
1411 1477 1578 1521 σπινξῒήρ,
1620 1477 1779 1520 ζώτῑυρον,

1019 1520 1177 1563 ἔναυσμα.

1093 1568 1281 1608 depravati]
1328 1569 1387 1598 Est
1426 1568 1557 1610 egregia
1593 1568 1781 1599 coniectura

1016 1612 1181 1650 Lambini,
1204 1612 1485 1653 praestantissimo
1511 1612 1584 1644 cod.
1601 1613 1675 1644 Vat.
1699 1624 1782 1644 con-

1017 1654 1164 1692 firmata,
1200 1667 1318 1698 quam,
1355 1668 1373 1687 a
1407 1659 1498 1688 Gebh.
1531 1660 1568 1689 D.
1593 1659 1667 1689 Ern.
1699 1659 1782 1691 Lall.

1018 1701 1128 1739 Tre9d.
1151 1707 1336 1742 receptam,
1371 1713 1389 1732 a
1411 1704 1529 1733 Mosero
1551 1708 1585 1733 et
1605 1703 1726 1733 Klotzio
1747 1702 1782 1733 in

1017 1743 1103 1775 Add.
1122 1756 1155 1786 p.
1171 1744 1243 1776 121.
1264 1745 1448 1786 probatam,
1471 1746 1690 1777 revocandam
1706 1746 1783 1777 duxi

1018 1799 1079 1830 pro
1102 1789 1189 1830 vulg.
1213 1791 1413 1828 depravatis:
1438 1790 1527 1832 quod
1548 1791 1651 1822 habet
1674 1792 1729 1821 Or.
1754 1802 1782 1822 c.

1020 1833 1058 1864 R.
1083 1834 1118 1864 P.
1145 1833 1328 1865 Gud.1.11.
1354 1834 1460 1866 Marb.
1483 1834 1583 1866 duob.
1606 1835 1723 1866 Leidd.
1750 1841 1784 1866 et

1019 1877 1150 1919 plurim.
1171 1877 1245 1909 edd.
1268 1884 1348 1909 vett.
1396 1880 1444 1909 Ex
1464 1890 1533 1922 seq.
1553 1881 1597 1911 sic
1618 1879 1780 1911 vocabulo

1020 1923 1185 1961 depravati
1207 1922 1304 1953 facile
1332 1934 1518 1955 accrescere
1540 1923 1649 1965 potuit
1669 1923 1782 1955 littera

1019 1976 1044 1997 s.
1093 1968 1184 2005 Quae
1218 1974 1416 2010 sequuntur:
1458 1970 1490 2000 in
1523 1971 1605 2000 aneni
1639 1971 1781 2003 continuo

1017 2014 1173 2050 pravitate
1195 2016 1221 2043 et
1249 2015 1281 2044 in
1305 2022 1429 2044 summa
1451 2015 1630 2052 opinionum
1658 2023 1784 2052 perver-

1018 2058 1107 2086 sitate
1126 2066 1308 2095 versamur,
1334 2057 1584 2096 commendant,
1618 2056 1666 2088 uti
1687 2062 1782 2088 acute

1020 2099 1104 2130 vidit
1125 2102 1241 2139 Moser,
1266 2101 1524 2139 nominativum3
1557 2113 1633 2133 nam
1655 2104 1687 2133 in
1706 2111 1783 2141 pra-

1019 2146 1113 2174 vitate
1134 2154 1295 2176 versamur
1316 2145 1403 2176 idem
1428 2147 1498 2177 fere
1523 2153 1591 2185 est,
1616 2145 1705 2188 quod
1728 2147 1780 2177 de-

1017 2190 1145 2226 pravati
1176 2199 1292 2220 sumus.
1343 2190 1484 2220 Defendi
1519 2190 1651 2232 quidem
1683 2200 1782 2230 posse

1019 2233 1199 2270 depravatis
1220 2233 1396 2264 arbitratur
1420 2236 1579 2273 Klotzius‚
1611 2233 1638 2264 si
1669 2236 1782 2273 depra-

1018 2280 1093 2307 vata
1113 2279 1216 2315 opinio
1245 2288 1305 2319 pro
1332 2289 1432 2319 prava
1457 2278 1614 2320 opinione
1636 2277 1782 2320 accipia-

1019 2326 1091 2359 tur,
1126 2327 1160 2352 ut
1186 2322 1272 2352 Part.
1300 2329 1382 2354 orat.
1403 2322 1465 2360 26,
1492 2323 1554 2354 91:
1590 2334 1691 2364 genus
1716 2322 1782 2354 ho-

1020 2364 1142 2396 minum
1162 2365 1201 2396 ad
1217 2366 1425 2397 honestatem
1448 2373 1572 2405 natum,
1592 2367 1678 2398 malo
1693 2367 1782 2398 cultu

1016 2413 1184 2450 pravisque
1200 2413 1395 2450 opinionibus
1410 2422 1479 2442 esse
1495 2418 1702 2454 corruptum3
1724 2410 1783 2442 sed

1021 2464 1081 2495 ego
1104 2465 1171 2485 non
1192 2455 1289 2486 credo
1305 2458 1492 2495 depravatos
1510 2466 1610 2488 mores
1626 2468 1686 2498 pro
1702 2467 1780 2498 pra-

1020 2498 1069 2529 vis
1092 2499 1238 2531 moribus
1259 2500 1343 2539 dici,
1381 2500 1574 2541 praesertim
1598 2511 1695 2542 quum
1719 2510 1781 2530 an-

1020 2543 1154 2575 tecedat
1179 2547 1309 2576 matis
1340 2547 1497 2583 moribus5
1533 2555 1638 2586 neque
1672 2544 1782 2586 placet

1020 2586 1143 2619 locutio
1167 2591 1360 2628 opinionibus
1383 2590 1638 2628 depravatis
1661 2590 1783 2628 aliquid

1019 2635 1217 2673 restinguere.
1266 2633 1362 2672 Quod
1386 2639 1493 2663 autem
1516 2632 1609 2663 multi
1631 2632 1781 2663 deterio-

1020 2689 1073 2708 res
1103 2677 1199 2709 codd.
1224 2684 1257 2709 et
1279 2677 1330 2709 ed.
1354 2677 1449 2708 Fabr.
1481 2676 1636 2707 exhibent
1667 2678 1781 2716 depra-

1019 2726 1118 2761 vatos,
1143 2721 1232 2753 nullo
1255 2721 1353 2752 modo
1378 2720 1510 2763 probari
1533 2727 1655 2762 potest.
1696 2722 1781 2752 Nam

1019 2769 1169 2806 iyniculos
1181 2768 1368 2805 depravatos
1387 2765 1427 2796 ab
1449 2765 1516 2796 ullo
1535 2765 1698 2808 scriptore
1715 2764 1781 2796 diei

1022 2821 1093 2842 cum
1117 2813 1245 2842 Davisio
1268 2820 1364 2852 nego.

1108 2857 1226 2887 semina
1259 2853 1422 2896 virtutum]
1458 2853 1619 2896 Apposite
1646 2856 1780 2886 Ochsner

1019 2898 1116 2930 affert
1138 2899 1209 2930 Fin.
1231 2900 1287 2932 IV.
1311 2898 1341 2937 7,
1370 2898 1428 2931 18:
1464 2898 1513 2929 his
1542 2899 1668 2941 initiis,
1702 2906 1780 2930 tan—

1019 2954 1114 2985 quam
1128 2945 1303 2983 seminibus,
1327 2949 1473 2975 anatura
1489 2942 1585 2983 datis,
1610 2962 1650 2969 --
1677 2942 1781 2976 omnis
