<?xml version="1.0" encoding="UTF-8"?>
<!DOCTYPE html PUBLIC "-//W3C//DTD XHTML 1.0 Transitional//EN"
    "http://www.w3.org/TR/xhtml1/DTD/xhtml1-transitional.dtd">
<html xmlns="http://www.w3.org/1999/xhtml" xml:lang="en" lang="en">
 <head>
  <title>
</title>
<meta http-equiv="Content-Type" content="text/html;charset=utf-8" />
  <meta name='ocr-system' content='tesseract 3.04.00' />
  <meta name='ocr-capabilities' content='ocr_page ocr_carea ocr_par ocr_line ocrx_word'/>
</head>
<body>
  <div class='ocr_page' id='page_1' title='image "./tusculanaedisput00ciceuoft_0570.png"; bbox 0 0 1863 3221; ppageno 0'>
   <div class='ocr_carea' id='block_1_1' title="bbox 219 114 301 157">
    <p class='ocr_par' dir='ltr' id='par_1_1' title="bbox 219 114 301 157">
     <span class='ocr_line' id='line_1_1' title="bbox 219 114 301 157; baseline -0.024 0"><span class='ocrx_word' id='word_1_1' title='bbox 219 114 301 157; x_wconf 76' lang='lat'><strong>518</strong></span> 
     </span>
    </p>
   </div>
   <div class='ocr_carea' id='block_1_2' title="bbox 224 189 993 1265">
    <p class='ocr_par' dir='ltr' id='par_1_2' title="bbox 265 189 979 244">
     <span class='ocr_line' id='line_1_2' title="bbox 265 189 979 244; baseline -0.017 -8"><span class='ocrx_word' id='word_1_2' title='bbox 265 211 318 236; x_wconf 79' lang='lat' dir='ltr'><em>tur</em></span> <span class='ocrx_word' id='word_1_3' title='bbox 340 201 382 235; x_wconf 84' lang='lat' dir='ltr'><em>ad</em></span> <span class='ocrx_word' id='word_1_4' title='bbox 403 211 470 244; x_wconf 88' lang='lat' dir='ltr'><em>seq.</em></span> <span class='ocrx_word' id='word_1_5' title='bbox 496 204 578 231; x_wconf 80' lang='lat' dir='ltr'><em>orat.</em></span> <span class='ocrx_word' id='word_1_6' title='bbox 601 193 813 238; x_wconf 81' lang='lat' dir='ltr'>pendentem.</span> <span class='ocrx_word' id='word_1_7' title='bbox 863 193 903 225; x_wconf 94' lang='lat' dir='ltr'><em>V.</em></span> <span class='ocrx_word' id='word_1_8' title='bbox 924 189 979 230; x_wconf 80' lang='lat'><em>40,</em></span> 
     </span>
    </p>

    <p class='ocr_par' dir='ltr' id='par_1_3' title="bbox 224 281 982 373">
     <span class='ocr_line' id='line_1_3' title="bbox 224 281 982 335; baseline -0.017 -10"><span class='ocrx_word' id='word_1_9' title='bbox 224 296 285 334; x_wconf 79' lang='lat' dir='ltr'><em>Qui</em></span> <span class='ocrx_word' id='word_1_10' title='bbox 306 303 367 335; x_wconf 82' lang='lat' dir='ltr'><em>pro</em></span> <span class='ocrx_word' id='word_1_11' title='bbox 392 299 460 330; x_wconf 84' lang='lat' dir='ltr'><em>quo.</em></span> <span class='ocrx_word' id='word_1_12' title='bbox 498 287 553 318; x_wconf 89' lang='lat' dir='ltr'><em>IV.</em></span> <span class='ocrx_word' id='word_1_13' title='bbox 573 284 626 323; x_wconf 82' lang='grc'><em>36,</em></span> <span class='ocrx_word' id='word_1_14' title='bbox 650 283 705 318; x_wconf 86' lang='lat'><em>77.</em></span> <span class='ocrx_word' id='word_1_15' title='bbox 753 284 815 322; x_wconf 76' lang='lat' dir='ltr'><em>Qui</em></span> <span class='ocrx_word' id='word_1_16' title='bbox 838 287 873 314; x_wconf 86' lang='lat' dir='ltr'><em>et</em></span> <span class='ocrx_word' id='word_1_17' title='bbox 895 281 982 322; x_wconf 83' lang='lat' dir='ltr'><em>quid.</em></span> 
     </span>
     <span class='ocr_line' id='line_1_4' title="bbox 269 331 683 373; baseline -0.027 -3"><span class='ocrx_word' id='word_1_18' title='bbox 269 339 308 370; x_wconf 79' lang='lat' dir='ltr'><em>V.</em></span> <span class='ocrx_word' id='word_1_19' title='bbox 334 336 388 373; x_wconf 78' lang='lat'><em>31,</em></span> <span class='ocrx_word' id='word_1_20' title='bbox 414 331 467 365; x_wconf 85' lang='lat'><em>89.</em></span> <span class='ocrx_word' id='word_1_21' title='bbox 492 332 525 362; x_wconf 84' lang='lat' dir='ltr'><em>in</em></span> <span class='ocrx_word' id='word_1_22' title='bbox 549 331 589 362; x_wconf 88' lang='lat' dir='ltr'><em>V.</em></span> <span class='ocrx_word' id='word_1_23' title='bbox 613 331 683 360; x_wconf 85' lang='lat' dir='ltr'><em>Ser.</em></span> 
     </span>
    </p>

    <p class='ocr_par' dir='ltr' id='par_1_4' title="bbox 225 374 649 423">
     <span class='ocr_line' id='line_1_5' title="bbox 225 374 649 423; baseline -0.021 -8"><span class='ocrx_word' id='word_1_24' title='bbox 225 385 285 423; x_wconf 85' lang='lat' dir='ltr'><em>Qui</em></span> <span class='ocrx_word' id='word_1_25' title='bbox 309 383 400 412; x_wconf 79' lang='lat' dir='ltr'><em>idem.</em></span> <span class='ocrx_word' id='word_1_26' title='bbox 436 378 490 408; x_wconf 91' lang='lat' dir='ltr'><em>IV.</em></span> <span class='ocrx_word' id='word_1_27' title='bbox 517 374 570 413; x_wconf 84' lang='lat'><em>36,</em></span> <span class='ocrx_word' id='word_1_28' title='bbox 596 374 649 407; x_wconf 92' lang='lat'><em>77.</em></span> 
     </span>
    </p>

    <p class='ocr_par' dir='ltr' id='par_1_5' title="bbox 225 412 979 466">
     <span class='ocr_line' id='line_1_6' title="bbox 225 412 979 466; baseline -0.016 -8"><span class='ocrx_word' id='word_1_29' title='bbox 225 430 286 466; x_wconf 81' lang='lat' dir='ltr'><em>Qui</em></span> <span class='ocrx_word' id='word_1_30' title='bbox 311 424 461 456; x_wconf 80' lang='lat' dir='ltr'><em>landem?</em></span> <span class='ocrx_word' id='word_1_31' title='bbox 491 427 523 452; x_wconf 89' lang='lat' dir='ltr'><em>et</em></span> <span class='ocrx_word' id='word_1_32' title='bbox 546 419 621 459; x_wconf 79' lang='lat' dir='ltr'><em>quid</em></span> <span class='ocrx_word' id='word_1_33' title='bbox 645 418 798 449; x_wconf 75' lang='lat' dir='ltr'><em>landem?</em></span> <span class='ocrx_word' id='word_1_34' title='bbox 826 417 849 448; x_wconf 85' lang='grc' dir='ltr'>Ι.</span> <span class='ocrx_word' id='word_1_35' title='bbox 872 412 903 453; x_wconf 87' lang='grc'><em>6,</em></span> <span class='ocrx_word' id='word_1_36' title='bbox 930 414 979 446; x_wconf 92' lang='grc'><em>12.</em></span> 
     </span>
    </p>

    <p class='ocr_par' dir='ltr' id='par_1_6' title="bbox 226 457 983 510">
     <span class='ocr_line' id='line_1_7' title="bbox 226 457 983 510; baseline -0.015 -8"><span class='ocrx_word' id='word_1_37' title='bbox 226 474 307 510; x_wconf 80' lang='lat' dir='ltr'><em>Quia</em></span> <span class='ocrx_word' id='word_1_38' title='bbox 329 479 386 510; x_wconf 81' lang='lat' dir='ltr'><em>pro</em></span> <span class='ocrx_word' id='word_1_39' title='bbox 401 467 494 506; x_wconf 85' lang='lat' dir='ltr'><em>quod,</em></span> <span class='ocrx_word' id='word_1_40' title='bbox 512 465 562 496; x_wconf 89' lang='lat' dir='ltr'><em>in:</em></span> <span class='ocrx_word' id='word_1_41' title='bbox 589 473 627 494; x_wconf 75' lang='lat' dir='ltr'><em>ex</em></span> <span class='ocrx_word' id='word_1_42' title='bbox 648 473 693 501; x_wconf 89' lang='lat' dir='ltr'><em>eo,</em></span> <span class='ocrx_word' id='word_1_43' title='bbox 710 464 796 502; x_wconf 87' lang='lat' dir='ltr'><em>quia.</em></span> <span class='ocrx_word' id='word_1_44' title='bbox 824 463 846 492; x_wconf 91' lang='grc' dir='ltr'>Ι.</span> <span class='ocrx_word' id='word_1_45' title='bbox 864 459 915 499; x_wconf 97' lang='grc'><em>18,</em></span> <span class='ocrx_word' id='word_1_46' title='bbox 929 457 983 492; x_wconf 85' lang='grc'><em>42.</em></span> 
     </span>
    </p>

    <p class='ocr_par' dir='ltr' id='par_1_7' title="bbox 225 506 926 554">
     <span class='ocr_line' id='line_1_8' title="bbox 225 506 926 554; baseline -0.014 -8"><span class='ocrx_word' id='word_1_47' title='bbox 225 518 419 554; x_wconf 79' lang='lat' dir='ltr'><em>Quicquam,</em></span> <span class='ocrx_word' id='word_1_48' title='bbox 444 510 501 541; x_wconf 77' lang='lat' dir='ltr'><em>das</em></span> <span class='ocrx_word' id='word_1_49' title='bbox 528 508 714 549; x_wconf 85' lang='lat' dir='ltr'><em>Geringste.</em></span> <span class='ocrx_word' id='word_1_50' title='bbox 749 507 774 538; x_wconf 91' lang='grc' dir='ltr'><em>Ι.</em></span> <span class='ocrx_word' id='word_1_51' title='bbox 793 506 846 544; x_wconf 84' lang='lat'><em>35,</em></span> <span class='ocrx_word' id='word_1_52' title='bbox 872 506 926 538; x_wconf 87' lang='lat'><em>85.</em></span> 
     </span>
    </p>

    <p class='ocr_par' dir='ltr' id='par_1_8' title="bbox 225 556 650 598">
     <span class='ocr_line' id='line_1_9' title="bbox 225 556 650 598; baseline -0.016 -8"><span class='ocrx_word' id='word_1_53' title='bbox 225 557 388 598; x_wconf 78' lang='lat' dir='ltr'><em>Quicquid.</em></span> <span class='ocrx_word' id='word_1_54' title='bbox 435 556 475 586; x_wconf 93' lang='lat' dir='ltr'><em>V.</em></span> <span class='ocrx_word' id='word_1_55' title='bbox 500 556 650 594; x_wconf 76' lang='lat' dir='ltr'><em>quisquis.</em></span> 
     </span>
    </p>

    <p class='ocr_par' dir='ltr' id='par_1_9' title="bbox 224 597 735 642">
     <span class='ocr_line' id='line_1_10' title="bbox 224 597 735 642; baseline -0.014 -9"><span class='ocrx_word' id='word_1_56' title='bbox 224 605 309 642; x_wconf 87' lang='lat' dir='ltr'><em>Quid</em></span> <span class='ocrx_word' id='word_1_57' title='bbox 334 600 375 631; x_wconf 85' lang='lat' dir='ltr'><em>(le</em></span> <span class='ocrx_word' id='word_1_58' title='bbox 400 598 561 642; x_wconf 87' lang='lat' dir='ltr'><em>personis.</em></span> <span class='ocrx_word' id='word_1_59' title='bbox 599 600 620 628; x_wconf 94' lang='grc' dir='ltr'>Ι.</span> <span class='ocrx_word' id='word_1_60' title='bbox 645 597 678 635; x_wconf 87' lang='grc'><em>2,</em></span> <span class='ocrx_word' id='word_1_61' title='bbox 705 597 735 627; x_wconf 88' lang='lat'><em>5.</em></span> 
     </span>
    </p>

    <p class='ocr_par' dir='ltr' id='par_1_10' title="bbox 227 636 990 902">
     <span class='ocr_line' id='line_1_11' title="bbox 227 636 986 686; baseline -0.009 -10"><span class='ocrx_word' id='word_1_62' title='bbox 227 649 309 686; x_wconf 81' lang='lat' dir='ltr'><em>Quid</em></span> <span class='ocrx_word' id='word_1_63' title='bbox 323 651 356 677; x_wconf 75' lang='lat' dir='ltr'><em>et</em></span> <span class='ocrx_word' id='word_1_64' title='bbox 367 646 449 684; x_wconf 89' lang='lat' dir='ltr'><em>quod</em></span> <span class='ocrx_word' id='word_1_65' title='bbox 462 643 495 674; x_wconf 87' lang='lat' dir='ltr'><em>in</em></span> <span class='ocrx_word' id='word_1_66' title='bbox 510 641 608 675; x_wconf 87' lang='lat' dir='ltr'>codd.</span> <span class='ocrx_word' id='word_1_67' title='bbox 624 641 772 673; x_wconf 80' lang='lat' dir='ltr'><em>confusa.</em></span> <span class='ocrx_word' id='word_1_68' title='bbox 797 640 851 670; x_wconf 87' lang='lat' dir='ltr'><strong>Ill.</strong></span> <span class='ocrx_word' id='word_1_69' title='bbox 865 638 918 677; x_wconf 83' lang='lat'><em>33,</em></span> <span class='ocrx_word' id='word_1_70' title='bbox 931 636 986 670; x_wconf 86' lang='grc'>80.</span> 
     </span>
     <span class='ocr_line' id='line_1_12' title="bbox 272 685 987 731; baseline -0.014 -8"><span class='ocrx_word' id='word_1_71' title='bbox 272 690 345 723; x_wconf 89' lang='lat' dir='ltr'><em>Dici</em></span> <span class='ocrx_word' id='word_1_72' title='bbox 365 701 431 721; x_wconf 88' lang='lat' dir='ltr'><em>non</em></span> <span class='ocrx_word' id='word_1_73' title='bbox 455 694 584 731; x_wconf 81' lang='lat' dir='ltr'><em>potest:</em></span> <span class='ocrx_word' id='word_1_74' title='bbox 617 696 693 718; x_wconf 81' lang='lat' dir='ltr'><em>num</em></span> <span class='ocrx_word' id='word_1_75' title='bbox 723 685 833 725; x_wconf 85' lang='lat' dir='ltr'><em>quod</em></span> <span class='ocrx_word' id='word_1_76' title='bbox 854 687 895 715; x_wconf 79' lang='lat' dir='ltr'><em>est</em></span> <span class='ocrx_word' id='word_1_77' title='bbox 919 692 987 714; x_wconf 77' lang='lat' dir='ltr'><em>ina-</em></span> 
     </span>
     <span class='ocr_line' id='line_1_13' title="bbox 272 727 987 775; baseline -0.015 -7"><span class='ocrx_word' id='word_1_78' title='bbox 272 739 356 775; x_wconf 91' lang='lat' dir='ltr'><em>lum,</em></span> <span class='ocrx_word' id='word_1_79' title='bbox 393 736 453 766; x_wconf 78' lang='lat' dir='ltr'><em>nisi</em></span> <span class='ocrx_word' id='word_1_80' title='bbox 475 734 558 774; x_wconf 85' lang='lat' dir='ltr'><em>quod</em></span> <span class='ocrx_word' id='word_1_81' title='bbox 578 735 619 763; x_wconf 75' lang='lat' dir='ltr'><em>esi</em></span> <span class='ocrx_word' id='word_1_82' title='bbox 642 732 755 770; x_wconf 74' lang='lat' dir='ltr'><em>turpe?</em></span> <span class='ocrx_word' id='word_1_83' title='bbox 792 728 851 759; x_wconf 84' lang='lat' dir='ltr'><em>sed</em></span> <span class='ocrx_word' id='word_1_84' title='bbox 872 727 987 759; x_wconf 86' lang='lat' dir='ltr'><em>dicen-</em></span> 
     </span>
     <span class='ocr_line' id='line_1_14' title="bbox 272 776 987 817; baseline -0.014 -5"><span class='ocrx_word' id='word_1_85' title='bbox 272 781 369 812; x_wconf 84' lang='lat' dir='ltr'><em>dum:</em></span> <span class='ocrx_word' id='word_1_86' title='bbox 394 789 469 810; x_wconf 83' lang='lat' dir='ltr'><em>num</em></span> <span class='ocrx_word' id='word_1_87' title='bbox 493 778 593 817; x_wconf 82' lang='lat' dir='ltr'><em>quid</em></span> <span class='ocrx_word' id='word_1_88' title='bbox 618 786 642 807; x_wconf 92' lang='lat' dir='ltr'><em>e.</em></span> <span class='ocrx_word' id='word_1_89' title='bbox 666 785 722 814; x_wconf 88' lang='lat' dir='ltr'><em>m,</em></span> <span class='ocrx_word' id='word_1_90' title='bbox 746 776 806 806; x_wconf 78' lang='lat' dir='ltr'><em>nisi</em></span> <span class='ocrx_word' id='word_1_91' title='bbox 827 779 888 804; x_wconf 88' lang='lat' dir='ltr'><em>etc.</em></span> <span class='ocrx_word' id='word_1_92' title='bbox 912 777 987 803; x_wconf 78' lang='lat' dir='ltr'><em>aut:</em></span> 
     </span>
     <span class='ocr_line' id='line_1_15' title="bbox 271 818 990 863; baseline -0.014 -6"><span class='ocrx_word' id='word_1_93' title='bbox 271 835 346 858; x_wconf 86' lang='lat' dir='ltr'><em>num</em></span> <span class='ocrx_word' id='word_1_94' title='bbox 370 825 478 863; x_wconf 83' lang='lat' dir='ltr'><em>quod</em></span> <span class='ocrx_word' id='word_1_95' title='bbox 503 826 545 854; x_wconf 78' lang='lat' dir='ltr'><em>esi</em></span> <span class='ocrx_word' id='word_1_96' title='bbox 565 831 606 852; x_wconf 86' lang='lat' dir='ltr'><em>m.</em></span> <span class='ocrx_word' id='word_1_97' title='bbox 627 823 799 860; x_wconf 76' lang='lat' dir='ltr'><em>praeter</em></span> <span class='ocrx_word' id='word_1_98' title='bbox 823 818 990 857; x_wconf 70' lang='lat' dir='ltr'><em>turpitudi-</em></span> 
     </span>
     <span class='ocr_line' id='line_1_16' title="bbox 271 867 500 902; baseline -0.026 0"><span class='ocrx_word' id='word_1_99' title='bbox 271 871 370 902; x_wconf 81' lang='lat' dir='ltr'><em>nem?</em></span> <span class='ocrx_word' id='word_1_100' title='bbox 417 867 500 897; x_wconf 87' lang='lat' dir='ltr'><em>lbid.</em></span> 
     </span>
    </p>

    <p class='ocr_par' dir='ltr' id='par_1_11' title="bbox 228 903 937 954">
     <span class='ocr_line' id='line_1_17' title="bbox 228 903 937 954; baseline -0.014 -8"><span class='ocrx_word' id='word_1_101' title='bbox 228 915 312 954; x_wconf 82' lang='lat' dir='ltr'><em>Quid</em></span> <span class='ocrx_word' id='word_1_102' title='bbox 335 918 487 954; x_wconf 78' lang='lat' dir='ltr'><em>spectans</em></span> <span class='ocrx_word' id='word_1_103' title='bbox 515 907 712 952; x_wconf 72' lang='lat' dir='ltr'><em>(quaerens).</em></span> <span class='ocrx_word' id='word_1_104' title='bbox 751 907 774 937; x_wconf 92' lang='grc' dir='ltr'>Ι.</span> <span class='ocrx_word' id='word_1_105' title='bbox 805 903 856 942; x_wconf 83' lang='lat'><em>14,</em></span> <span class='ocrx_word' id='word_1_106' title='bbox 881 904 937 937; x_wconf 81' lang='lat'><em>31.</em></span> 
     </span>
    </p>

    <p class='ocr_par' dir='ltr' id='par_1_12' title="bbox 230 948 992 999">
     <span class='ocr_line' id='line_1_18' title="bbox 230 948 992 999; baseline -0.012 -10"><span class='ocrx_word' id='word_1_107' title='bbox 230 960 312 997; x_wconf 86' lang='lat' dir='ltr'><em>Quid</em></span> <span class='ocrx_word' id='word_1_108' title='bbox 337 954 485 999; x_wconf 76' lang='lat' dir='ltr'><em>quaero?</em></span> <span class='ocrx_word' id='word_1_109' title='bbox 511 960 544 984; x_wconf 91' lang='lat' dir='ltr'><em>et</em></span> <span class='ocrx_word' id='word_1_110' title='bbox 569 952 648 996; x_wconf 85' lang='lat' dir='ltr'><em>quid</em></span> <span class='ocrx_word' id='word_1_111' title='bbox 671 948 854 994; x_wconf 71' lang='lat' dir='ltr'><em>quaeram?</em></span> <span class='ocrx_word' id='word_1_112' title='bbox 884 951 909 980; x_wconf 93' lang='grc' dir='ltr'>Ι.</span> <span class='ocrx_word' id='word_1_113' title='bbox 933 948 992 989; x_wconf 81' lang='lat'><em>45,</em></span> 
     </span>
    </p>

    <p class='ocr_par' dir='ltr' id='par_1_13' title="bbox 230 1039 722 1086">
     <span class='ocr_line' id='line_1_19' title="bbox 230 1039 722 1086; baseline -0.014 -8"><span class='ocrx_word' id='word_1_114' title='bbox 230 1048 312 1086; x_wconf 87' lang='lat' dir='ltr'><em>Quid</em></span> <span class='ocrx_word' id='word_1_115' title='bbox 337 1052 369 1076; x_wconf 85' lang='lat' dir='ltr'><em>et</em></span> <span class='ocrx_word' id='word_1_116' title='bbox 394 1046 495 1084; x_wconf 87' lang='lat' dir='ltr'><em>quale.</em></span> <span class='ocrx_word' id='word_1_117' title='bbox 529 1042 585 1073; x_wconf 87' lang='grc' dir='ltr'>ΙΙΙ.</span> <span class='ocrx_word' id='word_1_118' title='bbox 612 1041 642 1080; x_wconf 77' lang='grc' dir='ltr'><em>ὃ,</em></span> <span class='ocrx_word' id='word_1_119' title='bbox 671 1039 722 1072; x_wconf 89' lang='grc'><em>11.</em></span> 
     </span>
    </p>

    <p class='ocr_par' dir='ltr' id='par_1_14' title="bbox 231 1082 991 1223">
     <span class='ocr_line' id='line_1_20' title="bbox 231 1082 991 1131; baseline -0.012 -8"><span class='ocrx_word' id='word_1_120' title='bbox 231 1090 344 1131; x_wconf 65' lang='lat' dir='ltr'><em>Quid?</em></span> <span class='ocrx_word' id='word_1_121' title='bbox 364 1090 420 1121; x_wconf 88' lang='lat' dir='ltr'><em>illa</em></span> <span class='ocrx_word' id='word_1_122' title='bbox 435 1087 568 1119; x_wconf 81' lang='lat' dir='ltr'><em>tandem</em></span> <span class='ocrx_word' id='word_1_123' title='bbox 587 1098 662 1117; x_wconf 89' lang='lat' dir='ltr'><em>num</em></span> <span class='ocrx_word' id='word_1_124' title='bbox 683 1083 773 1116; x_wconf 63' lang='lat' dir='ltr'><em>eta?</em></span> <span class='ocrx_word' id='word_1_125' title='bbox 802 1085 911 1124; x_wconf 86' lang='lat' dir='ltr'><em>Quid?</em></span> <span class='ocrx_word' id='word_1_126' title='bbox 936 1082 991 1115; x_wconf 80' lang='lat' dir='ltr'><em>illa</em></span> 
     </span>
     <span class='ocr_line' id='line_1_21' title="bbox 277 1129 990 1177; baseline -0.01 -11"><span class='ocrx_word' id='word_1_127' title='bbox 277 1135 325 1166; x_wconf 86' lang='lat' dir='ltr'><em>vis</em></span> <span class='ocrx_word' id='word_1_128' title='bbox 350 1146 432 1177; x_wconf 81' lang='lat' dir='ltr'><em>quae</em></span> <span class='ocrx_word' id='word_1_129' title='bbox 458 1132 594 1164; x_wconf 83' lang='lat' dir='ltr'><em>tandem</em></span> <span class='ocrx_word' id='word_1_130' title='bbox 619 1129 695 1161; x_wconf 78' lang='lat' dir='ltr'><em>est&#39;?</em></span> <span class='ocrx_word' id='word_1_131' title='bbox 737 1130 791 1161; x_wconf 85' lang='lat' dir='ltr'><em>Sic</em></span> <span class='ocrx_word' id='word_1_132' title='bbox 814 1130 990 1172; x_wconf 79' lang='lat' dir='ltr'><em>interpun—</em></span> 
     </span>
     <span class='ocr_line' id='line_1_22' title="bbox 275 1175 648 1223; baseline -0.008 -12"><span class='ocrx_word' id='word_1_133' title='bbox 275 1180 429 1223; x_wconf 82' lang='lat' dir='ltr'><em>gendum.</em></span> <span class='ocrx_word' id='word_1_134' title='bbox 466 1179 490 1208; x_wconf 89' lang='grc' dir='ltr'><em>Ι.</em></span> <span class='ocrx_word' id='word_1_135' title='bbox 516 1176 571 1214; x_wconf 83' lang='grc'><em>24,</em></span> <span class='ocrx_word' id='word_1_136' title='bbox 596 1175 648 1208; x_wconf 82' lang='lat'><em>56.</em></span> 
     </span>
    </p>

    <p class='ocr_par' dir='ltr' id='par_1_15' title="bbox 229 1215 993 1265">
     <span class='ocr_line' id='line_1_23' title="bbox 229 1215 993 1265; baseline -0.012 -7"><span class='ocrx_word' id='word_1_137' title='bbox 229 1227 314 1265; x_wconf 83' lang='lat' dir='ltr'><em>Quid</em></span> <span class='ocrx_word' id='word_1_138' title='bbox 337 1225 433 1264; x_wconf 79' lang='lat' dir='ltr'><em>er90?</em></span> <span class='ocrx_word' id='word_1_139' title='bbox 458 1222 585 1254; x_wconf 83' lang='lat' dir='ltr'><em>scilicet</em></span> <span class='ocrx_word' id='word_1_140' title='bbox 606 1221 742 1252; x_wconf 74' lang='lat' dir='ltr'><em>videtur.</em></span> <span class='ocrx_word' id='word_1_141' title='bbox 777 1219 833 1257; x_wconf 88' lang='lat' dir='ltr'><strong>Ill,</strong></span> <span class='ocrx_word' id='word_1_142' title='bbox 861 1217 912 1257; x_wconf 83' lang='lat'><em>18,</em></span> <span class='ocrx_word' id='word_1_143' title='bbox 938 1215 993 1250; x_wconf 81' lang='lat'><em>39.</em></span> 
     </span>
    </p>
   </div>
   <div class='ocr_carea' id='block_1_3' title="bbox 232 1273 995 1714">
    <p class='ocr_par' dir='ltr' id='par_1_16' title="bbox 232 1273 991 1360">
     <span class='ocr_line' id='line_1_24' title="bbox 232 1273 991 1321; baseline -0.009 -7"><span class='ocrx_word' id='word_1_144' title='bbox 232 1283 315 1321; x_wconf 84' lang='lat' dir='ltr'><em>Quid</em></span> <span class='ocrx_word' id='word_1_145' title='bbox 338 1284 392 1321; x_wconf 81' lang='lat' dir='ltr'><em>est,</em></span> <span class='ocrx_word' id='word_1_146' title='bbox 416 1288 475 1319; x_wconf 87' lang='lat' dir='ltr'><em>quo</em></span> <span class='ocrx_word' id='word_1_147' title='bbox 500 1289 561 1321; x_wconf 86' lang='lat' dir='ltr'><em>pro</em></span> <span class='ocrx_word' id='word_1_148' title='bbox 584 1278 659 1317; x_wconf 84' lang='lat' dir='ltr'><em>quid</em></span> <span class='ocrx_word' id='word_1_149' title='bbox 683 1279 737 1316; x_wconf 80' lang='lat' dir='ltr'><em>est,</em></span> <span class='ocrx_word' id='word_1_150' title='bbox 761 1284 826 1308; x_wconf 88' lang='lat' dir='ltr'><em>cur.</em></span> <span class='ocrx_word' id='word_1_151' title='bbox 863 1276 918 1307; x_wconf 83' lang='lat' dir='ltr'><em>IV.</em></span> <span class='ocrx_word' id='word_1_152' title='bbox 938 1273 991 1314; x_wconf 85' lang='lat'><em>36,</em></span> 
     </span>
     <span class='ocr_line' id='line_1_25' title="bbox 275 1326 329 1360; baseline -0.037 0"><span class='ocrx_word' id='word_1_153' title='bbox 275 1326 329 1360; x_wconf 89' lang='lat'><em>77.</em></span> 
     </span>
    </p>

    <p class='ocr_par' dir='ltr' id='par_1_17' title="bbox 233 1367 837 1410">
     <span class='ocr_line' id='line_1_26' title="bbox 233 1367 837 1410; baseline -0.013 -7"><span class='ocrx_word' id='word_1_154' title='bbox 233 1372 316 1410; x_wconf 84' lang='lat' dir='ltr'><em>Quid</em></span> <span class='ocrx_word' id='word_1_155' title='bbox 339 1369 491 1402; x_wconf 80' lang='lat' dir='ltr'><em>tandem?</em></span> <span class='ocrx_word' id='word_1_156' title='bbox 540 1368 579 1399; x_wconf 89' lang='lat' dir='ltr'><em>V.</em></span> <span class='ocrx_word' id='word_1_157' title='bbox 605 1368 659 1406; x_wconf 85' lang='lat' dir='ltr'><em>qui</em></span> <span class='ocrx_word' id='word_1_158' title='bbox 682 1367 806 1397; x_wconf 86' lang='lat' dir='ltr'><em>landem</em></span> <span class='ocrx_word' id='word_1_159' title='bbox 821 1367 837 1396; x_wconf 75' lang='grc' dir='ltr'><em>ἱ)</em></span> 
     </span>
    </p>

    <p class='ocr_par' dir='ltr' id='par_1_18' title="bbox 232 1411 994 1498">
     <span class='ocr_line' id='line_1_27' title="bbox 232 1411 994 1455; baseline -0.012 -8"><span class='ocrx_word' id='word_1_160' title='bbox 232 1417 314 1454; x_wconf 82' lang='lat' dir='ltr'><em>Quid</em></span> <span class='ocrx_word' id='word_1_161' title='bbox 340 1421 372 1445; x_wconf 88' lang='lat' dir='ltr'><em>et</em></span> <span class='ocrx_word' id='word_1_162' title='bbox 396 1414 478 1455; x_wconf 86' lang='lat' dir='ltr'><em>quod</em></span> <span class='ocrx_word' id='word_1_163' title='bbox 501 1414 628 1450; x_wconf 83' lang='lat' dir='ltr'><em>dicam,</em></span> <span class='ocrx_word' id='word_1_164' title='bbox 664 1412 781 1447; x_wconf 81' lang='lat' dir='ltr'><strong>habeo,</strong></span> <span class='ocrx_word' id='word_1_165' title='bbox 814 1411 898 1447; x_wconf 82' lang='lat' dir='ltr'><em>scio,</em></span> <span class='ocrx_word' id='word_1_166' title='bbox 933 1418 994 1439; x_wconf 82' lang='lat' dir='ltr'><em>non</em></span> 
     </span>
     <span class='ocr_line' id='line_1_28' title="bbox 278 1452 789 1498; baseline -0.016 -8"><span class='ocrx_word' id='word_1_167' title='bbox 278 1462 393 1498; x_wconf 85' lang='lat' dir='ltr'><em>habeo,</em></span> <span class='ocrx_word' id='word_1_168' title='bbox 415 1459 526 1489; x_wconf 80' lang='lat' dir='ltr'><em>nescio.</em></span> <span class='ocrx_word' id='word_1_169' title='bbox 564 1457 619 1486; x_wconf 81' lang='lat'><strong>111.</strong></span> <span class='ocrx_word' id='word_1_170' title='bbox 650 1452 708 1491; x_wconf 76' lang='lat'><em>18,</em></span> <span class='ocrx_word' id='word_1_171' title='bbox 735 1452 789 1483; x_wconf 74' lang='lat'><em>41.</em></span> 
     </span>
    </p>

    <p class='ocr_par' dir='ltr' id='par_1_19' title="bbox 233 1495 995 1714">
     <span class='ocr_line' id='line_1_29' title="bbox 233 1495 994 1544; baseline -0.014 -8"><span class='ocrx_word' id='word_1_172' title='bbox 233 1506 371 1544; x_wconf 78' lang='lat' dir='ltr'><em>Quidam</em></span> <span class='ocrx_word' id='word_1_173' title='bbox 396 1513 456 1544; x_wconf 80' lang='lat' dir='ltr'><em>pro</em></span> <span class='ocrx_word' id='word_1_174' title='bbox 480 1502 562 1540; x_wconf 80' lang='lat' dir='ltr'><em>fere,</em></span> <span class='ocrx_word' id='word_1_175' title='bbox 588 1505 643 1531; x_wconf 86' lang='lat' dir='ltr'><em>nt:</em></span> <span class='ocrx_word' id='word_1_176' title='bbox 683 1496 741 1528; x_wconf 73' lang='lat' dir='ltr'><em>tali</em></span> <span class='ocrx_word' id='word_1_177' title='bbox 767 1495 909 1539; x_wconf 83' lang='lat' dir='ltr'><em>quodam</em></span> <span class='ocrx_word' id='word_1_178' title='bbox 935 1506 994 1526; x_wconf 83' lang='lat' dir='ltr'><em>ex-</em></span> 
     </span>
     <span class='ocr_line' id='line_1_30' title="bbox 279 1540 995 1583; baseline -0.013 -4"><span class='ocrx_word' id='word_1_179' title='bbox 279 1547 383 1580; x_wconf 80' lang='lat' dir='ltr'><em>ordio.</em></span> <span class='ocrx_word' id='word_1_180' title='bbox 409 1548 449 1578; x_wconf 86' lang='lat' dir='ltr'><em>Il.</em></span> <span class='ocrx_word' id='word_1_181' title='bbox 470 1545 502 1583; x_wconf 74' lang='lat'><em>4,</em></span> <span class='ocrx_word' id='word_1_182' title='bbox 527 1544 578 1575; x_wconf 90' lang='lat'><em>10.</em></span> <span class='ocrx_word' id='word_1_183' title='bbox 606 1541 812 1573; x_wconf 77' lang='lat' dir='ltr'><em>substantivo</em></span> <span class='ocrx_word' id='word_1_184' title='bbox 834 1540 995 1582; x_wconf 70' lang='lat' dir='ltr'><em>praemis-</em></span> 
     </span>
     <span class='ocr_line' id='line_1_31' title="bbox 279 1585 994 1633; baseline -0.013 -9"><span class='ocrx_word' id='word_1_185' title='bbox 279 1604 351 1624; x_wconf 90' lang='lat' dir='ltr'><em>sum</em></span> <span class='ocrx_word' id='word_1_186' title='bbox 376 1602 451 1633; x_wconf 84' lang='lat' dir='ltr'><em>pro:</em></span> <span class='ocrx_word' id='word_1_187' title='bbox 483 1591 620 1629; x_wconf 87' lang='lat' dir='ltr'><em>quodam</em></span> <span class='ocrx_word' id='word_1_188' title='bbox 643 1588 746 1618; x_wconf 87' lang='lat' dir='ltr'><em>modo.</em></span> <span class='ocrx_word' id='word_1_189' title='bbox 785 1586 838 1616; x_wconf 88' lang='lat' dir='ltr'><em>lV.</em></span> <span class='ocrx_word' id='word_1_190' title='bbox 863 1585 917 1621; x_wconf 79' lang='lat'><em>35,</em></span> <span class='ocrx_word' id='word_1_191' title='bbox 943 1585 994 1617; x_wconf 78' lang='lat'><em>75.</em></span> 
     </span>
     <span class='ocr_line' id='line_1_32' title="bbox 279 1629 992 1668; baseline -0.013 0"><span class='ocrx_word' id='word_1_192' title='bbox 279 1636 322 1668; x_wconf 79' lang='lat' dir='ltr'><em>ad</em></span> <span class='ocrx_word' id='word_1_193' title='bbox 346 1634 581 1667; x_wconf 87' lang='lat' dir='ltr'><em>emolliendum</em></span> <span class='ocrx_word' id='word_1_194' title='bbox 614 1643 706 1662; x_wconf 88' lang='lat' dir='ltr'><em>usum</em></span> <span class='ocrx_word' id='word_1_195' title='bbox 735 1629 877 1661; x_wconf 82' lang='lat' dir='ltr'><em>nominis</em></span> <span class='ocrx_word' id='word_1_196' title='bbox 901 1629 992 1660; x_wconf 81' lang='lat' dir='ltr'><em>insu-</em></span> 
     </span>
     <span class='ocr_line' id='line_1_33' title="bbox 281 1672 847 1714; baseline -0.014 -1"><span class='ocrx_word' id='word_1_197' title='bbox 281 1680 428 1713; x_wconf 84' lang='lat' dir='ltr'><em>lentioris</em></span> <span class='ocrx_word' id='word_1_198' title='bbox 452 1678 612 1710; x_wconf 73' lang='lat' dir='ltr'><em>additum.</em></span> <span class='ocrx_word' id='word_1_199' title='bbox 653 1678 707 1706; x_wconf 91' lang='grc' dir='ltr'>ΙΙΙ.</span> <span class='ocrx_word' id='word_1_200' title='bbox 736 1673 767 1714; x_wconf 90' lang='grc'><em>7,</em></span> <span class='ocrx_word' id='word_1_201' title='bbox 797 1672 847 1706; x_wconf 82' lang='lat'><em>14.</em></span> 
     </span>
    </p>
   </div>
   <div class='ocr_carea' id='block_1_4' title="bbox 236 1729 1004 3000">
    <p class='ocr_par' dir='ltr' id='par_1_20' title="bbox 237 1729 998 1816">
     <span class='ocr_line' id='line_1_34' title="bbox 237 1729 998 1777; baseline -0.012 -8"><span class='ocrx_word' id='word_1_202' title='bbox 237 1738 393 1777; x_wconf 88' lang='lat' dir='ltr'><em>Quidam,</em></span> <span class='ocrx_word' id='word_1_203' title='bbox 418 1732 588 1765; x_wconf 82' lang='lat' dir='ltr'><em>adiectivis</em></span> <span class='ocrx_word' id='word_1_204' title='bbox 614 1731 784 1771; x_wconf 85' lang='lat' dir='ltr'><em>additum,</em></span> <span class='ocrx_word' id='word_1_205' title='bbox 809 1740 906 1772; x_wconf 79' lang='lat' dir='ltr'><em>quam</em></span> <span class='ocrx_word' id='word_1_206' title='bbox 931 1729 998 1761; x_wconf 88' lang='lat' dir='ltr'><em>vim</em></span> 
     </span>
     <span class='ocr_line' id='line_1_35' title="bbox 279 1776 621 1816; baseline -0.015 -4"><span class='ocrx_word' id='word_1_207' title='bbox 279 1781 410 1812; x_wconf 80' lang='lat' dir='ltr'><em>habeat.</em></span> <span class='ocrx_word' id='word_1_208' title='bbox 448 1779 485 1809; x_wconf 90' lang='lat' dir='ltr'><strong>ll.</strong></span> <span class='ocrx_word' id='word_1_209' title='bbox 512 1777 543 1816; x_wconf 97' lang='lat'><em>4,</em></span> <span class='ocrx_word' id='word_1_210' title='bbox 572 1776 621 1808; x_wconf 91' lang='lat'><em>11.</em></span> 
     </span>
    </p>

    <p class='ocr_par' dir='ltr' id='par_1_21' title="bbox 236 1819 998 1908">
     <span class='ocr_line' id='line_1_36' title="bbox 236 1819 998 1866; baseline -0.01 -8"><span class='ocrx_word' id='word_1_211' title='bbox 236 1828 368 1866; x_wconf 79' lang='lat' dir='ltr'><em>Quidem</em></span> <span class='ocrx_word' id='word_1_212' title='bbox 396 1830 428 1855; x_wconf 85' lang='lat' dir='ltr'><em>et</em></span> <span class='ocrx_word' id='word_1_213' title='bbox 451 1825 534 1855; x_wconf 83' lang='lat' dir='ltr'><em>idem</em></span> <span class='ocrx_word' id='word_1_214' title='bbox 567 1821 600 1852; x_wconf 85' lang='lat' dir='ltr'><em>in</em></span> <span class='ocrx_word' id='word_1_215' title='bbox 634 1820 732 1853; x_wconf 83' lang='lat' dir='ltr'><em>codd.</em></span> <span class='ocrx_word' id='word_1_216' title='bbox 764 1819 912 1851; x_wconf 78' lang='lat' dir='ltr'><em>confusa.</em></span> <span class='ocrx_word' id='word_1_217' title='bbox 959 1820 998 1851; x_wconf 88' lang='grc' dir='ltr'>ΙΙ.</span> 
     </span>
     <span class='ocr_line' id='line_1_37' title="bbox 279 1868 632 1908; baseline -0.011 -7"><span class='ocrx_word' id='word_1_218' title='bbox 279 1871 333 1908; x_wconf 88' lang='lat'><em>23,</em></span> <span class='ocrx_word' id='word_1_219' title='bbox 360 1870 413 1901; x_wconf 77' lang='lat'><em>55.</em></span> <span class='ocrx_word' id='word_1_220' title='bbox 439 1868 470 1899; x_wconf 84' lang='lat' dir='ltr'><em>in</em></span> <span class='ocrx_word' id='word_1_221' title='bbox 495 1868 536 1899; x_wconf 84' lang='lat' dir='ltr'><em>V.</em></span> <span class='ocrx_word' id='word_1_222' title='bbox 564 1869 632 1897; x_wconf 84' lang='lat' dir='ltr'><em>Ser.</em></span> 
     </span>
    </p>

    <p class='ocr_par' dir='ltr' id='par_1_22' title="bbox 238 1907 998 1996">
     <span class='ocr_line' id='line_1_38' title="bbox 238 1907 998 1955; baseline -0.011 -8"><span class='ocrx_word' id='word_1_223' title='bbox 238 1917 370 1955; x_wconf 82' lang='lat' dir='ltr'><em>Quidem</em></span> <span class='ocrx_word' id='word_1_224' title='bbox 395 1925 462 1944; x_wconf 89' lang='lat' dir='ltr'><em>non</em></span> <span class='ocrx_word' id='word_1_225' title='bbox 483 1919 562 1955; x_wconf 83' lang='lat' dir='ltr'><em>apto</em></span> <span class='ocrx_word' id='word_1_226' title='bbox 585 1911 660 1942; x_wconf 88' lang='lat' dir='ltr'><em>loco</em></span> <span class='ocrx_word' id='word_1_227' title='bbox 680 1909 835 1953; x_wconf 84' lang='lat' dir='ltr'><em>positum.</em></span> <span class='ocrx_word' id='word_1_228' title='bbox 870 1911 926 1941; x_wconf 86' lang='lat' dir='ltr'><strong>Ill.</strong></span> <span class='ocrx_word' id='word_1_229' title='bbox 948 1907 998 1949; x_wconf 90' lang='lat'><em>19,</em></span> 
     </span>
     <span class='ocr_line' id='line_1_39' title="bbox 281 1957 586 1996; baseline -0.013 -5"><span class='ocrx_word' id='word_1_230' title='bbox 281 1957 335 1991; x_wconf 76' lang='lat'><em>46.</em></span> <span class='ocrx_word' id='word_1_231' title='bbox 372 1959 427 1991; x_wconf 89' lang='lat' dir='ltr'><em>IV.</em></span> <span class='ocrx_word' id='word_1_232' title='bbox 452 1957 507 1996; x_wconf 72' lang='lat'><strong>⁴23,</strong></span> <span class='ocrx_word' id='word_1_233' title='bbox 532 1957 586 1989; x_wconf 89' lang='lat'><em>52.</em></span> 
     </span>
    </p>

    <p class='ocr_par' dir='ltr' id='par_1_23' title="bbox 240 1999 997 2090">
     <span class='ocr_line' id='line_1_40' title="bbox 240 1999 997 2045; baseline -0.008 -9"><span class='ocrx_word' id='word_1_234' title='bbox 240 2006 390 2044; x_wconf 83' lang='lat' dir='ltr'><em>Quidem,</em></span> <span class='ocrx_word' id='word_1_235' title='bbox 425 2001 486 2045; x_wconf 83' lang='grc' dir='ltr'><em>γέ,</em></span> <span class='ocrx_word' id='word_1_236' title='bbox 520 2001 552 2033; x_wconf 85' lang='lat' dir='ltr'><em>vi</em></span> <span class='ocrx_word' id='word_1_237' title='bbox 577 1999 837 2042; x_wconf 79' lang='lat' dir='ltr'><em>argumentativa</em></span> <span class='ocrx_word' id='word_1_238' title='bbox 863 2006 895 2031; x_wconf 89' lang='lat' dir='ltr'><em>et</em></span> <span class='ocrx_word' id='word_1_239' title='bbox 919 2011 997 2042; x_wconf 89' lang='lat' dir='ltr'><em>sup-</em></span> 
     </span>
     <span class='ocr_line' id='line_1_41' title="bbox 282 2044 588 2090; baseline -0.007 -12"><span class='ocrx_word' id='word_1_240' title='bbox 282 2048 416 2090; x_wconf 82' lang='lat' dir='ltr'><em>pletiva.</em></span> <span class='ocrx_word' id='word_1_241' title='bbox 452 2049 474 2078; x_wconf 86' lang='grc' dir='ltr'>Ι.</span> <span class='ocrx_word' id='word_1_242' title='bbox 502 2045 530 2084; x_wconf 91' lang='grc'><em>1,</em></span> <span class='ocrx_word' id='word_1_243' title='bbox 556 2044 588 2077; x_wconf 81' lang='lat'><em>3.</em></span> 
     </span>
    </p>

    <p class='ocr_par' dir='ltr' id='par_1_24' title="bbox 239 2099 1001 2230">
     <span class='ocr_line' id='line_1_42' title="bbox 239 2099 1001 2144; baseline -0.003 -12"><span class='ocrx_word' id='word_1_244' title='bbox 239 2105 390 2143; x_wconf 83' lang='lat' dir='ltr'><em>Quidem,</em></span> <span class='ocrx_word' id='word_1_245' title='bbox 425 2101 481 2144; x_wconf 79' lang='grc' dir='ltr'>γε’,</span> <span class='ocrx_word' id='word_1_246' title='bbox 515 2100 702 2132; x_wconf 79' lang='lat' dir='ltr'><em>nominibus</em></span> <span class='ocrx_word' id='word_1_247' title='bbox 736 2099 877 2141; x_wconf 87' lang='lat' dir='ltr'><em>propriis</em></span> <span class='ocrx_word' id='word_1_248' title='bbox 903 2099 1001 2130; x_wconf 79' lang='lat' dir='ltr'><em>addi-</em></span> 
     </span>
     <span class='ocr_line' id='line_1_43' title="bbox 283 2145 999 2188; baseline -0.006 -10"><span class='ocrx_word' id='word_1_249' title='bbox 283 2154 373 2185; x_wconf 87' lang='lat' dir='ltr'><em>tum,</em></span> <span class='ocrx_word' id='word_1_250' title='bbox 400 2157 459 2188; x_wconf 86' lang='lat' dir='ltr'><em>pro</em></span> <span class='ocrx_word' id='word_1_251' title='bbox 484 2149 517 2178; x_wconf 74' lang='lat' dir='ltr'><em>ui</em></span> <span class='ocrx_word' id='word_1_252' title='bbox 541 2148 573 2177; x_wconf 86' lang='lat' dir='ltr'><em>in</em></span> <span class='ocrx_word' id='word_1_253' title='bbox 596 2146 771 2183; x_wconf 75' lang='lat' dir='ltr'><em>exemplum</em></span> <span class='ocrx_word' id='word_1_254' title='bbox 795 2145 938 2183; x_wconf 72' lang='lat' dir='ltr'><em>afferam.</em></span> <span class='ocrx_word' id='word_1_255' title='bbox 976 2146 999 2175; x_wconf 92' lang='lat' dir='ltr'><em>I.</em></span> 
     </span>
     <span class='ocr_line' id='line_1_44' title="bbox 285 2188 439 2230; baseline -0.019 -7"><span class='ocrx_word' id='word_1_256' title='bbox 285 2190 338 2230; x_wconf 88' lang='grc'><em>18,</em></span> <span class='ocrx_word' id='word_1_257' title='bbox 366 2188 439 2222; x_wconf 89' lang='grc'><em>116.</em></span> 
     </span>
    </p>

    <p class='ocr_par' dir='ltr' id='par_1_25' title="bbox 241 2233 1000 2317">
     <span class='ocr_line' id='line_1_45' title="bbox 241 2233 1000 2276; baseline -0.007 -8"><span class='ocrx_word' id='word_1_258' title='bbox 241 2238 373 2276; x_wconf 84' lang='lat' dir='ltr'><em>Quidem</em></span> <span class='ocrx_word' id='word_1_259' title='bbox 396 2235 446 2266; x_wconf 78' lang='lat' dir='ltr'><em>in:</em></span> <span class='ocrx_word' id='word_1_260' title='bbox 483 2233 659 2266; x_wconf 81' lang='lat' dir='ltr'><em>absurdum</em></span> <span class='ocrx_word' id='word_1_261' title='bbox 684 2235 717 2264; x_wconf 87' lang='lat' dir='ltr'><em>id</em></span> <span class='ocrx_word' id='word_1_262' title='bbox 739 2235 864 2272; x_wconf 84' lang='lat' dir='ltr'><em>quidem</em></span> <span class='ocrx_word' id='word_1_263' title='bbox 898 2239 930 2263; x_wconf 85' lang='lat' dir='ltr'><em>et</em></span> <span class='ocrx_word' id='word_1_264' title='bbox 954 2233 1000 2264; x_wconf 87' lang='lat' dir='ltr'><em>si—</em></span> 
     </span>
     <span class='ocr_line' id='line_1_46' title="bbox 283 2276 645 2317; baseline -0.008 -5"><span class='ocrx_word' id='word_1_265' title='bbox 283 2280 426 2312; x_wconf 87' lang='lat' dir='ltr'><em>milibus.</em></span> <span class='ocrx_word' id='word_1_266' title='bbox 462 2281 486 2311; x_wconf 95' lang='grc'><em>1.</em></span> <span class='ocrx_word' id='word_1_267' title='bbox 512 2278 565 2317; x_wconf 88' lang='lat'><em>25,</em></span> <span class='ocrx_word' id='word_1_268' title='bbox 591 2276 645 2310; x_wconf 88' lang='lat'><em>61.</em></span> 
     </span>
    </p>

    <p class='ocr_par' dir='ltr' id='par_1_26' title="bbox 242 2322 1002 2408">
     <span class='ocr_line' id='line_1_47' title="bbox 242 2322 1002 2365; baseline -0.004 -8"><span class='ocrx_word' id='word_1_269' title='bbox 242 2327 373 2365; x_wconf 79' lang='lat' dir='ltr'><em>Quidem</em></span> <span class='ocrx_word' id='word_1_270' title='bbox 406 2324 461 2355; x_wconf 87' lang='lat' dir='ltr'><em>in:</em></span> <span class='ocrx_word' id='word_1_271' title='bbox 506 2335 603 2355; x_wconf 87' lang='lat' dir='ltr'><em>nemo</em></span> <span class='ocrx_word' id='word_1_272' title='bbox 635 2322 848 2355; x_wconf 81' lang='lat' dir='ltr'><em>mediocriter</em></span> <span class='ocrx_word' id='word_1_273' title='bbox 879 2324 1002 2362; x_wconf 85' lang='lat' dir='ltr'><em>quidem</em></span> 
     </span>
     <span class='ocr_line' id='line_1_48' title="bbox 285 2369 600 2408; baseline -0.003 -8"><span class='ocrx_word' id='word_1_274' title='bbox 285 2369 412 2401; x_wconf 84' lang='lat' dir='ltr'><em>doctus.</em></span> <span class='ocrx_word' id='word_1_275' title='bbox 448 2370 488 2400; x_wconf 87' lang='grc' dir='ltr'>ΙΙ.</span> <span class='ocrx_word' id='word_1_276' title='bbox 513 2369 544 2408; x_wconf 74' lang='grc'><em>3,</em></span> <span class='ocrx_word' id='word_1_277' title='bbox 570 2369 600 2401; x_wconf 95' lang='lat'><em>7.</em></span> 
     </span>
    </p>

    <p class='ocr_par' dir='ltr' id='par_1_27' title="bbox 244 2410 1002 2456">
     <span class='ocr_line' id='line_1_49' title="bbox 244 2410 1002 2456; baseline -0.001 -10"><span class='ocrx_word' id='word_1_278' title='bbox 244 2416 386 2454; x_wconf 81' lang='lat' dir='ltr'><em>Quidem,</em></span> <span class='ocrx_word' id='word_1_279' title='bbox 409 2412 460 2456; x_wconf 81' lang='grc' dir='ltr'>γε’,</span> <span class='ocrx_word' id='word_1_280' title='bbox 483 2413 516 2444; x_wconf 87' lang='lat' dir='ltr'><em>in</em></span> <span class='ocrx_word' id='word_1_281' title='bbox 543 2412 762 2456; x_wconf 86' lang='lat' dir='ltr'><em>oppositione.</em></span> <span class='ocrx_word' id='word_1_282' title='bbox 803 2414 843 2445; x_wconf 80' lang='lat' dir='ltr'><em>II.</em></span> <span class='ocrx_word' id='word_1_283' title='bbox 872 2410 923 2452; x_wconf 88' lang='lat'><em>17,</em></span> <span class='ocrx_word' id='word_1_284' title='bbox 947 2412 1002 2445; x_wconf 78' lang='lat'><em>41.</em></span> 
     </span>
    </p>

    <p class='ocr_par' dir='ltr' id='par_1_28' title="bbox 245 2468 1004 2640">
     <span class='ocr_line' id='line_1_50' title="bbox 245 2468 1004 2509; baseline -0.003 -8"><span class='ocrx_word' id='word_1_285' title='bbox 245 2472 374 2509; x_wconf 83' lang='lat' dir='ltr'><em>Quidem</em></span> <span class='ocrx_word' id='word_1_286' title='bbox 392 2481 463 2501; x_wconf 86' lang='lat' dir='ltr'><em>cum</em></span> <span class='ocrx_word' id='word_1_287' title='bbox 484 2468 768 2501; x_wconf 84' lang='lat' dir='ltr'><em>coniunctionibus</em></span> <span class='ocrx_word' id='word_1_288' title='bbox 790 2468 946 2508; x_wconf 89' lang='lat' dir='ltr'><em>iunctum,</em></span> <span class='ocrx_word' id='word_1_289' title='bbox 969 2475 1004 2500; x_wconf 89' lang='lat' dir='ltr'><em>ut</em></span> 
     </span>
     <span class='ocr_line' id='line_1_51' title="bbox 286 2512 1002 2556; baseline 0.001 -11"><span class='ocrx_word' id='word_1_290' title='bbox 286 2517 431 2553; x_wconf 85' lang='lat' dir='ltr'><em>quoniam</em></span> <span class='ocrx_word' id='word_1_291' title='bbox 457 2516 599 2554; x_wconf 85' lang='lat' dir='ltr'><em>quidem,</em></span> <span class='ocrx_word' id='word_1_292' title='bbox 625 2512 815 2556; x_wconf 76' lang='grc' dir='ltr'>ἐπειδήπερ.</span> <span class='ocrx_word' id='word_1_293' title='bbox 865 2514 922 2545; x_wconf 87' lang='grc' dir='ltr'>ΙΙΙ.</span> <span class='ocrx_word' id='word_1_294' title='bbox 947 2514 1002 2551; x_wconf 77' lang='lat'><em>27,</em></span> 
     </span>
     <span class='ocr_line' id='line_1_52' title="bbox 287 2557 1004 2598; baseline -0.001 -8"><span class='ocrx_word' id='word_1_295' title='bbox 287 2557 341 2590; x_wconf 86' lang='lat'><em>66.</em></span> <span class='ocrx_word' id='word_1_296' title='bbox 393 2561 502 2590; x_wconf 85' lang='lat' dir='ltr'><em>Verum</em></span> <span class='ocrx_word' id='word_1_297' title='bbox 533 2560 678 2597; x_wconf 85' lang='lat' dir='ltr'><em>quidem,</em></span> <span class='ocrx_word' id='word_1_298' title='bbox 721 2568 900 2598; x_wconf 79' lang='lat' dir='ltr'><em>quanquam</em></span> <span class='ocrx_word' id='word_1_299' title='bbox 936 2560 1004 2598; x_wconf 87' lang='lat' dir='ltr'><em>qui-</em></span> 
     </span>
     <span class='ocr_line' id='line_1_53' title="bbox 286 2600 610 2640; baseline -0.003 -6"><span class='ocrx_word' id='word_1_300' title='bbox 286 2603 366 2634; x_wconf 83' lang='lat' dir='ltr'><em>dem.</em></span> <span class='ocrx_word' id='word_1_301' title='bbox 400 2603 455 2632; x_wconf 83' lang='lat'><strong>111.</strong></span> <span class='ocrx_word' id='word_1_302' title='bbox 481 2600 535 2640; x_wconf 77' lang='grc'><em>34,</em></span> <span class='ocrx_word' id='word_1_303' title='bbox 557 2601 610 2634; x_wconf 71' lang='grc'>84.</span> 
     </span>
    </p>

    <p class='ocr_par' dir='ltr' id='par_1_29' title="bbox 247 2644 957 2688">
     <span class='ocr_line' id='line_1_54' title="bbox 247 2644 957 2688; baseline 0.003 -11"><span class='ocrx_word' id='word_1_304' title='bbox 247 2647 379 2686; x_wconf 79' lang='lat' dir='ltr'><em>Quidem</em></span> <span class='ocrx_word' id='word_1_305' title='bbox 403 2645 544 2688; x_wconf 83' lang='lat' dir='ltr'><em>repetite</em></span> <span class='ocrx_word' id='word_1_306' title='bbox 568 2646 722 2687; x_wconf 88' lang='lat' dir='ltr'><em>positum.</em></span> <span class='ocrx_word' id='word_1_307' title='bbox 758 2649 797 2678; x_wconf 90' lang='grc' dir='ltr'>ΙΙ.</span> <span class='ocrx_word' id='word_1_308' title='bbox 826 2644 878 2686; x_wconf 84' lang='grc'><em>14,</em></span> <span class='ocrx_word' id='word_1_309' title='bbox 903 2645 957 2679; x_wconf 72' lang='grc'>34.</span> 
     </span>
    </p>

    <p class='ocr_par' dir='ltr' id='par_1_30' title="bbox 247 2689 1003 2817">
     <span class='ocr_line' id='line_1_55' title="bbox 247 2689 1003 2731; baseline 0.001 -9"><span class='ocrx_word' id='word_1_310' title='bbox 247 2692 379 2730; x_wconf 86' lang='lat' dir='ltr'><em>Quidem</em></span> <span class='ocrx_word' id='word_1_311' title='bbox 402 2689 454 2721; x_wconf 89' lang='lat' dir='ltr'><em>in:</em></span> <span class='ocrx_word' id='word_1_312' title='bbox 483 2696 598 2731; x_wconf 83' lang='lat' dir='ltr'><em>optare</em></span> <span class='ocrx_word' id='word_1_313' title='bbox 620 2691 684 2722; x_wconf 84' lang='lat' dir='ltr'><em>hoc</em></span> <span class='ocrx_word' id='word_1_314' title='bbox 705 2694 829 2731; x_wconf 84' lang='lat' dir='ltr'><em>quidem</em></span> <span class='ocrx_word' id='word_1_315' title='bbox 852 2698 911 2730; x_wconf 87' lang='lat' dir='ltr'><em>est,</em></span> <span class='ocrx_word' id='word_1_316' title='bbox 938 2703 1003 2723; x_wconf 89' lang='lat' dir='ltr'><em>non</em></span> 
     </span>
     <span class='ocr_line' id='line_1_56' title="bbox 293 2733 1003 2776; baseline 0.003 -10"><span class='ocrx_word' id='word_1_317' title='bbox 293 2735 434 2772; x_wconf 74' lang='lat' dir='ltr'><em>docere,</em></span> <span class='ocrx_word' id='word_1_318' title='bbox 460 2733 614 2776; x_wconf 81' lang='lat' dir='ltr'><em>decipere</em></span> <span class='ocrx_word' id='word_1_319' title='bbox 630 2734 695 2766; x_wconf 90' lang='lat' dir='ltr'><em>hoc</em></span> <span class='ocrx_word' id='word_1_320' title='bbox 712 2738 836 2775; x_wconf 85' lang='lat' dir='ltr'><em>quidem</em></span> <span class='ocrx_word' id='word_1_321' title='bbox 855 2743 915 2775; x_wconf 89' lang='lat' dir='ltr'><em>est,</em></span> <span class='ocrx_word' id='word_1_322' title='bbox 938 2747 1003 2768; x_wconf 88' lang='lat' dir='ltr'><em>non</em></span> 
     </span>
     <span class='ocr_line' id='line_1_57' title="bbox 293 2777 755 2817; baseline 0.004 -7"><span class='ocrx_word' id='word_1_323' title='bbox 293 2779 436 2811; x_wconf 79' lang='lat' dir='ltr'><em>iudicare</em></span> <span class='ocrx_word' id='word_1_324' title='bbox 461 2785 523 2810; x_wconf 89' lang='lat' dir='ltr'><em>etc.</em></span> <span class='ocrx_word' id='word_1_325' title='bbox 558 2780 597 2809; x_wconf 89' lang='grc' dir='ltr'>ΙΙ.</span> <span class='ocrx_word' id='word_1_326' title='bbox 625 2777 676 2817; x_wconf 83' lang='grc'><em>13,</em></span> <span class='ocrx_word' id='word_1_327' title='bbox 702 2779 755 2812; x_wconf 82' lang='lat'><em>30.</em></span> 
     </span>
    </p>

    <p class='ocr_par' dir='ltr' id='par_1_31' title="bbox 249 2823 921 2866">
     <span class='ocr_line' id='line_1_58' title="bbox 249 2823 921 2866; baseline 0.001 -11"><span class='ocrx_word' id='word_1_328' title='bbox 249 2826 380 2863; x_wconf 84' lang='lat' dir='ltr'><em>Quidem</em></span> <span class='ocrx_word' id='word_1_329' title='bbox 403 2828 480 2856; x_wconf 77' lang='lat' dir='ltr'><em>cerie</em></span> <span class='ocrx_word' id='word_1_330' title='bbox 503 2823 689 2866; x_wconf 85' lang='lat' dir='ltr'><em>iunguntur.</em></span> <span class='ocrx_word' id='word_1_331' title='bbox 725 2825 764 2855; x_wconf 89' lang='lat' dir='ltr'><em>V.</em></span> <span class='ocrx_word' id='word_1_332' title='bbox 787 2824 842 2863; x_wconf 90' lang='lat'><em>20,</em></span> <span class='ocrx_word' id='word_1_333' title='bbox 867 2824 921 2858; x_wconf 84' lang='lat'><em>60.</em></span> 
     </span>
    </p>

    <p class='ocr_par' dir='ltr' id='par_1_32' title="bbox 248 2867 1001 2953">
     <span class='ocr_line' id='line_1_59' title="bbox 248 2867 1001 2912; baseline 0.001 -12"><span class='ocrx_word' id='word_1_334' title='bbox 248 2871 350 2909; x_wconf 82' lang='lat' dir='ltr'><em>Quin,</em></span> <span class='ocrx_word' id='word_1_335' title='bbox 387 2880 458 2900; x_wconf 92' lang='lat' dir='ltr'><em>cum</em></span> <span class='ocrx_word' id='word_1_336' title='bbox 483 2867 693 2900; x_wconf 86' lang='lat' dir='ltr'><em>coniunctivo</em></span> <span class='ocrx_word' id='word_1_337' title='bbox 716 2867 882 2904; x_wconf 80' lang='lat' dir='ltr'><em>iunctum,</em></span> <span class='ocrx_word' id='word_1_338' title='bbox 908 2877 1001 2912; x_wconf 91' lang='lat' dir='ltr'><em>post:</em></span> 
     </span>
     <span class='ocr_line' id='line_1_60' title="bbox 287 2912 879 2953; baseline 0.005 -9"><span class='ocrx_word' id='word_1_339' title='bbox 287 2915 441 2953; x_wconf 53' lang='lat' dir='ltr'><em>nunquid</em></span> <span class='ocrx_word' id='word_1_340' title='bbox 463 2923 591 2946; x_wconf 82' lang='lat' dir='ltr'><em>caussae</em></span> <span class='ocrx_word' id='word_1_341' title='bbox 614 2916 666 2944; x_wconf 84' lang='lat' dir='ltr'><em>est.</em></span> <span class='ocrx_word' id='word_1_342' title='bbox 699 2914 724 2944; x_wconf 93' lang='grc' dir='ltr'><em>Ι.</em></span> <span class='ocrx_word' id='word_1_343' title='bbox 749 2912 803 2950; x_wconf 84' lang='grc'><em>32,</em></span> <span class='ocrx_word' id='word_1_344' title='bbox 828 2913 879 2947; x_wconf 81' lang='grc'><em>78.</em></span> 
     </span>
    </p>

    <p class='ocr_par' dir='ltr' id='par_1_33' title="bbox 246 2956 999 3000">
     <span class='ocr_line' id='line_1_61' title="bbox 246 2956 999 3000; baseline 0.001 -11"><span class='ocrx_word' id='word_1_345' title='bbox 246 2958 347 2996; x_wconf 82' lang='lat' dir='ltr'><em>Quin,</em></span> <span class='ocrx_word' id='word_1_346' title='bbox 382 2969 453 2990; x_wconf 89' lang='lat' dir='ltr'><em>cum</em></span> <span class='ocrx_word' id='word_1_347' title='bbox 479 2957 688 2991; x_wconf 86' lang='lat' dir='ltr'><em>coniunctivo</em></span> <span class='ocrx_word' id='word_1_348' title='bbox 711 2956 877 2998; x_wconf 87' lang='lat' dir='ltr'><em>iunctum,</em></span> <span class='ocrx_word' id='word_1_349' title='bbox 903 2965 999 3000; x_wconf 87' lang='lat' dir='ltr'><em>post:</em></span> 
     </span>
    </p>
   </div>
   <div class='ocr_carea' id='block_1_5' title="bbox 671 108 1335 149">
    <p class='ocr_par' dir='ltr' id='par_1_34' title="bbox 671 108 1335 149">
     <span class='ocr_line' id='line_1_62' title="bbox 671 108 1335 149; baseline -0.006 0"><span class='ocrx_word' id='word_1_350' title='bbox 671 114 817 149; x_wconf 88' lang='lat' dir='ltr'>INDEX</span> <span class='ocrx_word' id='word_1_351' title='bbox 842 109 1000 145; x_wconf 83' lang='lat' dir='ltr'><strong>RERUM</strong></span> <span class='ocrx_word' id='word_1_352' title='bbox 1024 108 1083 145; x_wconf 87' lang='lat' dir='ltr'><em>ET</em></span> <span class='ocrx_word' id='word_1_353' title='bbox 1107 108 1335 145; x_wconf 81' lang='lat' dir='ltr'><strong>NOMINUM.</strong></span> 
     </span>
    </p>
   </div>
   <div class='ocr_carea' id='block_1_6' title="bbox 1017 192 1795 2508">
    <p class='ocr_par' dir='ltr' id='par_1_35' title="bbox 1059 192 1777 276">
     <span class='ocr_line' id='line_1_63' title="bbox 1060 192 1777 230; baseline -0.003 -7"><span class='ocrx_word' id='word_1_354' title='bbox 1060 192 1123 223; x_wconf 87' lang='lat' dir='ltr'><em>dici</em></span> <span class='ocrx_word' id='word_1_355' title='bbox 1144 200 1205 223; x_wconf 87' lang='lat' dir='ltr'><em>non</em></span> <span class='ocrx_word' id='word_1_356' title='bbox 1227 193 1344 230; x_wconf 75' lang='lat' dir='ltr'><em>polest,</em></span> <span class='ocrx_word' id='word_1_357' title='bbox 1366 192 1474 229; x_wconf 69' lang='lat' dir='ltr'><em>nequi-i</em></span> <span class='ocrx_word' id='word_1_358' title='bbox 1497 200 1557 222; x_wconf 84' lang='lat' dir='ltr'><em>non</em></span> <span class='ocrx_word' id='word_1_359' title='bbox 1577 192 1693 229; x_wconf 77' lang='lat' dir='ltr'><em>potest,</em></span> <span class='ocrx_word' id='word_1_360' title='bbox 1716 197 1777 221; x_wconf 82' lang='lat' dir='ltr'><em>non</em></span> 
     </span>
     <span class='ocr_line' id='line_1_64' title="bbox 1059 232 1391 276; baseline -0.003 -9"><span class='ocrx_word' id='word_1_361' title='bbox 1059 238 1179 276; x_wconf 69' lang='lat' dir='ltr'><em>ignoro.</em></span> <span class='ocrx_word' id='word_1_362' title='bbox 1214 236 1255 267; x_wconf 83' lang='lat' dir='ltr'><em>V.</em></span> <span class='ocrx_word' id='word_1_363' title='bbox 1279 232 1311 273; x_wconf 92' lang='lat'><em>7,</em></span> <span class='ocrx_word' id='word_1_364' title='bbox 1340 232 1391 266; x_wconf 90' lang='lat'><em>17.</em></span> 
     </span>
    </p>

    <p class='ocr_par' dir='ltr' id='par_1_36' title="bbox 1018 277 1722 322">
     <span class='ocr_line' id='line_1_65' title="bbox 1018 277 1722 322; baseline -0.003 -10"><span class='ocrx_word' id='word_1_365' title='bbox 1018 283 1159 320; x_wconf 83' lang='lat' dir='ltr'><em>Quippe,</em></span> <span class='ocrx_word' id='word_1_366' title='bbox 1185 278 1346 322; x_wconf 84' lang='lat' dir='ltr'><em>particula</em></span> <span class='ocrx_word' id='word_1_367' title='bbox 1370 277 1505 310; x_wconf 86' lang='lat' dir='ltr'><em>ironica.</em></span> <span class='ocrx_word' id='word_1_368' title='bbox 1541 278 1564 309; x_wconf 89' lang='grc' dir='ltr'>Ι.</span> <span class='ocrx_word' id='word_1_369' title='bbox 1586 277 1642 318; x_wconf 88' lang='grc'><em>21,</em></span> <span class='ocrx_word' id='word_1_370' title='bbox 1666 277 1722 310; x_wconf 77' lang='grc'>48.</span> 
     </span>
    </p>

    <p class='ocr_par' dir='ltr' id='par_1_37' title="bbox 1017 320 1559 365">
     <span class='ocr_line' id='line_1_66' title="bbox 1017 320 1559 365; baseline -0.006 -9"><span class='ocrx_word' id='word_1_371' title='bbox 1017 327 1079 364; x_wconf 86' lang='lat' dir='ltr'><em>Qui</em></span> <span class='ocrx_word' id='word_1_372' title='bbox 1102 325 1247 364; x_wconf 87' lang='lat' dir='ltr'><em>quidem,</em></span> <span class='ocrx_word' id='word_1_373' title='bbox 1272 320 1311 361; x_wconf 76' lang='grc' dir='ltr'><em>ὅς</em></span> <span class='ocrx_word' id='word_1_374' title='bbox 1334 333 1383 365; x_wconf 87' lang='grc' dir='ltr'>γε.</span> <span class='ocrx_word' id='word_1_375' title='bbox 1420 324 1444 354; x_wconf 88' lang='grc' dir='ltr'><em>Ι.</em></span> <span class='ocrx_word' id='word_1_376' title='bbox 1472 321 1500 360; x_wconf 86' lang='grc'><em>1,</em></span> <span class='ocrx_word' id='word_1_377' title='bbox 1525 320 1559 354; x_wconf 84' lang='grc'>3.</span> 
     </span>
    </p>

    <p class='ocr_par' dir='ltr' id='par_1_38' title="bbox 1019 365 1718 411">
     <span class='ocr_line' id='line_1_67' title="bbox 1019 365 1718 411; baseline -0.004 -11"><span class='ocrx_word' id='word_1_378' title='bbox 1019 372 1095 409; x_wconf 84' lang='lat' dir='ltr'><em>Quis</em></span> <span class='ocrx_word' id='word_1_379' title='bbox 1119 375 1152 399; x_wconf 84' lang='lat' dir='ltr'><em>et</em></span> <span class='ocrx_word' id='word_1_380' title='bbox 1174 371 1277 409; x_wconf 84' lang='lat' dir='ltr'><em>qualis</em></span> <span class='ocrx_word' id='word_1_381' title='bbox 1300 367 1486 411; x_wconf 84' lang='lat' dir='ltr'><em>iunguntur.</em></span> <span class='ocrx_word' id='word_1_382' title='bbox 1525 368 1582 398; x_wconf 90' lang='grc' dir='ltr'>ΙΙΙ.</span> <span class='ocrx_word' id='word_1_383' title='bbox 1605 366 1637 404; x_wconf 81' lang='lat'><em>5,</em></span> <span class='ocrx_word' id='word_1_384' title='bbox 1666 365 1718 398; x_wconf 87' lang='lat'><em>11.</em></span> 
     </span>
    </p>

    <p class='ocr_par' dir='ltr' id='par_1_39' title="bbox 1020 410 1779 495">
     <span class='ocr_line' id='line_1_68' title="bbox 1020 410 1779 454; baseline -0.004 -9"><span class='ocrx_word' id='word_1_385' title='bbox 1020 416 1119 453; x_wconf 83' lang='lat' dir='ltr'><em>Quis,</em></span> <span class='ocrx_word' id='word_1_386' title='bbox 1153 423 1216 453; x_wconf 86' lang='lat' dir='ltr'><em>qua</em></span> <span class='ocrx_word' id='word_1_387' title='bbox 1248 419 1281 444; x_wconf 86' lang='lat' dir='ltr'><em>et</em></span> <span class='ocrx_word' id='word_1_388' title='bbox 1304 415 1376 452; x_wconf 87' lang='lat' dir='ltr'><em>qui,</em></span> <span class='ocrx_word' id='word_1_389' title='bbox 1410 422 1489 452; x_wconf 86' lang='lat' dir='ltr'><em>quae</em></span> <span class='ocrx_word' id='word_1_390' title='bbox 1513 411 1590 454; x_wconf 88' lang='lat' dir='ltr'><em>quid</em></span> <span class='ocrx_word' id='word_1_391' title='bbox 1613 410 1779 442; x_wconf 82' lang='lat' dir='ltr'><em>differant.</em></span> 
     </span>
     <span class='ocr_line' id='line_1_69' title="bbox 1067 457 1282 495; baseline 0 -5"><span class='ocrx_word' id='word_1_392' title='bbox 1067 459 1121 490; x_wconf 89' lang='lat' dir='ltr'><em>1V.</em></span> <span class='ocrx_word' id='word_1_393' title='bbox 1150 458 1201 495; x_wconf 85' lang='lat'><em>14,</em></span> <span class='ocrx_word' id='word_1_394' title='bbox 1226 457 1282 490; x_wconf 77' lang='lat'><em>33.</em></span> 
     </span>
    </p>

    <p class='ocr_par' dir='ltr' id='par_1_40' title="bbox 1023 499 1780 588">
     <span class='ocr_line' id='line_1_70' title="bbox 1023 499 1780 544; baseline -0.007 -9"><span class='ocrx_word' id='word_1_395' title='bbox 1023 505 1098 543; x_wconf 81' lang='lat' dir='ltr'><em>Quis</em></span> <span class='ocrx_word' id='word_1_396' title='bbox 1117 509 1150 534; x_wconf 86' lang='lat' dir='ltr'><em>et</em></span> <span class='ocrx_word' id='word_1_397' title='bbox 1165 503 1228 544; x_wconf 77' lang='grc' dir='ltr'>τὶς,</span> <span class='ocrx_word' id='word_1_398' title='bbox 1248 500 1386 533; x_wconf 86' lang='lat' dir='ltr'><em>subiecti</em></span> <span class='ocrx_word' id='word_1_399' title='bbox 1405 500 1535 540; x_wconf 74' lang='lat' dir='ltr'><em>vicaria,</em></span> <span class='ocrx_word' id='word_1_400' title='bbox 1560 511 1660 542; x_wconf 85' lang='lat' dir='ltr'><em>saepe</em></span> <span class='ocrx_word' id='word_1_401' title='bbox 1679 499 1780 531; x_wconf 83' lang='lat' dir='ltr'><em>omit-</em></span> 
     </span>
     <span class='ocr_line' id='line_1_71' title="bbox 1067 544 1561 588; baseline -0.004 -10"><span class='ocrx_word' id='word_1_402' title='bbox 1067 554 1190 579; x_wconf 85' lang='lat' dir='ltr'><em>tuntur.</em></span> <span class='ocrx_word' id='word_1_403' title='bbox 1226 544 1282 578; x_wconf 80' lang='lat' dir='ltr'><em>IV.</em></span> <span class='ocrx_word' id='word_1_404' title='bbox 1305 545 1336 584; x_wconf 79' lang='grc'><em>8,</em></span> <span class='ocrx_word' id='word_1_405' title='bbox 1368 544 1418 577; x_wconf 90' lang='grc'><em>17.</em></span> <span class='ocrx_word' id='word_1_406' title='bbox 1558 585 1561 588; x_wconf 24' lang='grc' dir='ltr'><strong>Δ</strong></span> 
     </span>
    </p>

    <p class='ocr_par' dir='ltr' id='par_1_41' title="bbox 1023 589 1783 724">
     <span class='ocr_line' id='line_1_72' title="bbox 1023 589 1783 632; baseline -0.005 -8"><span class='ocrx_word' id='word_1_407' title='bbox 1023 594 1098 632; x_wconf 89' lang='lat' dir='ltr'><em>Quis</em></span> <span class='ocrx_word' id='word_1_408' title='bbox 1121 599 1154 624; x_wconf 87' lang='lat' dir='ltr'><em>et</em></span> <span class='ocrx_word' id='word_1_409' title='bbox 1182 595 1309 632; x_wconf 89' lang='lat' dir='ltr'><em>quisque</em></span> <span class='ocrx_word' id='word_1_410' title='bbox 1333 602 1371 621; x_wconf 86' lang='lat' dir='ltr'><em>ex</em></span> <span class='ocrx_word' id='word_1_411' title='bbox 1406 589 1632 621; x_wconf 80' lang='lat' dir='ltr'><em>enuntiatione</em></span> <span class='ocrx_word' id='word_1_412' title='bbox 1656 589 1783 632; x_wconf 54' lang='lat' dir='ltr'><em>prima—‘-</em></span> 
     </span>
     <span class='ocr_line' id='line_1_73' title="bbox 1066 633 1781 677; baseline -0.006 -9"><span class='ocrx_word' id='word_1_413' title='bbox 1066 637 1112 668; x_wconf 80' lang='lat' dir='ltr'><em>ria</em></span> <span class='ocrx_word' id='word_1_414' title='bbox 1145 637 1177 668; x_wconf 85' lang='lat' dir='ltr'><em>in</em></span> <span class='ocrx_word' id='word_1_415' title='bbox 1209 635 1435 668; x_wconf 74' lang='lat' dir='ltr'><em>secundariam</em></span> <span class='ocrx_word' id='word_1_416' title='bbox 1459 635 1674 667; x_wconf 80' lang='lat' dir='ltr'><em>traducuntur</em></span> <span class='ocrx_word' id='word_1_417' title='bbox 1707 633 1781 677; x_wconf 70' lang='lat' dir='ltr'><em>(de-</em></span> 
     </span>
     <span class='ocr_line' id='line_1_74' title="bbox 1068 677 1759 724; baseline -0.004 -11"><span class='ocrx_word' id='word_1_418' title='bbox 1068 682 1194 720; x_wconf 76' lang='lat' dir='ltr'><em>fendat,</em></span> <span class='ocrx_word' id='word_1_419' title='bbox 1221 680 1311 724; x_wconf 83' lang='lat' dir='ltr'><em>quod</em></span> <span class='ocrx_word' id='word_1_420' title='bbox 1335 683 1404 720; x_wconf 86' lang='lat' dir='ltr'><em>quis</em></span> <span class='ocrx_word' id='word_1_421' title='bbox 1426 680 1553 720; x_wconf 83' lang='lat' dir='ltr'><em>sentit).</em></span> <span class='ocrx_word' id='word_1_422' title='bbox 1592 680 1647 711; x_wconf 89' lang='lat' dir='ltr'><em>IV.</em></span> <span class='ocrx_word' id='word_1_423' title='bbox 1671 677 1703 717; x_wconf 87' lang='lat'><em>4,</em></span> <span class='ocrx_word' id='word_1_424' title='bbox 1728 678 1759 711; x_wconf 91' lang='lat'><em>7.</em></span> 
     </span>
    </p>

    <p class='ocr_par' dir='ltr' id='par_1_42' title="bbox 1025 722 1783 813">
     <span class='ocr_line' id='line_1_75' title="bbox 1025 722 1783 767; baseline -0.004 -10"><span class='ocrx_word' id='word_1_425' title='bbox 1025 729 1197 767; x_wconf 78' lang='lat' dir='ltr'><em>Quisquam</em></span> <span class='ocrx_word' id='word_1_426' title='bbox 1220 732 1252 757; x_wconf 93' lang='lat' dir='ltr'><em>et</em></span> <span class='ocrx_word' id='word_1_427' title='bbox 1276 728 1358 757; x_wconf 87' lang='lat' dir='ltr'><em>ullus</em></span> <span class='ocrx_word' id='word_1_428' title='bbox 1383 724 1550 767; x_wconf 90' lang='lat' dir='ltr'><em>quomodo</em></span> <span class='ocrx_word' id='word_1_429' title='bbox 1570 724 1709 755; x_wconf 80' lang='lat' dir='ltr'><em>alterum</em></span> <span class='ocrx_word' id='word_1_430' title='bbox 1723 722 1783 764; x_wconf 23' lang='lat' dir='ltr'><em>*al-²</em></span> 
     </span>
     <span class='ocr_line' id='line_1_76' title="bbox 1070 769 1613 813; baseline -0.004 -11"><span class='ocrx_word' id='word_1_431' title='bbox 1070 778 1176 802; x_wconf 85' lang='lat' dir='ltr'><em>terum</em></span> <span class='ocrx_word' id='word_1_432' title='bbox 1199 771 1361 813; x_wconf 76' lang='lat' dir='ltr'><em>suppleat.</em></span> <span class='ocrx_word' id='word_1_433' title='bbox 1402 771 1455 801; x_wconf 87' lang='lat' dir='ltr'><em>IV.</em></span> <span class='ocrx_word' id='word_1_434' title='bbox 1482 769 1534 807; x_wconf 76' lang='lat'><em>25,</em></span> <span class='ocrx_word' id='word_1_435' title='bbox 1561 770 1613 800; x_wconf 83' lang='lat'><em>55.</em></span> 
     </span>
    </p>

    <p class='ocr_par' dir='ltr' id='par_1_43' title="bbox 1026 811 1785 941">
     <span class='ocr_line' id='line_1_77' title="bbox 1026 811 1785 856; baseline -0.007 -8"><span class='ocrx_word' id='word_1_436' title='bbox 1026 819 1208 856; x_wconf 79' lang='lat' dir='ltr'><em>Quisquam.</em></span> <span class='ocrx_word' id='word_1_437' title='bbox 1245 813 1457 847; x_wconf 76' lang='lat' dir='ltr'><em>Accusativus</em></span> <span class='ocrx_word' id='word_1_438' title='bbox 1478 821 1653 854; x_wconf 75' lang='lat' dir='ltr'><em>quenquam</em></span> <span class='ocrx_word' id='word_1_439' title='bbox 1672 811 1785 844; x_wconf 85' lang='lat' dir='ltr'><em>infini-</em></span> 
     </span>
     <span class='ocr_line' id='line_1_78' title="bbox 1071 857 1783 902; baseline -0.006 -10"><span class='ocrx_word' id='word_1_440' title='bbox 1071 862 1140 893; x_wconf 86' lang='lat' dir='ltr'><em>tivo</em></span> <span class='ocrx_word' id='word_1_441' title='bbox 1159 872 1198 892; x_wconf 78' lang='lat' dir='ltr'><em>ex</em></span> <span class='ocrx_word' id='word_1_442' title='bbox 1222 859 1420 891; x_wconf 75' lang='lat' dir='ltr'><em>abundantia</em></span> <span class='ocrx_word' id='word_1_443' title='bbox 1442 859 1581 902; x_wconf 74' lang='lat' dir='ltr'><em>quadam</em></span> <span class='ocrx_word' id='word_1_444' title='bbox 1602 857 1733 888; x_wconf 82' lang='lat' dir='ltr'><em>additus</em></span> <span class='ocrx_word' id='word_1_445' title='bbox 1749 857 1783 888; x_wconf 83' lang='lat' dir='ltr'><em>in</em></span> 
     </span>
     <span class='ocr_line' id='line_1_79' title="bbox 1070 901 1602 941; baseline -0.004 -5"><span class='ocrx_word' id='word_1_446' title='bbox 1070 905 1234 936; x_wconf 84' lang='lat' dir='ltr'><em>sententia</em></span> <span class='ocrx_word' id='word_1_447' title='bbox 1259 904 1434 936; x_wconf 80' lang='lat' dir='ltr'><em>communi.</em></span> <span class='ocrx_word' id='word_1_448' title='bbox 1466 906 1487 934; x_wconf 93' lang='lat' dir='ltr'><em>l.</em></span> <span class='ocrx_word' id='word_1_449' title='bbox 1512 903 1544 941; x_wconf 86' lang='lat'><em>3,</em></span> <span class='ocrx_word' id='word_1_450' title='bbox 1572 901 1602 934; x_wconf 84' lang='grc'><em>6.</em></span> 
     </span>
    </p>

    <p class='ocr_par' dir='ltr' id='par_1_44' title="bbox 1028 947 1788 1166">
     <span class='ocr_line' id='line_1_80' title="bbox 1028 947 1785 991; baseline -0.005 -10"><span class='ocrx_word' id='word_1_451' title='bbox 1028 952 1161 990; x_wconf 86' lang='lat' dir='ltr'><em>Quisque</em></span> <span class='ocrx_word' id='word_1_452' title='bbox 1179 949 1310 991; x_wconf 81' lang='lat' dir='ltr'><em>quando</em></span> <span class='ocrx_word' id='word_1_453' title='bbox 1330 961 1381 990; x_wconf 75' lang='lat' dir='ltr'><em>ap.</em></span> <span class='ocrx_word' id='word_1_454' title='bbox 1397 948 1461 979; x_wconf 86' lang='lat' dir='ltr'><em>Cic.</em></span> <span class='ocrx_word' id='word_1_455' title='bbox 1476 959 1547 978; x_wconf 86' lang='lat' dir='ltr'><em>cum</em></span> <span class='ocrx_word' id='word_1_456' title='bbox 1568 947 1686 989; x_wconf 77' lang='lat' dir='ltr'><em>plurali</em></span> <span class='ocrx_word' id='word_1_457' title='bbox 1702 958 1785 978; x_wconf 85' lang='lat' dir='ltr'><em>con-</em></span> 
     </span>
     <span class='ocr_line' id='line_1_81' title="bbox 1072 993 1786 1035; baseline -0.004 -10"><span class='ocrx_word' id='word_1_458' title='bbox 1072 1000 1226 1035; x_wconf 61' lang='lat' dir='ltr'><em>struentur.</em></span> <span class='ocrx_word' id='word_1_459' title='bbox 1251 994 1306 1024; x_wconf 87' lang='grc' dir='ltr'>ΙΙΙ.</span> <span class='ocrx_word' id='word_1_460' title='bbox 1320 993 1374 1029; x_wconf 80' lang='grc'><em>28,</em></span> <span class='ocrx_word' id='word_1_461' title='bbox 1387 993 1440 1025; x_wconf 86' lang='grc'><em>70.</em></span> <span class='ocrx_word' id='word_1_462' title='bbox 1475 994 1606 1031; x_wconf 76' lang='lat' dir='ltr'><em>Quisque</em></span> <span class='ocrx_word' id='word_1_463' title='bbox 1627 1003 1664 1022; x_wconf 84' lang='lat' dir='ltr'><em>ex</em></span> <span class='ocrx_word' id='word_1_464' title='bbox 1680 1003 1786 1022; x_wconf 49' lang='lat' dir='ltr'><em>euna-‘-</em></span> 
     </span>
     <span class='ocr_line' id='line_1_82' title="bbox 1073 1036 1788 1080; baseline -0.004 -11"><span class='ocrx_word' id='word_1_465' title='bbox 1073 1039 1212 1070; x_wconf 76' lang='lat' dir='ltr'><em>tintione</em></span> <span class='ocrx_word' id='word_1_466' title='bbox 1235 1037 1388 1080; x_wconf 83' lang='lat' dir='ltr'><em>primaria</em></span> <span class='ocrx_word' id='word_1_467' title='bbox 1412 1036 1443 1068; x_wconf 83' lang='lat' dir='ltr'><em>in</em></span> <span class='ocrx_word' id='word_1_468' title='bbox 1467 1036 1691 1067; x_wconf 79' lang='lat' dir='ltr'><em>secundariam</em></span> <span class='ocrx_word' id='word_1_469' title='bbox 1715 1042 1788 1067; x_wconf 86' lang='lat' dir='ltr'><em>tra-</em></span> 
     </span>
     <span class='ocr_line' id='line_1_83' title="bbox 1071 1080 1787 1125; baseline -0.006 -10"><span class='ocrx_word' id='word_1_470' title='bbox 1071 1084 1204 1115; x_wconf 86' lang='lat' dir='ltr'><em>ductum</em></span> <span class='ocrx_word' id='word_1_471' title='bbox 1218 1081 1401 1125; x_wconf 68' lang='lat' dir='ltr'><em>(defendat,</em></span> <span class='ocrx_word' id='word_1_472' title='bbox 1417 1081 1506 1125; x_wconf 86' lang='lat' dir='ltr'><em>quod</em></span> <span class='ocrx_word' id='word_1_473' title='bbox 1521 1084 1647 1121; x_wconf 88' lang='lat' dir='ltr'><em>quisque</em></span> <span class='ocrx_word' id='word_1_474' title='bbox 1659 1080 1787 1123; x_wconf 85' lang='lat' dir='ltr'><em>sentit).</em></span> 
     </span>
     <span class='ocr_line' id='line_1_84' title="bbox 1074 1125 1252 1166; baseline -0.006 -6"><span class='ocrx_word' id='word_1_475' title='bbox 1074 1130 1128 1161; x_wconf 78' lang='lat' dir='ltr'><em>lv.</em></span> <span class='ocrx_word' id='word_1_476' title='bbox 1154 1125 1196 1166; x_wconf 83' lang='lat'><em>4,</em></span> <span class='ocrx_word' id='word_1_477' title='bbox 1221 1128 1252 1161; x_wconf 88' lang='lat'><em>7.</em></span> 
     </span>
    </p>

    <p class='ocr_par' dir='ltr' id='par_1_45' title="bbox 1028 1167 1787 1251">
     <span class='ocr_line' id='line_1_85' title="bbox 1028 1167 1787 1216; baseline -0.005 -10"><span class='ocrx_word' id='word_1_478' title='bbox 1028 1176 1173 1214; x_wconf 82' lang='lat' dir='ltr'><em>Quisquis</em></span> <span class='ocrx_word' id='word_1_479' title='bbox 1190 1183 1251 1216; x_wconf 89' lang='lat' dir='ltr'><em>pro</em></span> <span class='ocrx_word' id='word_1_480' title='bbox 1266 1175 1392 1212; x_wconf 84' lang='lat' dir='ltr'><em>quisque</em></span> <span class='ocrx_word' id='word_1_481' title='bbox 1409 1170 1551 1214; x_wconf 82' lang='lat' dir='ltr'><em>positum</em></span> <span class='ocrx_word' id='word_1_482' title='bbox 1568 1170 1654 1202; x_wconf 83' lang='lat' dir='ltr'><em>vdtr.</em></span> <span class='ocrx_word' id='word_1_483' title='bbox 1679 1171 1719 1201; x_wconf 91' lang='lat' dir='ltr'><em>V.</em></span> <span class='ocrx_word' id='word_1_484' title='bbox 1732 1167 1787 1209; x_wconf 67' lang='lat'><em>34,</em></span> 
     </span>
     <span class='ocr_line' id='line_1_86' title="bbox 1073 1220 1127 1251; baseline -0.037 0"><span class='ocrx_word' id='word_1_485' title='bbox 1073 1220 1127 1251; x_wconf 74' lang='lat'><em>98.</em></span> 
     </span>
    </p>

    <p class='ocr_par' dir='ltr' id='par_1_46' title="bbox 1029 1256 1787 1340">
     <span class='ocr_line' id='line_1_87' title="bbox 1029 1256 1787 1303; baseline -0.008 -8"><span class='ocrx_word' id='word_1_486' title='bbox 1029 1265 1096 1303; x_wconf 86' lang='lat' dir='ltr'><em>Quo</em></span> <span class='ocrx_word' id='word_1_487' title='bbox 1119 1269 1150 1294; x_wconf 84' lang='lat' dir='ltr'><em>et</em></span> <span class='ocrx_word' id='word_1_488' title='bbox 1171 1263 1253 1302; x_wconf 85' lang='lat' dir='ltr'><em>quod</em></span> <span class='ocrx_word' id='word_1_489' title='bbox 1273 1261 1307 1293; x_wconf 86' lang='lat' dir='ltr'><em>in</em></span> <span class='ocrx_word' id='word_1_490' title='bbox 1331 1260 1428 1293; x_wconf 85' lang='lat' dir='ltr'><em>codd.</em></span> <span class='ocrx_word' id='word_1_491' title='bbox 1443 1260 1590 1292; x_wconf 83' lang='lat' dir='ltr'><em>confusa.</em></span> <span class='ocrx_word' id='word_1_492' title='bbox 1618 1261 1642 1292; x_wconf 88' lang='grc' dir='ltr'>Ι.</span> <span class='ocrx_word' id='word_1_493' title='bbox 1663 1257 1717 1299; x_wconf 78' lang='lat'><em>34,</em></span> <span class='ocrx_word' id='word_1_494' title='bbox 1731 1256 1787 1292; x_wconf 76' lang='lat'><em>84.</em></span> 
     </span>
     <span class='ocr_line' id='line_1_88' title="bbox 1074 1309 1209 1340; baseline -0.015 0"><span class='ocrx_word' id='word_1_495' title='bbox 1074 1309 1113 1340; x_wconf 93' lang='lat' dir='ltr'><em>V.</em></span> <span class='ocrx_word' id='word_1_496' title='bbox 1139 1310 1209 1339; x_wconf 85' lang='lat' dir='ltr'><em>Ser.</em></span> 
     </span>
    </p>

    <p class='ocr_par' dir='ltr' id='par_1_47' title="bbox 1031 1348 1788 1394">
     <span class='ocr_line' id='line_1_89' title="bbox 1031 1348 1788 1394; baseline -0.005 -10"><span class='ocrx_word' id='word_1_497' title='bbox 1031 1355 1097 1392; x_wconf 91' lang='lat' dir='ltr'><em>Quo</em></span> <span class='ocrx_word' id='word_1_498' title='bbox 1116 1364 1181 1383; x_wconf 86' lang='lat' dir='ltr'><em>non</em></span> <span class='ocrx_word' id='word_1_499' title='bbox 1206 1351 1437 1394; x_wconf 74' lang='lat' dir='ltr'><em>progrediatur</em></span> <span class='ocrx_word' id='word_1_500' title='bbox 1459 1351 1573 1382; x_wconf 87' lang='lat' dir='ltr'><em>eodem.</em></span> <span class='ocrx_word' id='word_1_501' title='bbox 1599 1350 1653 1381; x_wconf 86' lang='lat' dir='ltr'><em>lv.</em></span> <span class='ocrx_word' id='word_1_502' title='bbox 1666 1348 1721 1391; x_wconf 83' lang='lat'><em>36,</em></span> <span class='ocrx_word' id='word_1_503' title='bbox 1735 1348 1788 1382; x_wconf 88' lang='lat'><em>77.</em></span> 
     </span>
    </p>

    <p class='ocr_par' dir='ltr' id='par_1_48' title="bbox 1031 1395 1494 1436">
     <span class='ocr_line' id='line_1_90' title="bbox 1031 1395 1494 1436; baseline -0.006 -7"><span class='ocrx_word' id='word_1_504' title='bbox 1031 1399 1121 1436; x_wconf 89' lang='lat' dir='ltr'><em>Quod</em></span> <span class='ocrx_word' id='word_1_505' title='bbox 1145 1399 1243 1428; x_wconf 75' lang='lat' dir='ltr'><em>aiunl.</em></span> <span class='ocrx_word' id='word_1_506' title='bbox 1280 1397 1334 1426; x_wconf 90' lang='grc' dir='ltr'>ΙΙΙ.</span> <span class='ocrx_word' id='word_1_507' title='bbox 1359 1396 1414 1432; x_wconf 89' lang='lat'><em>30,</em></span> <span class='ocrx_word' id='word_1_508' title='bbox 1441 1395 1494 1428; x_wconf 87' lang='lat'><em>73.</em></span> 
     </span>
    </p>

    <p class='ocr_par' dir='ltr' id='par_1_49' title="bbox 1032 1438 1673 1480">
     <span class='ocr_line' id='line_1_91' title="bbox 1032 1438 1673 1480; baseline -0.005 -8"><span class='ocrx_word' id='word_1_509' title='bbox 1032 1443 1120 1480; x_wconf 86' lang='lat' dir='ltr'><em>Quod</em></span> <span class='ocrx_word' id='word_1_510' title='bbox 1146 1447 1195 1471; x_wconf 82' lang='lat' dir='ltr'><em>est</em></span> <span class='ocrx_word' id='word_1_511' title='bbox 1217 1440 1304 1470; x_wconf 82' lang='lat' dir='ltr'><em>idem</em></span> <span class='ocrx_word' id='word_1_512' title='bbox 1328 1439 1442 1471; x_wconf 79' lang='lat' dir='ltr'><em>virtus.</em></span> <span class='ocrx_word' id='word_1_513' title='bbox 1477 1440 1515 1470; x_wconf 92' lang='lat' dir='ltr'><em>V.</em></span> <span class='ocrx_word' id='word_1_514' title='bbox 1544 1438 1593 1478; x_wconf 83' lang='lat'><em>13,</em></span> <span class='ocrx_word' id='word_1_515' title='bbox 1619 1438 1673 1471; x_wconf 83' lang='lat'><em>39.</em></span> 
     </span>
    </p>

    <p class='ocr_par' dir='ltr' id='par_1_50' title="bbox 1031 1482 1791 1614">
     <span class='ocr_line' id='line_1_92' title="bbox 1031 1482 1791 1526; baseline -0.004 -9"><span class='ocrx_word' id='word_1_516' title='bbox 1031 1487 1141 1525; x_wconf 85' lang='lat' dir='ltr'><em>Quod,</em></span> <span class='ocrx_word' id='word_1_517' title='bbox 1171 1495 1243 1515; x_wconf 88' lang='lat' dir='ltr'><em>cum</em></span> <span class='ocrx_word' id='word_1_518' title='bbox 1268 1484 1413 1526; x_wconf 77' lang='lat' dir='ltr'><em>genitivo</em></span> <span class='ocrx_word' id='word_1_519' title='bbox 1437 1484 1584 1514; x_wconf 86' lang='lat' dir='ltr'><em>iunctum</em></span> <span class='ocrx_word' id='word_1_520' title='bbox 1610 1485 1705 1526; x_wconf 73' lang='lat' dir='ltr'><em>(quod</em></span> <span class='ocrx_word' id='word_1_521' title='bbox 1728 1482 1791 1514; x_wconf 82' lang='lat' dir='ltr'><em>da-</em></span> 
     </span>
     <span class='ocr_line' id='line_1_93' title="bbox 1076 1527 1790 1569; baseline -0.003 -9"><span class='ocrx_word' id='word_1_522' title='bbox 1076 1536 1147 1560; x_wconf 88' lang='lat' dir='ltr'><em>tum</em></span> <span class='ocrx_word' id='word_1_523' title='bbox 1171 1536 1219 1560; x_wconf 82' lang='lat' dir='ltr'><em>est</em></span> <span class='ocrx_word' id='word_1_524' title='bbox 1244 1530 1412 1569; x_wconf 69' lang='lat' dir='ltr'><em>temporis).</em></span> <span class='ocrx_word' id='word_1_525' title='bbox 1453 1530 1491 1560; x_wconf 91' lang='grc' dir='ltr'>ΙΙ.</span> <span class='ocrx_word' id='word_1_526' title='bbox 1514 1529 1553 1566; x_wconf 85' lang='grc'><em>3,</em></span> <span class='ocrx_word' id='word_1_527' title='bbox 1577 1528 1609 1560; x_wconf 76' lang='lat'><em>9.</em></span> <span class='ocrx_word' id='word_1_528' title='bbox 1658 1530 1704 1559; x_wconf 90' lang='lat' dir='ltr'><em>Ut</em></span> <span class='ocrx_word' id='word_1_529' title='bbox 1728 1527 1790 1559; x_wconf 84' lang='lat' dir='ltr'><em>illis</em></span> 
     </span>
     <span class='ocr_line' id='line_1_94' title="bbox 1073 1572 1688 1614; baseline -0.002 -8"><span class='ocrx_word' id='word_1_530' title='bbox 1073 1576 1207 1614; x_wconf 78' lang='lat' dir='ltr'><em>praemii</em></span> <span class='ocrx_word' id='word_1_531' title='bbox 1231 1573 1325 1604; x_wconf 79' lang='lat' dir='ltr'><em>daret</em></span> <span class='ocrx_word' id='word_1_532' title='bbox 1348 1575 1441 1613; x_wconf 84' lang='lat' dir='ltr'><em>quod.</em></span> <span class='ocrx_word' id='word_1_533' title='bbox 1484 1574 1509 1604; x_wconf 92' lang='grc' dir='ltr'><em>Ι.</em></span> <span class='ocrx_word' id='word_1_534' title='bbox 1534 1572 1586 1606; x_wconf 81' lang='grc'><em>47.</em></span> <span class='ocrx_word' id='word_1_535' title='bbox 1617 1573 1688 1605; x_wconf 89' lang='lat'><strong>113.</strong></span> 
     </span>
    </p>

    <p class='ocr_par' dir='ltr' id='par_1_51' title="bbox 1034 1617 1791 1700">
     <span class='ocr_line' id='line_1_95' title="bbox 1034 1617 1791 1661; baseline -0.001 -11"><span class='ocrx_word' id='word_1_536' title='bbox 1034 1621 1123 1658; x_wconf 87' lang='lat' dir='ltr'><em>Quod</em></span> <span class='ocrx_word' id='word_1_537' title='bbox 1146 1617 1360 1661; x_wconf 66' lang='lat' dir='ltr'><em>(coniunctio)</em></span> <span class='ocrx_word' id='word_1_538' title='bbox 1383 1617 1543 1649; x_wconf 78' lang='lat' dir='ltr'><em>vocabulo</em></span> <span class='ocrx_word' id='word_1_539' title='bbox 1569 1617 1791 1659; x_wconf 85' lang='lat' dir='ltr'><em>postponitur,</em></span> 
     </span>
     <span class='ocr_line' id='line_1_96' title="bbox 1078 1660 1791 1700; baseline 0.001 -6"><span class='ocrx_word' id='word_1_540' title='bbox 1078 1670 1113 1694; x_wconf 84' lang='lat' dir='ltr'><em>ut</em></span> <span class='ocrx_word' id='word_1_541' title='bbox 1138 1675 1175 1694; x_wconf 78' lang='lat' dir='ltr'><em>ea</em></span> <span class='ocrx_word' id='word_1_542' title='bbox 1198 1663 1322 1694; x_wconf 78' lang='lat' dir='ltr'><em>maiore</em></span> <span class='ocrx_word' id='word_1_543' title='bbox 1347 1662 1379 1693; x_wconf 87' lang='lat' dir='ltr'><em>vi</em></span> <span class='ocrx_word' id='word_1_544' title='bbox 1403 1662 1568 1693; x_wconf 79' lang='lat' dir='ltr'><em>efferatur.</em></span> <span class='ocrx_word' id='word_1_545' title='bbox 1610 1664 1648 1693; x_wconf 91' lang='grc' dir='ltr'>ΙΙ.</span> <span class='ocrx_word' id='word_1_546' title='bbox 1671 1660 1712 1700; x_wconf 84' lang='grc'><em>4,</em></span> <span class='ocrx_word' id='word_1_547' title='bbox 1742 1662 1791 1695; x_wconf 86' lang='grc'><em>12.</em></span> 
     </span>
    </p>

    <p class='ocr_par' dir='ltr' id='par_1_52' title="bbox 1034 1706 1793 1835">
     <span class='ocr_line' id='line_1_97' title="bbox 1034 1706 1793 1747; baseline -0.003 -8"><span class='ocrx_word' id='word_1_548' title='bbox 1034 1709 1145 1747; x_wconf 89' lang='lat' dir='ltr'><em>Quod,</em></span> <span class='ocrx_word' id='word_1_549' title='bbox 1172 1720 1243 1739; x_wconf 89' lang='lat' dir='ltr'><em>cum</em></span> <span class='ocrx_word' id='word_1_550' title='bbox 1269 1706 1479 1738; x_wconf 83' lang='lat' dir='ltr'><em>coniunctivo</em></span> <span class='ocrx_word' id='word_1_551' title='bbox 1503 1706 1733 1745; x_wconf 84' lang='lat' dir='ltr'><em>coniunctum,</em></span> <span class='ocrx_word' id='word_1_552' title='bbox 1759 1706 1793 1738; x_wconf 82' lang='lat' dir='ltr'><em>in</em></span> 
     </span>
     <span class='ocr_line' id='line_1_98' title="bbox 1077 1752 1791 1794; baseline 0 -11"><span class='ocrx_word' id='word_1_553' title='bbox 1077 1753 1241 1784; x_wconf 71' lang='lat' dir='ltr'><em>sententia</em></span> <span class='ocrx_word' id='word_1_554' title='bbox 1270 1763 1309 1783; x_wconf 79' lang='lat' dir='ltr'><em>ex</em></span> <span class='ocrx_word' id='word_1_555' title='bbox 1342 1752 1422 1783; x_wconf 80' lang='lat' dir='ltr'><em>alius</em></span> <span class='ocrx_word' id='word_1_556' title='bbox 1454 1758 1565 1783; x_wconf 83' lang='lat' dir='ltr'><em>mente</em></span> <span class='ocrx_word' id='word_1_557' title='bbox 1588 1752 1728 1794; x_wconf 80' lang='lat' dir='ltr'><em>prolata.</em></span> <span class='ocrx_word' id='word_1_558' title='bbox 1768 1753 1791 1783; x_wconf 92' lang='grc' dir='ltr'>Ι.</span> 
     </span>
     <span class='ocr_line' id='line_1_99' title="bbox 1083 1798 1212 1835; baseline 0 -6"><span class='ocrx_word' id='word_1_559' title='bbox 1083 1798 1133 1835; x_wconf 86' lang='lat'><em>13,</em></span> <span class='ocrx_word' id='word_1_560' title='bbox 1158 1798 1212 1829; x_wconf 82' lang='lat'><em>30.</em></span> 
     </span>
    </p>

    <p class='ocr_par' dir='ltr' id='par_1_53' title="bbox 1035 1842 1794 2012">
     <span class='ocr_line' id='line_1_100' title="bbox 1035 1842 1794 1883; baseline -0.001 -10"><span class='ocrx_word' id='word_1_561' title='bbox 1035 1844 1124 1882; x_wconf 89' lang='lat' dir='ltr'><em>Quod</em></span> <span class='ocrx_word' id='word_1_562' title='bbox 1148 1845 1174 1873; x_wconf 88' lang='lat' dir='ltr'><em>si</em></span> <span class='ocrx_word' id='word_1_563' title='bbox 1208 1842 1316 1883; x_wconf 62' lang='lat' dir='ltr'><em>(nisi),</em></span> <span class='ocrx_word' id='word_1_564' title='bbox 1349 1842 1431 1881; x_wconf 86' lang='lat' dir='ltr'><em>quod</em></span> <span class='ocrx_word' id='word_1_565' title='bbox 1460 1843 1554 1881; x_wconf 77' lang='lat' dir='ltr'><em>quia,</em></span> <span class='ocrx_word' id='word_1_566' title='bbox 1586 1843 1668 1880; x_wconf 88' lang='lat' dir='ltr'><em>quod</em></span> <span class='ocrx_word' id='word_1_567' title='bbox 1698 1851 1794 1881; x_wconf 75' lang='lat' dir='ltr'><em>qttum</em></span> 
     </span>
     <span class='ocr_line' id='line_1_101' title="bbox 1081 1886 1792 1927; baseline -0.001 -9"><span class='ocrx_word' id='word_1_568' title='bbox 1081 1893 1159 1918; x_wconf 83' lang='lat' dir='ltr'><em>cett.</em></span> <span class='ocrx_word' id='word_1_569' title='bbox 1195 1888 1247 1917; x_wconf 89' lang='lat' dir='ltr'><em>lV.</em></span> <span class='ocrx_word' id='word_1_570' title='bbox 1276 1887 1331 1925; x_wconf 76' lang='grc'><em>16,</em></span> <span class='ocrx_word' id='word_1_571' title='bbox 1356 1886 1409 1918; x_wconf 69' lang='lat'><em>56.</em></span> <span class='ocrx_word' id='word_1_572' title='bbox 1457 1888 1546 1925; x_wconf 84' lang='lat' dir='ltr'><em>Quod</em></span> <span class='ocrx_word' id='word_1_573' title='bbox 1565 1888 1591 1917; x_wconf 92' lang='lat' dir='ltr'><em>si</em></span> <span class='ocrx_word' id='word_1_574' title='bbox 1615 1886 1699 1927; x_wconf 64' lang='lat' dir='ltr'><em>misi)</em></span> <span class='ocrx_word' id='word_1_575' title='bbox 1727 1889 1792 1917; x_wconf 77' lang='lat' dir='ltr'><em>ita</em></span> 
     </span>
     <span class='ocr_line' id='line_1_102' title="bbox 1080 1930 1793 1973; baseline -0.001 -10"><span class='ocrx_word' id='word_1_576' title='bbox 1080 1936 1121 1963; x_wconf 79' lang='lat' dir='ltr'><em>esi</em></span> <span class='ocrx_word' id='word_1_577' title='bbox 1151 1931 1290 1970; x_wconf 89' lang='lat' dir='ltr'><em>dicitur,</em></span> <span class='ocrx_word' id='word_1_578' title='bbox 1327 1942 1413 1962; x_wconf 85' lang='lat' dir='ltr'><em>non:</em></span> <span class='ocrx_word' id='word_1_579' title='bbox 1449 1932 1530 1970; x_wconf 80' lang='lat' dir='ltr'><em>quod</em></span> <span class='ocrx_word' id='word_1_580' title='bbox 1561 1933 1587 1962; x_wconf 85' lang='lat' dir='ltr'><em>si</em></span> <span class='ocrx_word' id='word_1_581' title='bbox 1619 1930 1705 1973; x_wconf 79' lang='lat' dir='ltr'><em>(nisi)</em></span> <span class='ocrx_word' id='word_1_582' title='bbox 1740 1934 1793 1971; x_wconf 68' lang='lat' dir='ltr'><em>est,</em></span> 
     </span>
     <span class='ocr_line' id='line_1_103' title="bbox 1081 1975 1486 2012; baseline 0 -5"><span class='ocrx_word' id='word_1_583' title='bbox 1081 1976 1202 2008; x_wconf 85' lang='lat' dir='ltr'><em>omisso</em></span> <span class='ocrx_word' id='word_1_584' title='bbox 1221 1980 1276 2008; x_wconf 79' lang='lat' dir='ltr'><em>ita.</em></span> <span class='ocrx_word' id='word_1_585' title='bbox 1310 1977 1350 2007; x_wconf 92' lang='lat' dir='ltr'><em>V.</em></span> <span class='ocrx_word' id='word_1_586' title='bbox 1376 1975 1407 2012; x_wconf 84' lang='lat'><em>6,</em></span> <span class='ocrx_word' id='word_1_587' title='bbox 1437 1975 1486 2008; x_wconf 84' lang='lat'><em>17.</em></span> 
     </span>
    </p>

    <p class='ocr_par' dir='ltr' id='par_1_54' title="bbox 1037 2019 1795 2282">
     <span class='ocr_line' id='line_1_104' title="bbox 1037 2019 1792 2062; baseline -0.004 -9"><span class='ocrx_word' id='word_1_588' title='bbox 1037 2023 1144 2061; x_wconf 86' lang='lat' dir='ltr'><em>Quod,</em></span> <span class='ocrx_word' id='word_1_589' title='bbox 1182 2033 1253 2052; x_wconf 88' lang='lat' dir='ltr'><em>cum</em></span> <span class='ocrx_word' id='word_1_590' title='bbox 1286 2019 1496 2052; x_wconf 84' lang='lat' dir='ltr'><em>coniunctivo</em></span> <span class='ocrx_word' id='word_1_591' title='bbox 1530 2019 1695 2058; x_wconf 76' lang='lat' dir='ltr'><em>iunctum,</em></span> <span class='ocrx_word' id='word_1_592' title='bbox 1731 2030 1792 2062; x_wconf 86' lang='lat' dir='ltr'><em>pro</em></span> 
     </span>
     <span class='ocr_line' id='line_1_105' title="bbox 1080 2064 1727 2102; baseline -0.003 -5"><span class='ocrx_word' id='word_1_593' title='bbox 1080 2071 1112 2097; x_wconf 81' lang='lat' dir='ltr'><em>ui</em></span> <span class='ocrx_word' id='word_1_594' title='bbox 1137 2068 1170 2098; x_wconf 87' lang='lat' dir='ltr'><em>id</em></span> <span class='ocrx_word' id='word_1_595' title='bbox 1196 2078 1268 2098; x_wconf 89' lang='lat' dir='ltr'><em>cum</em></span> <span class='ocrx_word' id='word_1_596' title='bbox 1293 2064 1513 2097; x_wconf 85' lang='lat' dir='ltr'><em>coniunctivo.</em></span> <span class='ocrx_word' id='word_1_597' title='bbox 1548 2066 1571 2096; x_wconf 90' lang='grc' dir='ltr'>Ι.</span> <span class='ocrx_word' id='word_1_598' title='bbox 1599 2064 1648 2102; x_wconf 88' lang='grc'><em>16,</em></span> <span class='ocrx_word' id='word_1_599' title='bbox 1673 2064 1727 2097; x_wconf 75' lang='grc'>38.</span> 
     </span>
     <span class='ocr_line' id='line_1_106' title="bbox 1038 2108 1793 2150; baseline -0.004 -8"><span class='ocrx_word' id='word_1_600' title='bbox 1038 2113 1212 2150; x_wconf 73' lang='lat' dir='ltr'><em>Quoniam,</em></span> <span class='ocrx_word' id='word_1_601' title='bbox 1239 2122 1311 2141; x_wconf 90' lang='lat' dir='ltr'><em>cum</em></span> <span class='ocrx_word' id='word_1_602' title='bbox 1337 2109 1545 2141; x_wconf 85' lang='lat' dir='ltr'><em>coniunctivo</em></span> <span class='ocrx_word' id='word_1_603' title='bbox 1571 2108 1793 2140; x_wconf 80' lang='lat' dir='ltr'><em>coniunctum.</em></span> 
     </span>
     <span class='ocr_line' id='line_1_107' title="bbox 1085 2153 1795 2195; baseline -0.003 -9"><span class='ocrx_word' id='word_1_604' title='bbox 1085 2157 1106 2186; x_wconf 91' lang='grc' dir='ltr'>Ι.</span> <span class='ocrx_word' id='word_1_605' title='bbox 1128 2155 1176 2193; x_wconf 88' lang='grc'><em>11,</em></span> <span class='ocrx_word' id='word_1_606' title='bbox 1199 2156 1251 2186; x_wconf 77' lang='lat'><em>25.</em></span> <span class='ocrx_word' id='word_1_607' title='bbox 1290 2156 1443 2193; x_wconf 76' lang='lat' dir='ltr'><em>Quoniam</em></span> <span class='ocrx_word' id='word_1_608' title='bbox 1464 2154 1502 2185; x_wconf 82' lang='lat' dir='ltr'><em>iis</em></span> <span class='ocrx_word' id='word_1_609' title='bbox 1523 2153 1639 2192; x_wconf 82' lang='lat' dir='ltr'><em>verbis,</em></span> <span class='ocrx_word' id='word_1_610' title='bbox 1664 2153 1697 2184; x_wconf 88' lang='lat' dir='ltr'><em>in</em></span> <span class='ocrx_word' id='word_1_611' title='bbox 1720 2153 1795 2195; x_wconf 39' lang='lat' dir='ltr'><em>qui·-</em></span> 
     </span>
     <span class='ocr_line' id='line_1_108' title="bbox 1081 2198 1792 2240; baseline -0.001 -11"><span class='ocrx_word' id='word_1_612' title='bbox 1081 2199 1140 2229; x_wconf 87' lang='lat' dir='ltr'><em>bus</em></span> <span class='ocrx_word' id='word_1_613' title='bbox 1166 2199 1349 2229; x_wconf 72' lang='lat' dir='ltr'><em>sententiae</em></span> <span class='ocrx_word' id='word_1_614' title='bbox 1383 2198 1512 2240; x_wconf 80' lang='lat' dir='ltr'><em>pondus</em></span> <span class='ocrx_word' id='word_1_615' title='bbox 1537 2205 1604 2237; x_wconf 83' lang='lat' dir='ltr'><em>est,</em></span> <span class='ocrx_word' id='word_1_616' title='bbox 1641 2205 1792 2240; x_wconf 76' lang='lat' dir='ltr'><em>postpos-</em></span> 
     </span>
     <span class='ocr_line' id='line_1_109' title="bbox 1082 2241 1793 2282; baseline 0 -8"><span class='ocrx_word' id='word_1_617' title='bbox 1082 2245 1139 2275; x_wconf 87' lang='grc'>111.</span> <span class='ocrx_word' id='word_1_618' title='bbox 1153 2244 1183 2281; x_wconf 83' lang='lat'><em>5,</em></span> <span class='ocrx_word' id='word_1_619' title='bbox 1201 2244 1252 2275; x_wconf 88' lang='grc'><em>11.</em></span> <span class='ocrx_word' id='word_1_620' title='bbox 1278 2245 1431 2282; x_wconf 75' lang='lat' dir='ltr'><em>Quoniam</em></span> <span class='ocrx_word' id='word_1_621' title='bbox 1443 2244 1577 2282; x_wconf 85' lang='lat' dir='ltr'><em>quidem.</em></span> <span class='ocrx_word' id='word_1_622' title='bbox 1606 2244 1658 2274; x_wconf 84' lang='grc'>111.</span> <span class='ocrx_word' id='word_1_623' title='bbox 1672 2243 1725 2280; x_wconf 87' lang='grc'><em>27,</em></span> <span class='ocrx_word' id='word_1_624' title='bbox 1739 2241 1793 2274; x_wconf 87' lang='lat'><em>66.</em></span> 
     </span>
    </p>

    <p class='ocr_par' dir='ltr' id='par_1_55' title="bbox 1039 2286 1793 2374">
     <span class='ocr_line' id='line_1_110' title="bbox 1039 2286 1793 2329; baseline 0 -12"><span class='ocrx_word' id='word_1_625' title='bbox 1039 2291 1186 2328; x_wconf 84' lang='lat' dir='ltr'><em>Quoque:</em></span> <span class='ocrx_word' id='word_1_626' title='bbox 1218 2288 1252 2319; x_wconf 88' lang='lat' dir='ltr'><em>id</em></span> <span class='ocrx_word' id='word_1_627' title='bbox 1277 2299 1409 2329; x_wconf 76' lang='lat' dir='ltr'><em>aegrum</em></span> <span class='ocrx_word' id='word_1_628' title='bbox 1443 2298 1512 2318; x_wconf 81' lang='lat' dir='ltr'><em>esse</em></span> <span class='ocrx_word' id='word_1_629' title='bbox 1535 2297 1653 2327; x_wconf 83' lang='lat' dir='ltr'><em>quoque</em></span> <span class='ocrx_word' id='word_1_630' title='bbox 1678 2298 1737 2329; x_wconf 88' lang='lat' dir='ltr'><em>pro</em></span> <span class='ocrx_word' id='word_1_631' title='bbox 1761 2286 1793 2317; x_wconf 84' lang='lat' dir='ltr'><em>id</em></span> 
     </span>
     <span class='ocr_line' id='line_1_111' title="bbox 1083 2332 1683 2374; baseline 0.002 -11"><span class='ocrx_word' id='word_1_632' title='bbox 1083 2344 1216 2374; x_wconf 75' lang='lat' dir='ltr'><em>aegrum</em></span> <span class='ocrx_word' id='word_1_633' title='bbox 1239 2343 1357 2373; x_wconf 86' lang='lat' dir='ltr'><em>quoque</em></span> <span class='ocrx_word' id='word_1_634' title='bbox 1381 2343 1461 2363; x_wconf 86' lang='lat' dir='ltr'><em>esse.</em></span> <span class='ocrx_word' id='word_1_635' title='bbox 1502 2333 1524 2363; x_wconf 90' lang='lat' dir='ltr'><em>l.</em></span> <span class='ocrx_word' id='word_1_636' title='bbox 1549 2333 1603 2371; x_wconf 69' lang='lat'><em>32,</em></span> <span class='ocrx_word' id='word_1_637' title='bbox 1629 2332 1683 2364; x_wconf 84' lang='lat'><em>79.</em></span> 
     </span>
    </p>

    <p class='ocr_par' dir='ltr' id='par_1_56' title="bbox 1039 2376 1592 2418">
     <span class='ocr_line' id='line_1_112' title="bbox 1039 2376 1592 2418; baseline -0.005 -9"><span class='ocrx_word' id='word_1_638' title='bbox 1039 2380 1197 2417; x_wconf 82' lang='lat' dir='ltr'><em>Quorsus,</em></span> <span class='ocrx_word' id='word_1_639' title='bbox 1220 2387 1375 2418; x_wconf 85' lang='lat' dir='ltr'><em>quorsum.</em></span> <span class='ocrx_word' id='word_1_640' title='bbox 1411 2378 1435 2409; x_wconf 93' lang='grc' dir='ltr'>Ι.</span> <span class='ocrx_word' id='word_1_641' title='bbox 1460 2376 1514 2414; x_wconf 72' lang='lat'><em>25,</em></span> <span class='ocrx_word' id='word_1_642' title='bbox 1538 2376 1592 2409; x_wconf 82' lang='grc'><em>60.</em></span> 
     </span>
    </p>

    <p class='ocr_par' dir='ltr' id='par_1_57' title="bbox 1040 2418 1793 2462">
     <span class='ocr_line' id='line_1_113' title="bbox 1040 2418 1793 2462; baseline -0.001 -9"><span class='ocrx_word' id='word_1_643' title='bbox 1040 2426 1119 2462; x_wconf 73' lang='lat' dir='ltr'><em>Quoi</em></span> <span class='ocrx_word' id='word_1_644' title='bbox 1139 2422 1208 2453; x_wconf 82' lang='lat' dir='ltr'><em>dies</em></span> <span class='ocrx_word' id='word_1_645' title='bbox 1225 2429 1257 2453; x_wconf 86' lang='lat' dir='ltr'><em>et</em></span> <span class='ocrx_word' id='word_1_646' title='bbox 1273 2432 1348 2462; x_wconf 87' lang='lat' dir='ltr'><em>quos</em></span> <span class='ocrx_word' id='word_1_647' title='bbox 1362 2421 1431 2452; x_wconf 75' lang='lat' dir='ltr'><em>dies</em></span> <span class='ocrx_word' id='word_1_648' title='bbox 1448 2420 1576 2452; x_wconf 83' lang='lat' dir='ltr'><em>erimus.</em></span> <span class='ocrx_word' id='word_1_649' title='bbox 1606 2422 1626 2451; x_wconf 89' lang='grc' dir='ltr'>Ι.</span> <span class='ocrx_word' id='word_1_650' title='bbox 1648 2418 1702 2459; x_wconf 79' lang='lat'><em>49,</em></span> <span class='ocrx_word' id='word_1_651' title='bbox 1720 2418 1793 2452; x_wconf 87' lang='lat'><strong>119.</strong></span> 
     </span>
    </p>

    <p class='ocr_par' dir='ltr' id='par_1_58' title="bbox 1041 2463 1763 2508">
     <span class='ocr_line' id='line_1_114' title="bbox 1041 2463 1763 2508; baseline -0.003 -11"><span class='ocrx_word' id='word_1_652' title='bbox 1041 2469 1303 2507; x_wconf 77' lang='lat' dir='ltr'><em>Quoiusquisque,</em></span> <span class='ocrx_word' id='word_1_653' title='bbox 1329 2477 1424 2508; x_wconf 71' lang='lat' dir='ltr'><em>quam</em></span> <span class='ocrx_word' id='word_1_654' title='bbox 1450 2466 1555 2508; x_wconf 82' lang='lat' dir='ltr'><em>pauci.</em></span> <span class='ocrx_word' id='word_1_655' title='bbox 1593 2467 1630 2497; x_wconf 88' lang='grc' dir='ltr'>ΙΙ.</span> <span class='ocrx_word' id='word_1_656' title='bbox 1655 2463 1685 2502; x_wconf 85' lang='grc'><em>4,</em></span> <span class='ocrx_word' id='word_1_657' title='bbox 1714 2465 1763 2496; x_wconf 88' lang='grc'><em>11.</em></span> 
     </span>
    </p>
   </div>
   <div class='ocr_carea' id='block_1_7' title="bbox 1041 2509 1797 2635">
    <p class='ocr_par' dir='ltr' id='par_1_59' title="bbox 1041 2509 1797 2635">
     <span class='ocr_line' id='line_1_115' title="bbox 1041 2509 1797 2552; baseline -0.005 -9"><span class='ocrx_word' id='word_1_658' title='bbox 1041 2514 1143 2551; x_wconf 89' lang='lat' dir='ltr'><em>Quum</em></span> <span class='ocrx_word' id='word_1_659' title='bbox 1162 2530 1206 2535; x_wconf 96' lang='lat'>—</span> <span class='ocrx_word' id='word_1_660' title='bbox 1227 2516 1291 2543; x_wconf 79' lang='lat' dir='ltr'><em>tum</em></span> <span class='ocrx_word' id='word_1_661' title='bbox 1323 2517 1354 2541; x_wconf 88' lang='lat' dir='ltr'><em>et</em></span> <span class='ocrx_word' id='word_1_662' title='bbox 1379 2515 1442 2542; x_wconf 76' lang='lat' dir='ltr'><em>ium</em></span> <span class='ocrx_word' id='word_1_663' title='bbox 1466 2529 1508 2534; x_wconf 90' lang='lat'>—</span> <span class='ocrx_word' id='word_1_664' title='bbox 1532 2514 1596 2541; x_wconf 75' lang='lat' dir='ltr'><em>tum</em></span> <span class='ocrx_word' id='word_1_665' title='bbox 1625 2509 1703 2552; x_wconf 82' lang='lat' dir='ltr'><em>quid</em></span> <span class='ocrx_word' id='word_1_666' title='bbox 1727 2509 1797 2540; x_wconf 84' lang='lat' dir='ltr'><em>dif-</em></span> 
     </span>
     <span class='ocr_line' id='line_1_116' title="bbox 1085 2555 1796 2594; baseline -0.006 -6"><span class='ocrx_word' id='word_1_667' title='bbox 1085 2557 1204 2588; x_wconf 86' lang='lat' dir='ltr'><em>ferant.</em></span> <span class='ocrx_word' id='word_1_668' title='bbox 1240 2558 1277 2588; x_wconf 84' lang='lat' dir='ltr'><em>V.</em></span> <span class='ocrx_word' id='word_1_669' title='bbox 1301 2555 1354 2592; x_wconf 85' lang='lat'><em>25,</em></span> <span class='ocrx_word' id='word_1_670' title='bbox 1379 2556 1431 2588; x_wconf 69' lang='lat'><em>72.</em></span> <span class='ocrx_word' id='word_1_671' title='bbox 1480 2557 1583 2594; x_wconf 87' lang='lat' dir='ltr'><em>Quum</em></span> <span class='ocrx_word' id='word_1_672' title='bbox 1606 2573 1648 2578; x_wconf 91' lang='lat'><em>—-</em></span> <span class='ocrx_word' id='word_1_673' title='bbox 1672 2559 1737 2585; x_wconf 78' lang='lat' dir='ltr'><em>lum</em></span> <span class='ocrx_word' id='word_1_674' title='bbox 1752 2569 1796 2581; x_wconf 96' lang='lat'><strong><em>=</em></strong></span> 
     </span>
     <span class='ocr_line' id='line_1_117' title="bbox 1085 2598 1681 2635; baseline -0.003 -4"><span class='ocrx_word' id='word_1_675' title='bbox 1085 2601 1204 2632; x_wconf 83' lang='lat' dir='ltr'><em>einmal</em></span> <span class='ocrx_word' id='word_1_676' title='bbox 1228 2621 1270 2624; x_wconf 92' lang='lat'><em>——</em></span> <span class='ocrx_word' id='word_1_677' title='bbox 1296 2600 1362 2630; x_wconf 85' lang='lat' dir='ltr'><em>und</em></span> <span class='ocrx_word' id='word_1_678' title='bbox 1386 2599 1483 2632; x_wconf 83' lang='lat' dir='ltr'><em>dann.</em></span> <span class='ocrx_word' id='word_1_679' title='bbox 1522 2601 1546 2631; x_wconf 91' lang='grc' dir='ltr'>Ι.</span> <span class='ocrx_word' id='word_1_680' title='bbox 1571 2598 1602 2635; x_wconf 82' lang='grc'><em>6,</em></span> <span class='ocrx_word' id='word_1_681' title='bbox 1631 2599 1681 2630; x_wconf 65' lang='grc'><em>12.</em></span> 
     </span>
    </p>
   </div>
   <div class='ocr_carea' id='block_1_8' title="bbox 1040 2643 1795 2953">
    <p class='ocr_par' dir='ltr' id='par_1_60' title="bbox 1041 2643 1794 2733">
     <span class='ocr_line' id='line_1_118' title="bbox 1041 2643 1794 2685; baseline -0.004 -8"><span class='ocrx_word' id='word_1_682' title='bbox 1041 2648 1163 2685; x_wconf 89' lang='lat' dir='ltr'><em>Quum,</em></span> <span class='ocrx_word' id='word_1_683' title='bbox 1201 2657 1273 2677; x_wconf 90' lang='lat' dir='ltr'><em>cum</em></span> <span class='ocrx_word' id='word_1_684' title='bbox 1308 2643 1518 2676; x_wconf 83' lang='lat' dir='ltr'><em>coniunctivo</em></span> <span class='ocrx_word' id='word_1_685' title='bbox 1541 2643 1705 2681; x_wconf 89' lang='lat' dir='ltr'><em>iunctum,</em></span> <span class='ocrx_word' id='word_1_686' title='bbox 1739 2654 1794 2674; x_wconf 88' lang='lat' dir='ltr'><em>se-</em></span> 
     </span>
     <span class='ocr_line' id='line_1_119' title="bbox 1085 2688 1560 2733; baseline -0.002 -12"><span class='ocrx_word' id='word_1_687' title='bbox 1085 2696 1205 2733; x_wconf 89' lang='lat' dir='ltr'><em>quente</em></span> <span class='ocrx_word' id='word_1_688' title='bbox 1229 2694 1303 2722; x_wconf 83' lang='lat' dir='ltr'><em>ium.</em></span> <span class='ocrx_word' id='word_1_689' title='bbox 1341 2690 1381 2720; x_wconf 89' lang='lat' dir='ltr'><em>V.</em></span> <span class='ocrx_word' id='word_1_690' title='bbox 1405 2688 1461 2730; x_wconf 81' lang='lat'><em>39,</em></span> <span class='ocrx_word' id='word_1_691' title='bbox 1489 2688 1560 2720; x_wconf 88' lang='lat'><strong>113.</strong></span> 
     </span>
    </p>

    <p class='ocr_par' dir='ltr' id='par_1_61' title="bbox 1041 2731 1795 2822">
     <span class='ocr_line' id='line_1_120' title="bbox 1041 2731 1795 2774; baseline -0.005 -8"><span class='ocrx_word' id='word_1_692' title='bbox 1041 2737 1161 2774; x_wconf 90' lang='lat' dir='ltr'><em>Quum,</em></span> <span class='ocrx_word' id='word_1_693' title='bbox 1199 2745 1271 2766; x_wconf 90' lang='lat' dir='ltr'><em>cum</em></span> <span class='ocrx_word' id='word_1_694' title='bbox 1295 2733 1504 2765; x_wconf 86' lang='lat' dir='ltr'><em>coniunctivo</em></span> <span class='ocrx_word' id='word_1_695' title='bbox 1536 2731 1703 2771; x_wconf 83' lang='lat' dir='ltr'><em>iunctum,</em></span> <span class='ocrx_word' id='word_1_696' title='bbox 1740 2743 1795 2763; x_wconf 87' lang='lat' dir='ltr'><em>se-</em></span> 
     </span>
     <span class='ocr_line' id='line_1_121' title="bbox 1083 2776 1579 2822; baseline -0.004 -12"><span class='ocrx_word' id='word_1_697' title='bbox 1083 2785 1204 2822; x_wconf 82' lang='lat' dir='ltr'><em>quente</em></span> <span class='ocrx_word' id='word_1_698' title='bbox 1227 2783 1340 2811; x_wconf 76' lang='lat' dir='ltr'><em>iamen-</em></span> <span class='ocrx_word' id='word_1_699' title='bbox 1376 2780 1399 2809; x_wconf 85' lang='lat' dir='ltr'><em>I.</em></span> <span class='ocrx_word' id='word_1_700' title='bbox 1426 2776 1479 2815; x_wconf 87' lang='lat'><em>49,</em></span> <span class='ocrx_word' id='word_1_701' title='bbox 1507 2776 1579 2809; x_wconf 90' lang='lat'><strong>117.</strong></span> 
     </span>
    </p>

    <p class='ocr_par' dir='ltr' id='par_1_62' title="bbox 1040 2820 1792 2901">
     <span class='ocr_line' id='line_1_122' title="bbox 1040 2820 1792 2866; baseline -0.004 -10"><span class='ocrx_word' id='word_1_702' title='bbox 1040 2826 1141 2863; x_wconf 85' lang='lat' dir='ltr'><em>Quum</em></span> <span class='ocrx_word' id='word_1_703' title='bbox 1158 2823 1342 2866; x_wconf 82' lang='lat' dir='ltr'><em>temporale</em></span> <span class='ocrx_word' id='word_1_704' title='bbox 1362 2822 1403 2854; x_wconf 89' lang='lat' dir='ltr'><em>de</em></span> <span class='ocrx_word' id='word_1_705' title='bbox 1426 2833 1461 2853; x_wconf 89' lang='lat' dir='ltr'><em>re</em></span> <span class='ocrx_word' id='word_1_706' title='bbox 1484 2820 1639 2863; x_wconf 77' lang='lat' dir='ltr'><em>cogitata.</em></span> <span class='ocrx_word' id='word_1_707' title='bbox 1666 2822 1721 2852; x_wconf 82' lang='grc' dir='ltr'>ΙΙΙ.</span> <span class='ocrx_word' id='word_1_708' title='bbox 1738 2821 1792 2859; x_wconf 90' lang='lat'><em>22,</em></span> 
     </span>
     <span class='ocr_line' id='line_1_123' title="bbox 1083 2869 1136 2901; baseline -0.019 0"><span class='ocrx_word' id='word_1_709' title='bbox 1083 2869 1136 2901; x_wconf 84' lang='lat'><em>52.</em></span> 
     </span>
    </p>

    <p class='ocr_par' dir='ltr' id='par_1_63' title="bbox 1040 2909 1792 2953">
     <span class='ocr_line' id='line_1_124' title="bbox 1040 2909 1792 2953; baseline -0.005 -8"><span class='ocrx_word' id='word_1_710' title='bbox 1040 2915 1142 2952; x_wconf 86' lang='lat' dir='ltr'><em>Quum</em></span> <span class='ocrx_word' id='word_1_711' title='bbox 1177 2925 1203 2945; x_wconf 92' lang='lat' dir='ltr'><em>c.</em></span> <span class='ocrx_word' id='word_1_712' title='bbox 1236 2912 1319 2945; x_wconf 86' lang='lat' dir='ltr'><em>coni.</em></span> <span class='ocrx_word' id='word_1_713' title='bbox 1358 2909 1570 2953; x_wconf 74' lang='lat' dir='ltr'><em>explicationi</em></span> <span class='ocrx_word' id='word_1_714' title='bbox 1605 2909 1792 2942; x_wconf 82' lang='lat' dir='ltr'><em>inserviens.</em></span> 
     </span>
    </p>
   </div>
   <div class='ocr_carea' id='block_1_9' title="bbox 1082 2956 1281 2997">
    <p class='ocr_par' dir='ltr' id='par_1_64' title="bbox 1082 2956 1281 2997">
     <span class='ocr_line' id='line_1_125' title="bbox 1082 2956 1281 2997; baseline -0.01 -7"><span class='ocrx_word' id='word_1_715' title='bbox 1082 2958 1122 2991; x_wconf 88' lang='lat' dir='ltr'><em>V.</em></span> <span class='ocrx_word' id='word_1_716' title='bbox 1148 2957 1202 2997; x_wconf 90' lang='lat'><em>27,</em></span> <span class='ocrx_word' id='word_1_717' title='bbox 1228 2956 1281 2990; x_wconf 90' lang='lat'><em>77.</em></span> 
     </span>
    </p>
   </div>
  </div>
 </body>
</html>
