1863 3221
219 112 303 155 470
790 114 955 148 meua
981 114 1021 147 v.
1045 112 1109 154 38,
1138 112 1211 146 112.

222 201 400 241 hibeatur
429 198 650 252 adspectus.

222 274 358 314 vivere
381 279 441 312 est
462 271 650 323 cogitare.

223 346 388 400 gaudum
416 342 570 383 adhibet
602 341 736 380 oculos
770 339 996 379 advocatos.

712 196 870 248 Loquor
891 193 992 233 enim
1027 193 1073 232 de
1109 192 1222 232 docto
1252 192 1407 233 bomine
1437 200 1476 233 et
1490 194 1672 245 erudito,
1718 194 1778 233 cui

715 265 912 321 Sapientis
936 273 1064 305 autem
1088 265 1272 318 cogitatio
1301 279 1379 305 non
1404 266 1523 306 ferme
1548 267 1595 306 ad
1616 267 1780 307 investi-

1061 344 1156 378 112.
1190 336 1345 377 Etenim
1380 339 1411 378 si
1438 352 1518 378 nox
1550 353 1626 378 nou
1648 340 1783 379 adimit

224 419 342 459 vitam
372 416 547 465 beatam,
591 426 660 453 cur
689 412 771 452 dies
800 411 902 451 nocti
930 411 1066 451 similis
1094 410 1264 450 adimat?
1323 409 1424 451 Nam
1464 411 1556 450 illud
1581 411 1782 464 Antipatri

226 487 437 544 Cyrenaici
458 492 518 527 est
544 485 696 539 quidem
731 485 857 539 paullo
886 483 1144 533 obscoenius,
1186 483 1254 523 sed
1282 497 1358 523 nou
1392 484 1558 523 absurda
1584 484 1779 523 sententia

224 568 299 610 est,
321 560 429 600 cuius
449 558 679 598 caecitatem
697 572 811 612 quum
831 556 1078 596 mulierculae
1097 556 1428 596 lamentarentur:
1467 555 1583 605 Quid
1600 556 1785 610 a95c5s2?

224 633 371 686 inquit,
417 645 474 672 an
504 631 623 672 vohis
644 631 766 671 nulla
786 630 958 671 videtur
982 630 1182 682 «voluptas
1213 642 1303 669 esse
1323 629 1571 668 nocturna?
1615 629 1784 683 Appium

225 705 377 759 quidem
407 711 581 745 veterem
615 704 743 754 illum,
777 703 840 756 qui
872 716 1011 742 caecus
1048 715 1171 741 annos
1201 702 1341 742 multos
1378 702 1471 752 fuit,
1516 709 1554 741 et
1586 715 1637 742 ex
1663 703 1785 755 magi—-

226 777 409 818 stratibus
437 783 476 817 et
502 790 555 817 ex
578 777 694 816 rebus
724 777 845 830 gestis
879 774 1129 828 intelligimus
1159 775 1196 813 in
1229 775 1293 814 illo
1317 788 1388 814 suo
1419 788 1510 814 casu
1535 788 1605 814 nec
1633 775 1784 828 privato

226 864 298 890 nec
326 849 477 904 publico
511 850 661 889 muneri
695 849 881 888 defuisse.
945 846 996 888 G.
1018 851 1035 874 3
1060 845 1180 887 Drusi
1215 847 1367 886 domum
1398 847 1582 901 compleri
1610 849 1661 887 a4
1692 862 1785 887 con-

226 922 436 963 sultoribus
468 922 621 961 solitam
659 921 902 974 accepimus,
947 934 1085 973 quum,
1135 934 1296 972 quorum
1337 933 1400 959 res
1433 926 1559 969 esset,
1602 933 1670 960 sua
1712 920 1782 974 ipsi

1215 990 1356 1031 Pueris
1377 992 1504 1039 nobis,
1540 990 1618 1031 Gn.
1635 995 1652 1017 ⁵
1676 992 1785 1031 Aufi-

227 1067 311 1107 dius
347 1066 599 1121 praetorius⁶
634 1072 672 1105 et
713 1065 753 1104 in
784 1063 934 1105 Senatu
964 1063 1196 1104 sententiam
1229 1064 1381 1104 dicebat
1422 1078 1493 1103 nec
1526 1064 1659 1104 amicis
1693 1065 1786 1104 deli-

226 1008 302 1034 non
326 994 529 1043 videbant,
563 1007 721 1033 caecum
749 992 982 1031 adhibebant
1003 993 1153 1031 ducem.

314 1188 335 1220 2
360 1201 390 1219 ν.
405 1188 489 1220 Adu.
537 1187 558 1221 3
583 1187 637 1220 Sic
660 1189 745 1219 Mos.
767 1199 828 1230 pro
852 1189 884 1219 C.
905 1186 1036 1228 scripsit
1060 1198 1098 1217 ex
1121 1186 1158 1217 R.
1182 1185 1268 1218 Gud.
1285 1185 1314 1219 1.
1341 1186 1386 1230 (hi
1409 1187 1551 1229 Gatrusi)
1574 1187 1608 1217 P.
1624 1186 1784 1229 (Gratusi)

226 1234 371 1276 aliisque.
420 1234 441 1265 '4
466 1233 521 1265 Sic
545 1245 658 1264 omnes
680 1233 751 1264 fere
773 1232 867 1264 codd.
892 1231 991 1263 etiam
1015 1231 1054 1262 R.
1078 1232 1130 1268 P.;
1159 1233 1213 1262 Or.
1237 1242 1263 1262 e.
1285 1231 1372 1273 vulg.
1395 1243 1460 1263 om.
1484 1242 1514 1264 α.
1572 1231 1592 1262 5
1617 1231 1671 1262 Sic
1697 1232 1781 1263 Mos.

227 1290 266 1309 ex
294 1278 379 1309 Gud.
396 1277 424 1310 1.
449 1279 572 1321 (G.N.)
602 1278 686 1309 Gud.
701 1279 741 1308 11.
769 1277 881 1308 Duisb.
902 1288 963 1319 pro
989 1279 1043 1308 Cn.
1091 1273 1112 1307 6
1136 1276 1266 1318 Pighius
1289 1283 1365 1318 post
1385 1280 1484 1316 praet.
1511 1275 1670 1307 excidisse
1692 1282 1786 1318 putat

227 1333 355 1363 caecus‚·
379 1330 412 1354 at
440 1330 529 1354 recte
553 1325 605 1355 Or.
625 1328 760 1360 monet,
794 1322 827 1352 id
850 1321 995 1353 Tullium
1019 1331 1084 1351 non
1110 1320 1296 1359 addidisse,
1331 1321 1404 1364 quia
1426 1333 1477 1352 res
1497 1327 1566 1352 tum
1587 1321 1685 1363 vulgo
1707 1327 1785 1352 notu

228 1367 354 1399 suisset.
401 1369 442 1399 Et
465 1379 544 1399 vero
569 1379 607 1398 ex
629 1374 701 1398 tota
726 1367 876 1398 oratione
901 1366 998 1397 facile
1022 1365 1227 1406 intelligitur.

292 1444 353 1466 non
373 1434 481 1476 ferme]
508 1444 576 1464 non
600 1433 709 1468 facile,
733 1431 787 1463 vix
808 1443 884 1469 nou,
907 1433 990 1463 nicht

227 1480 310 1510 eben.
345 1477 561 1520 Frequentius
583 1483 632 1507 est
651 1487 712 1508 non
732 1479 804 1516 fere,
830 1482 865 1506 ut
880 1476 988 1507 Fin.1.

226 1522 258 1561 6,
284 1522 340 1554 12:52
366 1533 427 1554 non
449 1524 509 1562 (ere
533 1521 671 1553 labitur:
707 1521 760 1552 ubi
783 1532 813 1552 v.
840 1522 989 1552 Gitonem.

229 1566 284 1598 Sic
303 1577 400 1609 supra
413 1569 435 1598 I.
455 1567 503 1605 17,
518 1566 571 1599 ὃὸ.
592 1565 728 1607 legimus
748 1576 808 1597 non
827 1566 900 1604 fere,
917 1567 989 1605 nisi,

228 1610 321 1642 nicht
340 1611 454 1649 leicht‚
471 1622 590 1642 ausser.
621 1612 660 1641 ΙΙ.
682 1610 714 1648 3,
728 1612 759 1642 ts.
782 1609 986 1651 (Epicurum)

227 1666 288 1687 non
310 1658 372 1696 fere
389 1662 519 1698 praeter
539 1666 614 1685 suos
635 1654 804 1697 quisquam
823 1655 855 1685 in
875 1665 989 1685 manus

229 1700 338 1730 sumit.
361 1702 400 1731 V.
416 1702 534 1731 Handii
554 1699 694 1730 Tursell.
708 1701 747 1730 T.
763 1700 802 1729 ΙΙ.
817 1710 848 1740 p.
861 1698 926 1731 695
938 1710 987 1741 sq.

297 1746 421 1776 adhibet
444 1747 546 1775 oculos
566 1743 747 1785 advocatos]
776 1742 908 1780 Nescio,
935 1754 991 1774 cur

228 1788 433 1831 displicuerit
455 1788 609 1819 Ernestio
637 1787 832 1819 vocabulum
854 1789 990 1819 advoca-

227 1838 283 1865 tos.
319 1833 460 1864 Locutio
486 1832 626 1864 sorensis
648 1835 782 1872 aliquem
802 1834 990 1864 advocatum

228 1879 372 1909 adhibere
390 1884 527 1908 venuste
549 1877 592 1909 ad
614 1877 727 1908 oculos
753 1876 913 1908 translata
929 1883 988 1908 est.

228 1924 332 1964 Supra
357 1923 411 1953 IV.
430 1922 494 1960 23,
516 1923 575 1954 52:
604 1923 680 1952 Non
703 1921 803 1963 igitur
823 1921 991 1952 desiderat

229 1966 392 1998 fortitudo
417 1968 605 1998 advocatam
628 1966 839 1997 iracundiam.
891 1968 991 1998 Moser

229 2011 361 2042 confert
383 2011 484 2042 Acad.
506 2014 538 2049 2,
560 2011 621 2044 27:
649 2012 782 2042 Adhibes
802 2017 906 2041 artem
930 2012 987 2041 ad·

227 2060 372 2087 vocatam
397 2055 495 2086 etiam
519 2054 677 2085 sensibus.

297 2099 325 2140 §—
345 2100 418 2130 11⁴2.
453 2101 518 2130 dies
541 2101 622 2129 nocti
644 2098 769 2141 similis]
810 2099 913 2141 qualis
939 2106 989 2130 est

229 2153 338 2174 caeco.
386 2145 523 2174 Neidius.

296 2188 378 2225 Quid
403 2189 496 2227 a9iiis
507 2187 537 2230 ?]
574 2185 714 2217 Wolfius
740 2186 928 2228 (Darstellg.
956 2187 987 2218 d.

229 2230 417 2263 Alterthsw.
451 2232 531 2272 Lpz.
559 2230 651 2263 1³33.
674 2242 705 2272 p.
719 2230 787 2271 Oti.)
814 2231 987 2272 legendum

229 2275 389 2306 coniecit:
413 2277 496 2314 Quid
515 2277 612 2306 aitis?
635 2276 739 2313 Quam
754 2276 986 2312 coniecturam,

227 2319 325 2352 Vind.
352 2321 378 2351 l.
410 2320 653 2357 confirmatam7
698 2321 824 2362 recepit
857 2322 986 2351 Moser:

229 2364 318 2406 quod
342 2363 462 2400 miror3
500 2376 573 2395 nam
599 2367 691 2403 cyitis
722 2364 828 2395 multo
858 2365 987 2405 gravius

230 2415 278 2439 est
302 2408 546 2451 respondetque
571 2415 705 2440 nostro:
730 2419 797 2440 was
821 2411 890 2449 falli
914 2411 988 2441 euch

229 2455 303 2484 ein?
352 2454 424 2484 Huc
458 2453 606 2491 accedit,
652 2453 739 2495 quod
773 2453 880 2485 forma
916 2457 988 2485 aitis

229 2496 326 2527 valde
351 2497 447 2528 dubia
472 2504 529 2530 est.
566 2501 594 2529 A
618 2498 708 2529 nullo
734 2498 798 2529 alio
821 2510 987 2540 gramma-

231 2539 297 2571 tico
322 2548 491 2579 enotatur,
527 2542 588 2573 nisi
613 2543 652 2573 ab
678 2542 816 2574 Alcuino
841 2555 872 2585 p.
886 2544 984 2575 2115.

230 2584 377 2621 Putsch.‚
404 2586 458 2627 qui
477 2593 584 2617 tamen
608 2587 696 2618 nulla
719 2588 868 2629 exempla
893 2594 984 2618 attu-

231 2628 278 2660 lit.
335 2628 486 2660 Ceteram
521 2632 631 2662 Moser
674 2632 705 2662 in
740 2639 851 2673 partes
888 2639 985 2663 vocat

231 2672 383 2704 Ruddim.
433 2675 510 2704 lust.
538 2676 593 2705 Gr.
616 2677 653 2706 L.
682 2678 701 2706 l.
728 2688 757 2718 p.
777 2676 852 2708 265).

300 2720 336 2747 G.
362 2719 470 2758 Drusi]
497 2718 604 2749 valer.
630 2720 761 2750 Maxim.
786 2722 875 2751 VIII.
895 2721 924 2759 7,
943 2718 982 2752 4:

234 2761 416 2792 Consimilis
437 2763 699 2804 perseverantiae
719 2764 828 2795 Livius
852 2767 983 2804 Drusus,

231 2806 285 2848 qui
304 2805 422 2837 aetatis
443 2806 565 2837 viribus
590 2813 622 2837 et
644 2808 711 2838 acie.
735 2810 902 2840 oculorum
923 2810 984 2840 de-

231 2851 336 2881 fectus
355 2850 403 2881 ius
427 2850 521 2882 civile
540 2851 664 2893 populo
683 2851 914 2894 benignissime
930 2854 983 2885 in·-

228 2901 426 2937 terpretatus
459 2901 509 2926 est
539 2895 774 2938 utilissimaque
801 2897 926 2929 discere
950 2898 983 2929 id

229 2940 435 2981 cupientibus
449 2946 660 2972 monumenta
679 2942 873 2983 composuit.
899 2943 982 2974 Nam

1024 1438 1059 1462 ut
1083 1443 1194 1463 senem
1219 1432 1310 1463 illum
1334 1438 1470 1471 natura,
1497 1443 1629 1464 caecum
1652 1432 1784 1463 fortuna

1024 1476 1134 1507 facere
1167 1476 1295 1519 potuit;
1344 1476 1390 1508 ita
1425 1483 1540 1507 neutra
1574 1476 1786 1519 interpellare

1024 1521 1144 1559 valuit,
1170 1533 1212 1553 ne
1236 1533 1301 1553 uon
1326 1521 1436 1553 animo
1462 1528 1495 1553 et
1519 1521 1647 1553 videret
1672 1528 1706 1552 et
1730 1522 1782 1554 vi-

1023 1572 1127 1608 geret.

1091 1614 1118 1641 et
1143 1612 1264 1642 dicebat
1288 1621 1342 1642 nec
1366 1612 1486 1651 deerat]
1524 1611 1564 1642 V.
1584 1610 1626 1642 ad
1652 1612 1675 1642 Ι.
1696 1607 1728 1649 4,
1754 1611 1784 1645 7.

1093 1657 1245 1685 Graecam
1258 1673 1300 1677 —
1312 1657 1488 1697 historiam]
1506 1656 1533 1686 N
1539 1666 1581 1686 ou
1595 1667 1664 1686 esse
1678 1656 1785 1687 Grae-

1025 1709 1135 1730 carum
1168 1710 1275 1730 rerum
1298 1699 1491 1738 historiam,
1528 1699 1587 1731 sed
1612 1700 1783 1732 historiam

1025 1744 1205 1774 Romanam
1228 1744 1354 1776 Graece
1374 1745 1542 1787 scriptam,
1569 1744 1668 1776 docet
1691 1748 1783 1786 17098-

1023 1790 1083 1819 lius
1106 1788 1139 1818 in
1162 1789 1287 1819 Prolus.
1322 1789 1392 1832 Bip.
1418 1790 1514 1822 1530.
1539 1801 1570 1832 p.
1589 1790 1636 1823 17.
1685 1792 1784 1822 Moser

1024 1832 1136 1863 laudat
1173 1833 1344 1864 Baehrium
1379 1834 1496 1865 Gesch.
1522 1833 1554 1865 d.
1580 1835 1674 1865 Ro'm.
1701 1835 1781 1866 Litt.

1026 1877 1076 1909 ed.
1090 1880 1121 1908 ζ).
1146 1889 1177 1919 p.
1200 1878 1275 1910 351.

1090 1924 1214 1953 videbat
1232 1925 1263 1953 in
1285 1924 1392 1964 literis]
1415 1924 1532 1955 Horat.
1548 1926 1616 1955 Sat.
1633 1924 1702 1965 1.3,
1721 1923 1781 1957 26.-

1025 1977 1081 1997 cur
1108 1969 1141 1998 in
1167 1967 1345 1998 amicorum
1370 1970 1453 2000 viliis
1484 1975 1549 1999 tam
1583 1971 1680 2000 cernis
1704 1980 1783 1999 acu-

1023 2016 1093 2042 tum
1107 2011 1176 2042 —-?
1199 2011 1252 2042 ubi
1273 2024 1301 2043 v.
1317 2014 1476 2052 Heindorf.
1492 2012 1589 2055 p.63.
1614 2013 1668 2044 Sic
1681 2013 1782 2055 Soph.

1024 2057 1061 2085 Ο.
1081 2056 1119 2086 R.
1141 2056 1289 2098 Rrsssq.:
1325 2053 1415 2094 ὅςτις
1439 2057 1481 2090 ἐν
1505 2061 1600 2094 τοῖς
1625 2057 1783 2098 κέρδε-

1025 2110 1087 2132 σιν
1124 2098 1233 2133 Μόνον
1268 2100 1478 2143 δέδορκε,
1515 2099 1576 2143 τὴν
1609 2101 1727 2145 τέχνην
1752 2099 1782 2136 δ’

1025 2143 1086 2186 ἔφυ
1111 2144 1246 2186 τυφλός.
1296 2146 1452 2177 Similiter
1478 2146 1622 2177 Graece:
1656 2146 1784 2190 βλέπειν

1023 2185 1106 2228 πρὸς
1124 2187 1296 2229 πράγματί
1316 2201 1387 2231 τινι,
1413 2190 1537 2221 acutius
1562 2190 1594 2221 in
1620 2203 1654 2222 re
1676 2191 1784 2233 aliqua

1024 2231 1146 2263 videre.
1175 2233 1212 2263 V.
1224 2235 1382 2272 Heindorf.
1397 2234 1437 2264 ad
1452 2235 1530 2266 Plat.
1544 2235 1643 2276 Soph.
1661 2247 1691 2276 p.
1706 2236 1782 2267 ¹232.

1024 2277 1059 2307 F..
1115 2277 1290 2318 Eleganter
1322 2288 1431 2310 caecus
1465 2279 1584 2309 dicitnr
1614 2281 1717 2311 videre
1748 2279 1782 2310 in

1023 2320 1151 2352 litteris.
1201 2321 1250 2353 Cf.
1274 2322 1382 2353 locum
1406 2335 1422 2353 e
1446 2323 1612 2365 Sophocle
1634 2323 1780 2356 allatum.

1026 2365 1161 2407 lllepida
1186 2372 1235 2396 est
1257 2367 1462 2399 coniectura:
1489 2370 1631 2408 vivebat,
1656 2368 1701 2399 uti
1729 2368 1780 2400 le—

1022 2409 1108 2452 gitur
1132 2410 1163 2441 in
1191 2410 1265 2441 cod.
1292 2411 1412 2443 Ursini.

1093 2455 1168 2486 CAP.
1182 2456 1350 2487 XXXIX.
1376 2457 1402 2498 ξ.
1421 2457 1493 2489 113.
1524 2459 1673 2488 Diodotus
1699 2459 1780 2489 Stoi-

1021 2499 1086 2542 cus]
1115 2501 1152 2531 V.
1167 2510 1226 2530 nos
1249 2500 1280 2531 in
1304 2501 1387 2531 libro
1410 2501 1441 2531 d.
1465 2503 1502 2532 de
1517 2503 1778 2541 Ciceron.inphi-

1021 2546 1074 2575 los.
1099 2555 1173 2576 mer.
1196 2555 1229 2585 p.
1246 2545 1298 2577 37.
1326 2552 1359 2575 et
1384 2545 1486 2576 Indic.
1510 2545 1584 2576 hist.

1085 2591 1168 2628 quod
1189 2591 1331 2621 credibile
1354 2592 1407 2621 vix
1432 2590 1519 2632 esset]
1546 2590 1606 2620 nisi
1631 2590 1700 2631 ipse
1725 2590 1775 2621 vi-

1018 2632 1148 2664 dissem.

1088 2688 1182 2717 quum
1205 2681 1238 2709 in
1259 2680 1335 2717 phil.
1352 2682 1533 2717 versaretur,
1557 2697 1600 2700 —
1624 2682 1687 2709 tum
1711 2682 1776 2710 tue-

1020 2722 1124 2764 batur]
1154 2724 1185 2753 ln
1206 2722 1270 2753 hoc
1294 2722 1479 2764 partitionis
1498 2733 1628 2763 genere,
1655 2734 1719 2764 qno
1742 2723 1773 2754 in

1020 2767 1128 2808 priore
1152 2767 1299 2797 membro
1333 2767 1454 2808 aliquid
1479 2766 1659 2808 generatim
1684 2768 1774 2809 poni,

1018 2811 1050 2841 in
1064 2812 1247 2853 posteriore
1267 2811 1388 2853 aliquid
1405 2810 1592 2852 singillatim
1617 2823 1689 2842 cum
1707 2823 1774 2842 ma—

1018 2855 1088 2886 iore
1114 2856 1144 2886 vi
1170 2855 1279 2886 el‘l'erri
1302 2856 1387 2886 solet
1413 2859 1455 2896 (V.
1470 2862 1577 2886 tamen
1598 2856 1719 2886 Adnot.
1740 2856 1773 2887 in

1021 2911 1046 2931 c.
1060 2901 1113 2938 ⁴35,
1132 2900 1212 2937 ΤΔ),
1234 2899 1355 2941 duplici
1377 2905 1503 2930 veteres
1527 2900 1572 2930 usi
1594 2907 1669 2931 sunt
1684 2907 1772 2931 stru-

1020 2950 1120 2976 ctura.
1170 2944 1330 2976 Particula
1363 2943 1448 2974 enim
1472 2955 1566 2984 qnam
1597 2945 1628 2976 in
1665 2945 1772 2987 priore
