<?xml version="1.0" encoding="UTF-8"?>
<!DOCTYPE html PUBLIC "-//W3C//DTD XHTML 1.0 Transitional//EN"
    "http://www.w3.org/TR/xhtml1/DTD/xhtml1-transitional.dtd">
<html xmlns="http://www.w3.org/1999/xhtml" xml:lang="en" lang="en">
 <head>
  <title>
</title>
<meta http-equiv="Content-Type" content="text/html;charset=utf-8" />
  <meta name='ocr-system' content='tesseract 3.04.00' />
  <meta name='ocr-capabilities' content='ocr_page ocr_carea ocr_par ocr_line ocrx_word'/>
</head>
<body>
  <div class='ocr_page' id='page_1' title='image "./tusculanaedisput00ciceuoft_0541.png"; bbox 0 0 1832 3137; ppageno 0'>
   <div class='ocr_carea' id='block_1_1' title="bbox 608 78 1047 125">
    <p class='ocr_par' dir='ltr' id='par_1_1' title="bbox 608 78 1047 125">
     <span class='ocr_line' id='line_1_1' title="bbox 608 78 1047 125; baseline 0 -2"><span class='ocrx_word' id='word_1_1' title='bbox 608 91 749 123; x_wconf 74' lang='lat' dir='ltr'>inussx</span> <span class='ocrx_word' id='word_1_2' title='bbox 773 78 1047 125; x_wconf 77' lang='lat' dir='ltr'>ffls&#39;romcus&#39;.</span> 
     </span>
    </p>
   </div>
   <div class='ocr_carea' id='block_1_2' title="bbox 48 167 808 703">
    <p class='ocr_par' dir='ltr' id='par_1_2' title="bbox 49 167 808 247">
     <span class='ocr_line' id='line_1_2' title="bbox 49 167 808 247; baseline 0 -45"><span class='ocrx_word' id='word_1_3' title='bbox 49 172 153 247; x_wconf 58' lang='lat' dir='ltr'>Laffi,</span> <span class='ocrx_word' id='word_1_4' title='bbox 167 169 248 246; x_wconf 47' lang='grc' dir='ltr'>ἑὸς</span> <span class='ocrx_word' id='word_1_5' title='bbox 270 167 564 202; x_wconf 80' lang='lat' dir='ltr'>Lacedaemonius.</span> <span class='ocrx_word' id='word_1_6' title='bbox 602 169 739 209; x_wconf 84' lang='grc'><strong>1,111.</strong></span> <span class='ocrx_word' id='word_1_7' title='bbox 773 170 808 212; x_wconf 88' lang='lat'>5,</span> 
     </span>
    </p>

    <p class='ocr_par' dir='ltr' id='par_1_3' title="bbox 51 259 807 473">
     <span class='ocr_line' id='line_1_3' title="bbox 51 259 715 304; baseline -0.002 -12"><span class='ocrx_word' id='word_1_8' title='bbox 51 259 210 299; x_wconf 61' lang='lat' dir='ltr'>Lacfides,</span> <span class='ocrx_word' id='word_1_9' title='bbox 235 259 441 304; x_wconf 86' lang='lat' dir='ltr'>Cyrenaeus,</span> <span class='ocrx_word' id='word_1_10' title='bbox 478 259 715 302; x_wconf 89' lang='lat' dir='ltr'>philosophus,</span> 
     </span>
     <span class='ocr_line' id='line_1_4' title="bbox 94 303 806 345; baseline -0.001 -9"><span class='ocrx_word' id='word_1_11' title='bbox 94 303 277 345; x_wconf 80' lang='lat' dir='ltr'>Arcesilae,</span> <span class='ocrx_word' id='word_1_12' title='bbox 302 315 408 337; x_wconf 88' lang='lat' dir='ltr'>novae</span> <span class='ocrx_word' id='word_1_13' title='bbox 433 304 628 336; x_wconf 83' lang='lat' dir='ltr'>Academiae</span> <span class='ocrx_word' id='word_1_14' title='bbox 652 304 806 343; x_wconf 88' lang='lat' dir='ltr'>auctoris,</span> 
     </span>
     <span class='ocr_line' id='line_1_5' title="bbox 93 348 807 393; baseline 0 -13"><span class='ocrx_word' id='word_1_15' title='bbox 93 348 241 381; x_wconf 89' lang='lat' dir='ltr'>scholam</span> <span class='ocrx_word' id='word_1_16' title='bbox 261 349 414 393; x_wconf 83' lang='lat' dir='ltr'>suscepit.</span> <span class='ocrx_word' id='word_1_17' title='bbox 448 350 488 381; x_wconf 91' lang='lat' dir='ltr'>V.</span> <span class='ocrx_word' id='word_1_18' title='bbox 511 361 570 381; x_wconf 91' lang='lat' dir='ltr'>nos</span> <span class='ocrx_word' id='word_1_19' title='bbox 589 349 622 380; x_wconf 89' lang='lat' dir='ltr'>in</span> <span class='ocrx_word' id='word_1_20' title='bbox 644 349 730 381; x_wconf 87' lang='lat' dir='ltr'>libro</span> <span class='ocrx_word' id='word_1_21' title='bbox 751 349 807 380; x_wconf 88' lang='lat' dir='ltr'>di—</span> 
     </span>
     <span class='ocr_line' id='line_1_6' title="bbox 95 395 807 438; baseline 0.003 -13"><span class='ocrx_word' id='word_1_22' title='bbox 95 401 150 426; x_wconf 84' lang='lat' dir='ltr'>cto</span> <span class='ocrx_word' id='word_1_23' title='bbox 183 396 220 426; x_wconf 82' lang='lat' dir='ltr'>de</span> <span class='ocrx_word' id='word_1_24' title='bbox 245 398 341 428; x_wconf 81' lang='lat' dir='ltr'>Cicer.</span> <span class='ocrx_word' id='word_1_25' title='bbox 365 397 396 426; x_wconf 85' lang='lat' dir='ltr'>in</span> <span class='ocrx_word' id='word_1_26' title='bbox 417 396 494 435; x_wconf 78' lang='lat' dir='ltr'>phil.</span> <span class='ocrx_word' id='word_1_27' title='bbox 518 405 591 427; x_wconf 87' lang='lat' dir='ltr'>mer.</span> <span class='ocrx_word' id='word_1_28' title='bbox 615 406 648 438; x_wconf 89' lang='lat' dir='ltr'>p.</span> <span class='ocrx_word' id='word_1_29' title='bbox 666 395 738 427; x_wconf 90' lang='lat'>155.</span> <span class='ocrx_word' id='word_1_30' title='bbox 763 412 807 418; x_wconf 89' lang='lat'>-·</span> 
     </span>
     <span class='ocr_line' id='line_1_7' title="bbox 93 440 234 477; baseline 0.016 -6"><span class='ocrx_word' id='word_1_31' title='bbox 93 440 234 477; x_wconf 82' lang='grc'><strong>5,107.</strong></span> 
     </span>
    </p>

    <p class='ocr_par' dir='ltr' id='par_1_4' title="bbox 48 463 807 608">
     <span class='ocr_line' id='line_1_8' title="bbox 48 463 807 536; baseline -0.001 -20"><span class='ocrx_word' id='word_1_32' title='bbox 48 463 185 525; x_wconf 77' lang='lat' dir='ltr'>Laelius,</span> <span class='ocrx_word' id='word_1_33' title='bbox 210 487 257 525; x_wconf 83' lang='grc'>0.,</span> <span class='ocrx_word' id='word_1_34' title='bbox 287 484 482 536; x_wconf 84' lang='lat' dir='ltr'>cognomine</span> <span class='ocrx_word' id='word_1_35' title='bbox 506 484 662 527; x_wconf 80' lang='lat' dir='ltr'>Sapiens,</span> <span class='ocrx_word' id='word_1_36' title='bbox 685 483 807 516; x_wconf 87' lang='lat' dir='ltr'>amicus</span> 
     </span>
     <span class='ocr_line' id='line_1_9' title="bbox 95 526 806 570; baseline 0.001 -9"><span class='ocrx_word' id='word_1_37' title='bbox 95 530 147 561; x_wconf 89' lang='lat' dir='ltr'>Sc.</span> <span class='ocrx_word' id='word_1_38' title='bbox 173 529 319 562; x_wconf 83' lang='lat' dir='ltr'>Africani</span> <span class='ocrx_word' id='word_1_39' title='bbox 342 529 492 562; x_wconf 85' lang='lat' dir='ltr'>Minoris.</span> <span class='ocrx_word' id='word_1_40' title='bbox 534 530 671 570; x_wconf 86' lang='lat'>1,110.</span> <span class='ocrx_word' id='word_1_41' title='bbox 708 526 749 568; x_wconf 89' lang='lat'>4,</span> <span class='ocrx_word' id='word_1_42' title='bbox 775 529 806 561; x_wconf 87' lang='lat'>5.</span> 
     </span>
     <span class='ocr_line' id='line_1_10' title="bbox 93 572 291 612; baseline 0.011 -6"><span class='ocrx_word' id='word_1_43' title='bbox 93 575 133 612; x_wconf 90' lang='lat'>5,</span> <span class='ocrx_word' id='word_1_44' title='bbox 158 572 211 606; x_wconf 82' lang='lat'>54.</span> <span class='ocrx_word' id='word_1_45' title='bbox 237 574 291 608; x_wconf 89' lang='lat'>56.</span> 
     </span>
    </p>

    <p class='ocr_par' dir='ltr' id='par_1_5' title="bbox 51 618 808 703">
     <span class='ocr_line' id='line_1_11' title="bbox 51 618 808 659; baseline -0.001 -8"><span class='ocrx_word' id='word_1_46' title='bbox 51 621 186 659; x_wconf 85' lang='lat' dir='ltr'>Laelius,</span> <span class='ocrx_word' id='word_1_47' title='bbox 206 621 255 659; x_wconf 90' lang='lat' dir='ltr'>D.,</span> <span class='ocrx_word' id='word_1_48' title='bbox 281 626 403 658; x_wconf 88' lang='lat' dir='ltr'>orator,</span> <span class='ocrx_word' id='word_1_49' title='bbox 427 619 478 651; x_wconf 87' lang='lat' dir='ltr'>vir</span> <span class='ocrx_word' id='word_1_50' title='bbox 497 619 614 659; x_wconf 88' lang='lat' dir='ltr'>bonus,</span> <span class='ocrx_word' id='word_1_51' title='bbox 627 618 808 651; x_wconf 87' lang='lat' dir='ltr'>mediocri-</span> 
     </span>
     <span class='ocr_line' id='line_1_12' title="bbox 95 663 806 703; baseline 0.003 -8"><span class='ocrx_word' id='word_1_52' title='bbox 95 671 146 696; x_wconf 87' lang='lat' dir='ltr'>ter</span> <span class='ocrx_word' id='word_1_53' title='bbox 175 664 303 697; x_wconf 89' lang='lat' dir='ltr'>doctus.</span> <span class='ocrx_word' id='word_1_54' title='bbox 352 664 418 696; x_wconf 86' lang='lat' dir='ltr'>Cic.</span> <span class='ocrx_word' id='word_1_55' title='bbox 443 664 484 696; x_wconf 91' lang='lat' dir='ltr'>de</span> <span class='ocrx_word' id='word_1_56' title='bbox 507 666 596 696; x_wconf 86' lang='lat' dir='ltr'>Orat.</span> <span class='ocrx_word' id='word_1_57' title='bbox 619 665 659 703; x_wconf 83' lang='lat'>2,</span> <span class='ocrx_word' id='word_1_58' title='bbox 688 663 741 697; x_wconf 83' lang='lat'>16-</span> <span class='ocrx_word' id='word_1_59' title='bbox 764 682 806 687; x_wconf 91' lang='lat'>-—-</span> 
     </span>
    </p>
   </div>
   <div class='ocr_carea' id='block_1_3' title="bbox 753 258 808 302">
    <p class='ocr_par' dir='ltr' id='par_1_6' title="bbox 753 258 808 302">
     <span class='ocr_line' id='line_1_13' title="bbox 753 258 808 302; baseline 0 -12"><span class='ocrx_word' id='word_1_60' title='bbox 753 258 808 302; x_wconf 86' lang='lat' dir='ltr'>qui</span> 
     </span>
    </p>
   </div>
   <div class='ocr_carea' id='block_1_4' title="bbox 45 710 807 1917">
    <p class='ocr_par' dir='ltr' id='par_1_7' title="bbox 98 710 189 747">
     <span class='ocr_line' id='line_1_14' title="bbox 98 710 189 747; baseline -0.022 -5"><span class='ocrx_word' id='word_1_61' title='bbox 98 711 133 747; x_wconf 88' lang='lat'>1,</span> <span class='ocrx_word' id='word_1_62' title='bbox 158 710 189 741; x_wconf 89' lang='lat'>5.</span> 
     </span>
    </p>

    <p class='ocr_par' dir='ltr' id='par_1_8' title="bbox 48 752 807 832">
     <span class='ocr_line' id='line_1_15' title="bbox 48 752 807 796; baseline -0.003 -10"><span class='ocrx_word' id='word_1_63' title='bbox 48 756 164 794; x_wconf 83' lang='lat' dir='ltr'>Laius,</span> <span class='ocrx_word' id='word_1_64' title='bbox 187 766 244 787; x_wconf 88' lang='lat' dir='ltr'>rex</span> <span class='ocrx_word' id='word_1_65' title='bbox 264 754 473 793; x_wconf 87' lang='lat' dir='ltr'>Thebarum,</span> <span class='ocrx_word' id='word_1_66' title='bbox 498 760 593 796; x_wconf 87' lang='lat' dir='ltr'>pater</span> <span class='ocrx_word' id='word_1_67' title='bbox 615 752 807 796; x_wconf 86' lang='lat' dir='ltr'>Oedipodis,</span> 
     </span>
     <span class='ocr_line' id='line_1_16' title="bbox 94 796 474 836; baseline -0.003 -6"><span class='ocrx_word' id='word_1_68' title='bbox 94 796 136 836; x_wconf 89' lang='lat'>4,</span> <span class='ocrx_word' id='word_1_69' title='bbox 161 799 224 832; x_wconf 85' lang='lat'>71:</span> <span class='ocrx_word' id='word_1_70' title='bbox 255 799 309 830; x_wconf 91' lang='lat' dir='ltr'>ubi</span> <span class='ocrx_word' id='word_1_71' title='bbox 333 812 365 830; x_wconf 91' lang='lat' dir='ltr'>v.</span> <span class='ocrx_word' id='word_1_72' title='bbox 389 798 474 830; x_wconf 84' lang='lat' dir='ltr'>Adn.</span> 
     </span>
    </p>

    <p class='ocr_par' dir='ltr' id='par_1_9' title="bbox 51 842 807 921">
     <span class='ocr_line' id='line_1_17' title="bbox 51 842 807 897; baseline -0.003 -21"><span class='ocrx_word' id='word_1_73' title='bbox 51 844 265 884; x_wconf 80' lang='lat' dir='ltr'>Lampsacus,</span> <span class='ocrx_word' id='word_1_74' title='bbox 290 843 365 874; x_wconf 88' lang='lat' dir='ltr'>urbs</span> <span class='ocrx_word' id='word_1_75' title='bbox 389 843 503 881; x_wconf 85' lang='lat' dir='ltr'>Asiae,</span> <span class='ocrx_word' id='word_1_76' title='bbox 537 842 580 874; x_wconf 88' lang='lat' dir='ltr'>ad</span> <span class='ocrx_word' id='word_1_77' title='bbox 598 842 807 897; x_wconf 88' lang='lat' dir='ltr'>Hellespon-</span> 
     </span>
     <span class='ocr_line' id='line_1_18' title="bbox 91 886 622 930; baseline 0.004 -12"><span class='ocrx_word' id='word_1_78' title='bbox 91 894 161 919; x_wconf 86' lang='lat' dir='ltr'>tum</span> <span class='ocrx_word' id='word_1_79' title='bbox 185 888 218 920; x_wconf 90' lang='lat' dir='ltr'>in</span> <span class='ocrx_word' id='word_1_80' title='bbox 243 888 349 930; x_wconf 80' lang='lat' dir='ltr'>Mysia</span> <span class='ocrx_word' id='word_1_81' title='bbox 372 888 445 920; x_wconf 88' lang='lat' dir='ltr'>sita.</span> <span class='ocrx_word' id='word_1_82' title='bbox 484 889 521 926; x_wconf 90' lang='grc'>1,</span> <span class='ocrx_word' id='word_1_83' title='bbox 550 886 622 920; x_wconf 88' lang='lat'>104.</span> 
     </span>
    </p>

    <p class='ocr_par' dir='ltr' id='par_1_10' title="bbox 53 925 807 1198">
     <span class='ocr_line' id='line_1_19' title="bbox 53 925 806 975; baseline -0.001 -10"><span class='ocrx_word' id='word_1_84' title='bbox 53 934 244 973; x_wconf 85' lang='lat' dir='ltr'>Laomedon,</span> <span class='ocrx_word' id='word_1_85' title='bbox 268 925 350 965; x_wconf 82' lang='lat' dir='ltr'>silius</span> <span class='ocrx_word' id='word_1_86' title='bbox 375 933 433 971; x_wconf 85' lang='lat' dir='ltr'>ni,</span> <span class='ocrx_word' id='word_1_87' title='bbox 468 939 563 975; x_wconf 85' lang='lat' dir='ltr'>pater</span> <span class='ocrx_word' id='word_1_88' title='bbox 586 932 723 970; x_wconf 80' lang='lat' dir='ltr'>Priami,</span> <span class='ocrx_word' id='word_1_89' title='bbox 749 944 806 964; x_wconf 81' lang='lat' dir='ltr'>rex</span> 
     </span>
     <span class='ocr_line' id='line_1_20' title="bbox 91 978 805 1020; baseline -0.003 -9"><span class='ocrx_word' id='word_1_90' title='bbox 91 979 277 1019; x_wconf 89' lang='lat' dir='ltr'>Troianus,</span> <span class='ocrx_word' id='word_1_91' title='bbox 314 979 504 1020; x_wconf 83' lang='lat' dir='ltr'>Neptunum</span> <span class='ocrx_word' id='word_1_92' title='bbox 540 984 573 1009; x_wconf 89' lang='lat' dir='ltr'>et</span> <span class='ocrx_word' id='word_1_93' title='bbox 608 978 805 1020; x_wconf 77' lang='lat' dir='ltr'>Apollinem,</span> 
     </span>
     <span class='ocr_line' id='line_1_21' title="bbox 94 1023 806 1066; baseline 0 -12"><span class='ocrx_word' id='word_1_94' title='bbox 94 1023 148 1066; x_wconf 90' lang='lat' dir='ltr'>qui</span> <span class='ocrx_word' id='word_1_95' title='bbox 176 1024 263 1054; x_wconf 89' lang='lat' dir='ltr'>iussu</span> <span class='ocrx_word' id='word_1_96' title='bbox 298 1023 384 1055; x_wconf 82' lang='lat' dir='ltr'>Iovis</span> <span class='ocrx_word' id='word_1_97' title='bbox 418 1033 527 1054; x_wconf 86' lang='lat' dir='ltr'>muros</span> <span class='ocrx_word' id='word_1_98' title='bbox 550 1023 711 1054; x_wconf 83' lang='lat' dir='ltr'>Troianos</span> <span class='ocrx_word' id='word_1_99' title='bbox 746 1034 806 1054; x_wconf 74' lang='lat' dir='ltr'>ex-</span> 
     </span>
     <span class='ocr_line' id='line_1_22' title="bbox 94 1067 807 1118; baseline -0.003 -18"><span class='ocrx_word' id='word_1_100' title='bbox 94 1075 291 1106; x_wconf 81' lang='lat' dir='ltr'>struxerant,</span> <span class='ocrx_word' id='word_1_101' title='bbox 316 1068 488 1118; x_wconf 44' lang='lat' dir='ltr'>promissa.</span> <span class='ocrx_word' id='word_1_102' title='bbox 496 1067 648 1099; x_wconf 85' lang='lat' dir='ltr'>mercede</span> <span class='ocrx_word' id='word_1_103' title='bbox 669 1067 807 1099; x_wconf 82' lang='lat' dir='ltr'>frauda-</span> 
     </span>
     <span class='ocr_line' id='line_1_23' title="bbox 94 1112 805 1156; baseline -0.001 -11"><span class='ocrx_word' id='word_1_104' title='bbox 94 1113 161 1145; x_wconf 87' lang='lat' dir='ltr'>vit:</span> <span class='ocrx_word' id='word_1_105' title='bbox 192 1125 291 1156; x_wconf 88' lang='lat' dir='ltr'>quare</span> <span class='ocrx_word' id='word_1_106' title='bbox 314 1113 436 1145; x_wconf 86' lang='lat' dir='ltr'>multae</span> <span class='ocrx_word' id='word_1_107' title='bbox 461 1112 489 1143; x_wconf 85' lang='lat' dir='ltr'>ei</span> <span class='ocrx_word' id='word_1_108' title='bbox 514 1112 625 1144; x_wconf 83' lang='lat' dir='ltr'>illatae</span> <span class='ocrx_word' id='word_1_109' title='bbox 649 1119 724 1144; x_wconf 88' lang='lat' dir='ltr'>sunt</span> <span class='ocrx_word' id='word_1_110' title='bbox 749 1124 805 1145; x_wconf 86' lang='lat' dir='ltr'>ca-</span> 
     </span>
     <span class='ocr_line' id='line_1_24' title="bbox 93 1157 678 1198; baseline -0.002 -8"><span class='ocrx_word' id='word_1_111' title='bbox 93 1159 269 1190; x_wconf 86' lang='lat' dir='ltr'>lamitates.</span> <span class='ocrx_word' id='word_1_112' title='bbox 309 1160 346 1198; x_wconf 92' lang='lat'>1,</span> <span class='ocrx_word' id='word_1_113' title='bbox 371 1158 434 1191; x_wconf 82' lang='lat'>65.-</span> <span class='ocrx_word' id='word_1_114' title='bbox 460 1157 514 1189; x_wconf 93' lang='lat' dir='ltr'>ubi</span> <span class='ocrx_word' id='word_1_115' title='bbox 539 1169 570 1189; x_wconf 78' lang='lat' dir='ltr'>v.</span> <span class='ocrx_word' id='word_1_116' title='bbox 595 1157 678 1189; x_wconf 85' lang='lat' dir='ltr'>Adn.</span> 
     </span>
    </p>

    <p class='ocr_par' dir='ltr' id='par_1_11' title="bbox 49 1202 681 1244">
     <span class='ocr_line' id='line_1_25' title="bbox 49 1202 681 1244; baseline 0 -8"><span class='ocrx_word' id='word_1_117' title='bbox 49 1206 174 1244; x_wconf 88' lang='lat' dir='ltr'>Lalini‚</span> <span class='ocrx_word' id='word_1_118' title='bbox 199 1203 285 1235; x_wconf 82' lang='lat' dir='ltr'>Latii</span> <span class='ocrx_word' id='word_1_119' title='bbox 309 1203 448 1235; x_wconf 85' lang='lat' dir='ltr'>incolae.</span> <span class='ocrx_word' id='word_1_120' title='bbox 490 1204 526 1240; x_wconf 92' lang='lat'>1,</span> <span class='ocrx_word' id='word_1_121' title='bbox 551 1202 605 1235; x_wconf 81' lang='grc'>89.</span> <span class='ocrx_word' id='word_1_122' title='bbox 639 1202 681 1242; x_wconf 86' lang='grc'>3,</span> 
     </span>
    </p>

    <p class='ocr_par' dir='ltr' id='par_1_12' title="bbox 48 1247 626 1289">
     <span class='ocr_line' id='line_1_26' title="bbox 48 1247 626 1289; baseline 0 -9"><span class='ocrx_word' id='word_1_123' title='bbox 48 1251 199 1289; x_wconf 78' lang='lat' dir='ltr'>Latmus,</span> <span class='ocrx_word' id='word_1_124' title='bbox 223 1260 316 1279; x_wconf 90' lang='lat' dir='ltr'>mons</span> <span class='ocrx_word' id='word_1_125' title='bbox 344 1248 466 1279; x_wconf 75' lang='lat' dir='ltr'>Cariae.</span> <span class='ocrx_word' id='word_1_126' title='bbox 508 1249 546 1285; x_wconf 93' lang='grc'>1,</span> <span class='ocrx_word' id='word_1_127' title='bbox 573 1247 626 1280; x_wconf 84' lang='grc'>92.</span> 
     </span>
    </p>

    <p class='ocr_par' dir='ltr' id='par_1_13' title="bbox 47 1292 747 1334">
     <span class='ocr_line' id='line_1_27' title="bbox 47 1292 747 1334; baseline -0.001 -9"><span class='ocrx_word' id='word_1_128' title='bbox 47 1295 211 1326; x_wconf 83' lang='lat' dir='ltr'>Lemnium</span> <span class='ocrx_word' id='word_1_129' title='bbox 233 1296 362 1334; x_wconf 77' lang='lat' dir='ltr'>furlum.</span> <span class='ocrx_word' id='word_1_130' title='bbox 397 1295 437 1331; x_wconf 82' lang='grc'>2,</span> <span class='ocrx_word' id='word_1_131' title='bbox 462 1292 500 1325; x_wconf 86' lang='lat'>3:</span> <span class='ocrx_word' id='word_1_132' title='bbox 527 1292 580 1324; x_wconf 89' lang='lat' dir='ltr'>ubi</span> <span class='ocrx_word' id='word_1_133' title='bbox 605 1305 635 1326; x_wconf 86' lang='lat' dir='ltr'>v.</span> <span class='ocrx_word' id='word_1_134' title='bbox 662 1292 747 1324; x_wconf 86' lang='lat' dir='ltr'>Adn.</span> 
     </span>
    </p>

    <p class='ocr_par' dir='ltr' id='par_1_14' title="bbox 47 1336 803 1426">
     <span class='ocr_line' id='line_1_28' title="bbox 47 1336 803 1376; baseline -0.003 -6"><span class='ocrx_word' id='word_1_135' title='bbox 47 1340 206 1371; x_wconf 71' lang='lat' dir='ltr'>Lentulus.</span> <span class='ocrx_word' id='word_1_136' title='bbox 231 1340 270 1371; x_wconf 85' lang='lat' dir='ltr'>L.</span> <span class='ocrx_word' id='word_1_137' title='bbox 286 1338 415 1370; x_wconf 75' lang='lat' dir='ltr'>Coi-nel.</span> <span class='ocrx_word' id='word_1_138' title='bbox 428 1337 596 1376; x_wconf 88' lang='lat' dir='ltr'>Lentulus,</span> <span class='ocrx_word' id='word_1_139' title='bbox 621 1336 697 1370; x_wconf 86' lang='lat'>554.</span> <span class='ocrx_word' id='word_1_140' title='bbox 711 1339 750 1369; x_wconf 88' lang='lat' dir='ltr'>U.</span> <span class='ocrx_word' id='word_1_141' title='bbox 775 1349 803 1369; x_wconf 92' lang='lat' dir='ltr'>c.</span> 
     </span>
     <span class='ocr_line' id='line_1_29' title="bbox 94 1382 672 1426; baseline -0.003 -10"><span class='ocrx_word' id='word_1_142' title='bbox 94 1386 182 1426; x_wconf 77' lang='grc'><strong>(200.</strong></span> <span class='ocrx_word' id='word_1_143' title='bbox 209 1396 238 1416; x_wconf 87' lang='lat' dir='ltr'>a.</span> <span class='ocrx_word' id='word_1_144' title='bbox 266 1383 355 1425; x_wconf 79' lang='lat' dir='ltr'>Chr.)</span> <span class='ocrx_word' id='word_1_145' title='bbox 384 1382 508 1415; x_wconf 89' lang='lat' dir='ltr'>consul.</span> <span class='ocrx_word' id='word_1_146' title='bbox 554 1383 593 1421; x_wconf 81' lang='lat'>3,</span> <span class='ocrx_word' id='word_1_147' title='bbox 619 1383 672 1415; x_wconf 87' lang='lat'>51.</span> 
     </span>
    </p>

    <p class='ocr_par' dir='ltr' id='par_1_15' title="bbox 45 1427 262 1466">
     <span class='ocr_line' id='line_1_30' title="bbox 45 1427 262 1466; baseline 0 -6"><span class='ocrx_word' id='word_1_148' title='bbox 45 1430 136 1461; x_wconf 84' lang='lat' dir='ltr'>Leon.</span> <span class='ocrx_word' id='word_1_149' title='bbox 164 1429 205 1466; x_wconf 81' lang='lat'>5,</span> <span class='ocrx_word' id='word_1_150' title='bbox 230 1427 262 1460; x_wconf 87' lang='grc'>8.</span> 
     </span>
    </p>

    <p class='ocr_par' dir='ltr' id='par_1_16' title="bbox 47 1471 805 1561">
     <span class='ocr_line' id='line_1_31' title="bbox 47 1471 805 1513; baseline -0.004 -7"><span class='ocrx_word' id='word_1_151' title='bbox 47 1474 221 1513; x_wconf 78' lang='lat' dir='ltr'>Leonidas,</span> <span class='ocrx_word' id='word_1_152' title='bbox 267 1471 604 1505; x_wconf 76' lang='lat' dir='ltr'>Lacedaemoniorum</span> <span class='ocrx_word' id='word_1_153' title='bbox 639 1472 723 1511; x_wconf 80' lang='lat' dir='ltr'>dux,</span> <span class='ocrx_word' id='word_1_154' title='bbox 770 1472 805 1504; x_wconf 84' lang='lat' dir='ltr'>iu</span> 
     </span>
     <span class='ocr_line' id='line_1_32' title="bbox 91 1517 805 1561; baseline 0 -10"><span class='ocrx_word' id='word_1_155' title='bbox 91 1518 325 1561; x_wconf 86' lang='lat' dir='ltr'>Thermopylis</span> <span class='ocrx_word' id='word_1_156' title='bbox 348 1518 425 1551; x_wconf 70' lang='grc'><strong>480.</strong></span> <span class='ocrx_word' id='word_1_157' title='bbox 450 1529 479 1549; x_wconf 92' lang='lat' dir='ltr'>a.</span> <span class='ocrx_word' id='word_1_158' title='bbox 508 1517 583 1551; x_wconf 88' lang='lat' dir='ltr'>Chr.</span> <span class='ocrx_word' id='word_1_159' title='bbox 608 1517 737 1550; x_wconf 86' lang='lat' dir='ltr'>cecidit.</span> <span class='ocrx_word' id='word_1_160' title='bbox 774 1519 805 1560; x_wconf 90' lang='lat'>1,</span> 
     </span>
    </p>

    <p class='ocr_par' dir='ltr' id='par_1_17' title="bbox 47 1606 805 1780">
     <span class='ocr_line' id='line_1_33' title="bbox 47 1606 805 1648; baseline -0.003 -7"><span class='ocrx_word' id='word_1_161' title='bbox 47 1609 184 1648; x_wconf 83' lang='lat' dir='ltr'>Lepidus</span> <span class='ocrx_word' id='word_1_162' title='bbox 204 1609 244 1641; x_wconf 88' lang='grc' dir='ltr'>Μ.</span> <span class='ocrx_word' id='word_1_163' title='bbox 257 1610 409 1647; x_wconf 66' lang='lat' dir='ltr'>Porcina,</span> <span class='ocrx_word' id='word_1_164' title='bbox 434 1607 546 1639; x_wconf 86' lang='lat' dir='ltr'>consul</span> <span class='ocrx_word' id='word_1_165' title='bbox 569 1610 607 1638; x_wconf 78' lang='lat' dir='ltr'>A.</span> <span class='ocrx_word' id='word_1_166' title='bbox 621 1608 660 1638; x_wconf 89' lang='lat' dir='ltr'>V.</span> <span class='ocrx_word' id='word_1_167' title='bbox 677 1607 710 1640; x_wconf 95' lang='lat' dir='ltr'>C.</span> <span class='ocrx_word' id='word_1_168' title='bbox 729 1606 805 1641; x_wconf 88' lang='grc'>616.</span> 
     </span>
     <span class='ocr_line' id='line_1_34' title="bbox 95 1652 804 1694; baseline -0.003 -9"><span class='ocrx_word' id='word_1_169' title='bbox 95 1652 185 1694; x_wconf 71' lang='grc'><strong>(158.</strong></span> <span class='ocrx_word' id='word_1_170' title='bbox 205 1664 233 1684; x_wconf 85' lang='lat' dir='ltr'>a.</span> <span class='ocrx_word' id='word_1_171' title='bbox 261 1653 362 1693; x_wconf 49' lang='lat' dir='ltr'>Chr),</span> <span class='ocrx_word' id='word_1_172' title='bbox 387 1663 527 1683; x_wconf 91' lang='lat' dir='ltr'>summus</span> <span class='ocrx_word' id='word_1_173' title='bbox 552 1659 663 1683; x_wconf 83' lang='lat' dir='ltr'>orator</span> <span class='ocrx_word' id='word_1_174' title='bbox 685 1663 804 1684; x_wconf 90' lang='lat' dir='ltr'>secun-</span> 
     </span>
     <span class='ocr_line' id='line_1_35' title="bbox 94 1697 804 1730; baseline -0.001 -1"><span class='ocrx_word' id='word_1_175' title='bbox 94 1697 156 1729; x_wconf 87' lang='lat' dir='ltr'>dae</span> <span class='ocrx_word' id='word_1_176' title='bbox 176 1705 342 1730; x_wconf 82' lang='lat' dir='ltr'>oratorum</span> <span class='ocrx_word' id='word_1_177' title='bbox 363 1697 490 1729; x_wconf 81' lang='lat' dir='ltr'>aetatis.</span> <span class='ocrx_word' id='word_1_178' title='bbox 527 1697 602 1729; x_wconf 84' lang='lat' dir='ltr'>Vid.</span> <span class='ocrx_word' id='word_1_179' title='bbox 618 1697 660 1728; x_wconf 89' lang='lat' dir='ltr'>de</span> <span class='ocrx_word' id='word_1_180' title='bbox 683 1708 722 1729; x_wconf 92' lang='lat' dir='ltr'>eo</span> <span class='ocrx_word' id='word_1_181' title='bbox 737 1697 804 1729; x_wconf 89' lang='lat' dir='ltr'>Cic.</span> 
     </span>
     <span class='ocr_line' id='line_1_36' title="bbox 93 1738 748 1780; baseline 0 -7"><span class='ocrx_word' id='word_1_182' title='bbox 93 1743 183 1774; x_wconf 82' lang='lat' dir='ltr'>Brut.</span> <span class='ocrx_word' id='word_1_183' title='bbox 204 1743 258 1776; x_wconf 73' lang='lat'>27.</span> <span class='ocrx_word' id='word_1_184' title='bbox 282 1761 326 1767; x_wconf 87' lang='lat'>—-</span> <span class='ocrx_word' id='word_1_185' title='bbox 355 1745 391 1780; x_wconf 92' lang='grc'>1,</span> <span class='ocrx_word' id='word_1_186' title='bbox 417 1743 447 1775; x_wconf 82' lang='lat'>5.</span> <span class='ocrx_word' id='word_1_187' title='bbox 739 1738 748 1742; x_wconf 32' lang='lat'>*⁹</span> 
     </span>
    </p>

    <p class='ocr_par' dir='ltr' id='par_1_18' title="bbox 49 1786 805 1917">
     <span class='ocr_line' id='line_1_37' title="bbox 49 1786 805 1829; baseline -0.001 -9"><span class='ocrx_word' id='word_1_188' title='bbox 49 1790 172 1828; x_wconf 81' lang='lat' dir='ltr'>Lerna,</span> <span class='ocrx_word' id='word_1_189' title='bbox 207 1787 296 1820; x_wconf 91' lang='lat' dir='ltr'>lacus</span> <span class='ocrx_word' id='word_1_190' title='bbox 320 1788 352 1819; x_wconf 93' lang='lat' dir='ltr'>in</span> <span class='ocrx_word' id='word_1_191' title='bbox 379 1787 502 1829; x_wconf 77' lang='lat' dir='ltr'>Argivo</span> <span class='ocrx_word' id='word_1_192' title='bbox 527 1798 625 1829; x_wconf 76' lang='lat' dir='ltr'>agro,</span> <span class='ocrx_word' id='word_1_193' title='bbox 655 1786 805 1819; x_wconf 89' lang='lat' dir='ltr'>Herculis</span> 
     </span>
     <span class='ocr_line' id='line_1_38' title="bbox 92 1832 805 1876; baseline 0 -12"><span class='ocrx_word' id='word_1_194' title='bbox 92 1833 218 1874; x_wconf 85' lang='lat' dir='ltr'>labore,</span> <span class='ocrx_word' id='word_1_195' title='bbox 243 1834 297 1876; x_wconf 92' lang='lat' dir='ltr'>qui</span> <span class='ocrx_word' id='word_1_196' title='bbox 319 1833 351 1864; x_wconf 92' lang='lat' dir='ltr'>in</span> <span class='ocrx_word' id='word_1_197' title='bbox 376 1844 415 1864; x_wconf 91' lang='lat' dir='ltr'>eo</span> <span class='ocrx_word' id='word_1_198' title='bbox 437 1832 578 1876; x_wconf 87' lang='lat' dir='ltr'>hydrum</span> <span class='ocrx_word' id='word_1_199' title='bbox 601 1832 805 1864; x_wconf 78' lang='lat' dir='ltr'>interemisse</span> 
     </span>
     <span class='ocr_line' id='line_1_39' title="bbox 93 1876 805 1917; baseline 0 -8"><span class='ocrx_word' id='word_1_200' title='bbox 93 1877 224 1917; x_wconf 86' lang='lat' dir='ltr'>dicitur,</span> <span class='ocrx_word' id='word_1_201' title='bbox 250 1878 448 1909; x_wconf 88' lang='lat' dir='ltr'>notissimus.</span> <span class='ocrx_word' id='word_1_202' title='bbox 485 1878 525 1917; x_wconf 85' lang='grc'>2,</span> <span class='ocrx_word' id='word_1_203' title='bbox 550 1876 605 1910; x_wconf 81' lang='grc'>22.</span> <span class='ocrx_word' id='word_1_204' title='bbox 655 1877 722 1910; x_wconf 82' lang='lat' dir='ltr'>Cfr.</span> <span class='ocrx_word' id='word_1_205' title='bbox 740 1879 805 1917; x_wconf 79' lang='lat' dir='ltr'>Hy-</span> 
     </span>
    </p>
   </div>
   <div class='ocr_carea' id='block_1_5' title="bbox 705 1203 760 1236">
    <p class='ocr_par' dir='ltr' id='par_1_19' title="bbox 705 1203 760 1236">
     <span class='ocr_line' id='line_1_40' title="bbox 705 1203 760 1236; baseline 0 -1"><span class='ocrx_word' id='word_1_206' title='bbox 705 1203 760 1236; x_wconf 77' lang='lat'>27.</span> 
     </span>
    </p>
   </div>
   <div class='ocr_carea' id='block_1_6' title="bbox 49 1925 809 3000">
    <p class='ocr_par' dir='ltr' id='par_1_20' title="bbox 93 1925 310 1955">
     <span class='ocr_line' id='line_1_41' title="bbox 93 1925 310 1955; baseline -0.005 -1"><span class='ocrx_word' id='word_1_207' title='bbox 93 1925 153 1954; x_wconf 85' lang='lat' dir='ltr'>dra</span> <span class='ocrx_word' id='word_1_208' title='bbox 176 1925 310 1955; x_wconf 83' lang='lat' dir='ltr'>lernaea.</span> 
     </span>
    </p>

    <p class='ocr_par' dir='ltr' id='par_1_21' title="bbox 50 1965 807 2188">
     <span class='ocr_line' id='line_1_42' title="bbox 50 1965 806 2006; baseline -0.007 -4"><span class='ocrx_word' id='word_1_209' title='bbox 50 1970 190 2002; x_wconf 78' lang='lat' dir='ltr'>Lesbiaci</span> <span class='ocrx_word' id='word_1_210' title='bbox 225 1975 384 2000; x_wconf 89' lang='lat' dir='ltr'>vocantur</span> <span class='ocrx_word' id='word_1_211' title='bbox 416 1966 490 1998; x_wconf 86' lang='lat' dir='ltr'>libri</span> <span class='ocrx_word' id='word_1_212' title='bbox 525 1966 737 2006; x_wconf 84' lang='lat' dir='ltr'>Dicaearchi,</span> <span class='ocrx_word' id='word_1_213' title='bbox 773 1965 806 1997; x_wconf 90' lang='lat' dir='ltr'>in</span> 
     </span>
     <span class='ocr_line' id='line_1_43' title="bbox 96 2011 807 2056; baseline -0.001 -13"><span class='ocrx_word' id='word_1_214' title='bbox 96 2012 211 2056; x_wconf 91' lang='lat' dir='ltr'>quibus</span> <span class='ocrx_word' id='word_1_215' title='bbox 248 2019 362 2045; x_wconf 86' lang='lat' dir='ltr'>contra</span> <span class='ocrx_word' id='word_1_216' title='bbox 397 2012 677 2044; x_wconf 86' lang='lat' dir='ltr'>immortalitatem</span> <span class='ocrx_word' id='word_1_217' title='bbox 708 2011 807 2043; x_wconf 89' lang='lat' dir='ltr'>animi</span> 
     </span>
     <span class='ocr_line' id='line_1_44' title="bbox 96 2057 807 2101; baseline -0.001 -12"><span class='ocrx_word' id='word_1_218' title='bbox 96 2058 268 2097; x_wconf 84' lang='lat' dir='ltr'>disseruit,</span> <span class='ocrx_word' id='word_1_219' title='bbox 305 2058 379 2101; x_wconf 87' lang='lat' dir='ltr'>qnia</span> <span class='ocrx_word' id='word_1_220' title='bbox 405 2057 498 2089; x_wconf 88' lang='lat' dir='ltr'>iniis</span> <span class='ocrx_word' id='word_1_221' title='bbox 529 2068 636 2089; x_wconf 87' lang='lat' dir='ltr'>sermo</span> <span class='ocrx_word' id='word_1_222' title='bbox 668 2057 807 2089; x_wconf 79' lang='lat' dir='ltr'>habetur</span> 
     </span>
     <span class='ocr_line' id='line_1_45' title="bbox 95 2102 806 2146; baseline -0.001 -12"><span class='ocrx_word' id='word_1_223' title='bbox 95 2103 287 2146; x_wconf 85' lang='lat' dir='ltr'>Mytilenis,</span> <span class='ocrx_word' id='word_1_224' title='bbox 325 2114 407 2146; x_wconf 86' lang='lat' dir='ltr'>quae</span> <span class='ocrx_word' id='word_1_225' title='bbox 440 2109 490 2134; x_wconf 88' lang='lat' dir='ltr'>est</span> <span class='ocrx_word' id='word_1_226' title='bbox 523 2102 599 2134; x_wconf 90' lang='lat' dir='ltr'>urbs</span> <span class='ocrx_word' id='word_1_227' title='bbox 634 2102 666 2133; x_wconf 92' lang='lat' dir='ltr'>in</span> <span class='ocrx_word' id='word_1_228' title='bbox 701 2102 806 2133; x_wconf 82' lang='lat' dir='ltr'>insula</span> 
     </span>
     <span class='ocr_line' id='line_1_46' title="bbox 94 2148 370 2188; baseline 0.004 -9"><span class='ocrx_word' id='word_1_229' title='bbox 94 2148 216 2181; x_wconf 83' lang='lat' dir='ltr'>Lesbo.</span> <span class='ocrx_word' id='word_1_230' title='bbox 254 2150 291 2188; x_wconf 92' lang='lat'>1,</span> <span class='ocrx_word' id='word_1_231' title='bbox 317 2148 370 2182; x_wconf 90' lang='lat'>77.</span> 
     </span>
    </p>

    <p class='ocr_par' dir='ltr' id='par_1_22' title="bbox 49 2192 808 2370">
     <span class='ocr_line' id='line_1_47' title="bbox 49 2192 807 2236; baseline -0.003 -11"><span class='ocrx_word' id='word_1_232' title='bbox 49 2195 221 2234; x_wconf 83' lang='lat' dir='ltr'>Leucadia,</span> <span class='ocrx_word' id='word_1_233' title='bbox 244 2205 289 2225; x_wconf 94' lang='lat' dir='ltr'>sc.</span> <span class='ocrx_word' id='word_1_234' title='bbox 305 2193 424 2236; x_wconf 88' lang='lat' dir='ltr'>puella,</span> <span class='ocrx_word' id='word_1_235' title='bbox 450 2193 471 2224; x_wconf 88' lang='lat' dir='ltr'>i.</span> <span class='ocrx_word' id='word_1_236' title='bbox 486 2204 514 2224; x_wconf 92' lang='lat' dir='ltr'>e.</span> <span class='ocrx_word' id='word_1_237' title='bbox 537 2192 645 2235; x_wconf 86' lang='lat' dir='ltr'>puella</span> <span class='ocrx_word' id='word_1_238' title='bbox 670 2204 708 2224; x_wconf 80' lang='lat' dir='ltr'>ex</span> <span class='ocrx_word' id='word_1_239' title='bbox 721 2193 807 2223; x_wconf 90' lang='lat' dir='ltr'>Leu-</span> 
     </span>
     <span class='ocr_line' id='line_1_48' title="bbox 97 2236 808 2277; baseline -0.004 -6"><span class='ocrx_word' id='word_1_240' title='bbox 97 2238 210 2277; x_wconf 79' lang='lat' dir='ltr'>cadia,</span> <span class='ocrx_word' id='word_1_241' title='bbox 235 2239 317 2271; x_wconf 83' lang='lat' dir='ltr'>lonii</span> <span class='ocrx_word' id='word_1_242' title='bbox 339 2238 435 2270; x_wconf 90' lang='lat' dir='ltr'>maris</span> <span class='ocrx_word' id='word_1_243' title='bbox 456 2238 580 2277; x_wconf 88' lang='lat' dir='ltr'>insula,</span> <span class='ocrx_word' id='word_1_244' title='bbox 606 2249 727 2269; x_wconf 88' lang='lat' dir='ltr'>nomen</span> <span class='ocrx_word' id='word_1_245' title='bbox 752 2236 808 2268; x_wconf 87' lang='lat' dir='ltr'>fa-</span> 
     </span>
     <span class='ocr_line' id='line_1_49' title="bbox 94 2282 806 2326; baseline -0.004 -10"><span class='ocrx_word' id='word_1_246' title='bbox 94 2283 190 2316; x_wconf 87' lang='lat' dir='ltr'>bulae</span> <span class='ocrx_word' id='word_1_247' title='bbox 213 2295 232 2315; x_wconf 82' lang='lat' dir='ltr'>a</span> <span class='ocrx_word' id='word_1_248' title='bbox 256 2283 380 2315; x_wconf 90' lang='lat' dir='ltr'>comico</span> <span class='ocrx_word' id='word_1_249' title='bbox 405 2283 556 2326; x_wconf 88' lang='lat' dir='ltr'>Turpilio</span> <span class='ocrx_word' id='word_1_250' title='bbox 589 2282 806 2324; x_wconf 88' lang='lat' dir='ltr'>conscriptae.</span> 
     </span>
     <span class='ocr_line' id='line_1_50' title="bbox 95 2327 475 2370; baseline -0.003 -11"><span class='ocrx_word' id='word_1_251' title='bbox 95 2327 138 2370; x_wconf 82' lang='lat'>4,</span> <span class='ocrx_word' id='word_1_252' title='bbox 161 2328 222 2362; x_wconf 67' lang='grc'>’7’);</span> <span class='ocrx_word' id='word_1_253' title='bbox 254 2328 309 2359; x_wconf 88' lang='lat' dir='ltr'>ubi</span> <span class='ocrx_word' id='word_1_254' title='bbox 333 2340 362 2359; x_wconf 93' lang='lat' dir='ltr'>v.</span> <span class='ocrx_word' id='word_1_255' title='bbox 389 2327 475 2359; x_wconf 81' lang='lat' dir='ltr'>Adn.</span> 
     </span>
    </p>

    <p class='ocr_par' dir='ltr' id='par_1_23' title="bbox 51 2371 809 2505">
     <span class='ocr_line' id='line_1_51' title="bbox 51 2371 808 2415; baseline -0.005 -9"><span class='ocrx_word' id='word_1_256' title='bbox 51 2373 212 2413; x_wconf 58' lang='lat' dir='ltr'>Leucata,</span> <span class='ocrx_word' id='word_1_257' title='bbox 245 2372 508 2415; x_wconf 88' lang='lat' dir='ltr'>promontorium</span> <span class='ocrx_word' id='word_1_258' title='bbox 530 2371 653 2403; x_wconf 83' lang='lat' dir='ltr'>insulae</span> <span class='ocrx_word' id='word_1_259' title='bbox 677 2372 808 2403; x_wconf 85' lang='lat' dir='ltr'>Leuca-—</span> 
     </span>
     <span class='ocr_line' id='line_1_52' title="bbox 96 2417 809 2461; baseline -0.001 -12"><span class='ocrx_word' id='word_1_260' title='bbox 96 2418 188 2456; x_wconf 89' lang='lat' dir='ltr'>diae,</span> <span class='ocrx_word' id='word_1_261' title='bbox 237 2429 255 2449; x_wconf 91' lang='lat' dir='ltr'>e</span> <span class='ocrx_word' id='word_1_262' title='bbox 295 2429 359 2461; x_wconf 94' lang='lat' dir='ltr'>quo</span> <span class='ocrx_word' id='word_1_263' title='bbox 393 2417 528 2460; x_wconf 84' lang='lat' dir='ltr'>Sappho</span> <span class='ocrx_word' id='word_1_264' title='bbox 564 2417 606 2448; x_wconf 93' lang='lat' dir='ltr'>ob</span> <span class='ocrx_word' id='word_1_265' title='bbox 642 2417 809 2448; x_wconf 87' lang='lat' dir='ltr'>infelicem</span> 
     </span>
     <span class='ocr_line' id='line_1_53' title="bbox 96 2460 808 2505; baseline 0 -10"><span class='ocrx_word' id='word_1_266' title='bbox 96 2474 240 2495; x_wconf 85' lang='lat' dir='ltr'>amorem</span> <span class='ocrx_word' id='word_1_267' title='bbox 254 2474 286 2494; x_wconf 88' lang='lat' dir='ltr'>m</span> <span class='ocrx_word' id='word_1_268' title='bbox 299 2474 388 2494; x_wconf 86' lang='lat' dir='ltr'>mare</span> <span class='ocrx_word' id='word_1_269' title='bbox 401 2474 436 2494; x_wconf 88' lang='lat' dir='ltr'>se</span> <span class='ocrx_word' id='word_1_270' title='bbox 449 2461 689 2505; x_wconf 83' lang='lat' dir='ltr'>praecipitavit.</span> <span class='ocrx_word' id='word_1_271' title='bbox 707 2460 738 2502; x_wconf 89' lang='lat'>4,</span> <span class='ocrx_word' id='word_1_272' title='bbox 753 2460 808 2495; x_wconf 82' lang='lat'>41.</span> 
     </span>
    </p>

    <p class='ocr_par' dir='ltr' id='par_1_24' title="bbox 50 2507 446 2541">
     <span class='ocr_line' id='line_1_54' title="bbox 50 2507 446 2541; baseline -0.005 0"><span class='ocrx_word' id='word_1_273' title='bbox 50 2509 233 2541; x_wconf 62' lang='lat' dir='ltr'>Leucothea.</span> <span class='ocrx_word' id='word_1_274' title='bbox 281 2507 356 2539; x_wconf 88' lang='lat' dir='ltr'>Vid.</span> <span class='ocrx_word' id='word_1_275' title='bbox 382 2509 446 2539; x_wconf 85' lang='lat' dir='ltr'>Ino.</span> 
     </span>
    </p>

    <p class='ocr_par' dir='ltr' id='par_1_25' title="bbox 51 2551 807 2635">
     <span class='ocr_line' id='line_1_55' title="bbox 51 2551 807 2595; baseline -0.005 -9"><span class='ocrx_word' id='word_1_276' title='bbox 51 2555 196 2594; x_wconf 78' lang='lat' dir='ltr'>Leuctra,</span> <span class='ocrx_word' id='word_1_277' title='bbox 224 2553 314 2585; x_wconf 87' lang='lat' dir='ltr'>vicus</span> <span class='ocrx_word' id='word_1_278' title='bbox 340 2552 505 2591; x_wconf 80' lang='lat' dir='ltr'>Boeotiae,</span> <span class='ocrx_word' id='word_1_279' title='bbox 531 2551 573 2583; x_wconf 89' lang='lat' dir='ltr'>ad</span> <span class='ocrx_word' id='word_1_280' title='bbox 597 2563 692 2595; x_wconf 85' lang='lat' dir='ltr'>quem</span> <span class='ocrx_word' id='word_1_281' title='bbox 716 2553 807 2594; x_wconf 87' lang='lat' dir='ltr'>Epa—-</span> 
     </span>
     <span class='ocr_line' id='line_1_56' title="bbox 96 2596 806 2635; baseline -0.001 -5"><span class='ocrx_word' id='word_1_282' title='bbox 96 2597 268 2630; x_wconf 88' lang='lat' dir='ltr'>minondas</span> <span class='ocrx_word' id='word_1_283' title='bbox 281 2597 560 2630; x_wconf 85' lang='lat' dir='ltr'>Lacedaemonios</span> <span class='ocrx_word' id='word_1_284' title='bbox 577 2597 665 2629; x_wconf 88' lang='lat' dir='ltr'>vicit.</span> <span class='ocrx_word' id='word_1_285' title='bbox 691 2596 719 2635; x_wconf 93' lang='lat'>1,</span> <span class='ocrx_word' id='word_1_286' title='bbox 735 2597 806 2629; x_wconf 89' lang='grc'>110.</span> 
     </span>
    </p>

    <p class='ocr_par' dir='ltr' id='par_1_26' title="bbox 54 2641 807 2721">
     <span class='ocr_line' id='line_1_57' title="bbox 54 2641 807 2685; baseline -0.004 -10"><span class='ocrx_word' id='word_1_287' title='bbox 54 2645 165 2683; x_wconf 82' lang='lat' dir='ltr'>Liber,</span> <span class='ocrx_word' id='word_1_288' title='bbox 188 2643 209 2675; x_wconf 89' lang='lat' dir='ltr'>i.</span> <span class='ocrx_word' id='word_1_289' title='bbox 228 2655 255 2675; x_wconf 90' lang='lat' dir='ltr'>e.</span> <span class='ocrx_word' id='word_1_290' title='bbox 280 2643 444 2685; x_wconf 87' lang='lat' dir='ltr'>Bacchus,</span> <span class='ocrx_word' id='word_1_291' title='bbox 469 2642 553 2673; x_wconf 81' lang='lat' dir='ltr'>filius</span> <span class='ocrx_word' id='word_1_292' title='bbox 577 2641 663 2673; x_wconf 87' lang='lat' dir='ltr'>Iovis</span> <span class='ocrx_word' id='word_1_293' title='bbox 687 2648 721 2673; x_wconf 91' lang='lat' dir='ltr'>et</span> <span class='ocrx_word' id='word_1_294' title='bbox 744 2644 807 2673; x_wconf 87' lang='lat' dir='ltr'>Se·—</span> 
     </span>
     <span class='ocr_line' id='line_1_58' title="bbox 98 2668 377 2727; baseline 0.004 -7"><span class='ocrx_word' id='word_1_295' title='bbox 98 2668 214 2721; x_wconf 78' lang='lat' dir='ltr'>melae.</span> <span class='ocrx_word' id='word_1_296' title='bbox 261 2690 299 2727; x_wconf 91' lang='lat'>1,</span> <span class='ocrx_word' id='word_1_297' title='bbox 324 2687 377 2721; x_wconf 85' lang='grc'><strong>28</strong></span> 
     </span>
    </p>

    <p class='ocr_par' dir='ltr' id='par_1_27' title="bbox 54 2713 808 2822">
     <span class='ocr_line' id='line_1_59' title="bbox 54 2713 808 2777; baseline -0.001 -13"><span class='ocrx_word' id='word_1_298' title='bbox 54 2734 166 2773; x_wconf 81' lang='lat' dir='ltr'>Libya,</span> <span class='ocrx_word' id='word_1_299' title='bbox 187 2733 279 2777; x_wconf 87' lang='lat' dir='ltr'>regio</span> <span class='ocrx_word' id='word_1_300' title='bbox 291 2713 426 2766; x_wconf 61' lang='lat' dir='ltr'>’Africae</span> <span class='ocrx_word' id='word_1_301' title='bbox 438 2731 616 2770; x_wconf 78' lang='lat' dir='ltr'>maritima3</span> <span class='ocrx_word' id='word_1_302' title='bbox 641 2742 702 2774; x_wconf 92' lang='lat' dir='ltr'>pro</span> <span class='ocrx_word' id='word_1_303' title='bbox 714 2731 808 2763; x_wconf 78' lang='lat' dir='ltr'>Afri-</span> 
     </span>
     <span class='ocr_line' id='line_1_60' title="bbox 100 2774 763 2822; baseline 0 -13"><span class='ocrx_word' id='word_1_304' title='bbox 100 2788 138 2809; x_wconf 90' lang='lat' dir='ltr'>ca</span> <span class='ocrx_word' id='word_1_305' title='bbox 160 2777 230 2821; x_wconf 87' lang='lat' dir='ltr'>ipsa</span> <span class='ocrx_word' id='word_1_306' title='bbox 252 2778 380 2822; x_wconf 86' lang='lat' dir='ltr'>saepius</span> <span class='ocrx_word' id='word_1_307' title='bbox 402 2777 482 2821; x_wconf 88' lang='lat' dir='ltr'>poni</span> <span class='ocrx_word' id='word_1_308' title='bbox 503 2777 599 2809; x_wconf 89' lang='lat' dir='ltr'>solet.</span> <span class='ocrx_word' id='word_1_309' title='bbox 647 2778 685 2817; x_wconf 88' lang='lat'>1,</span> <span class='ocrx_word' id='word_1_310' title='bbox 708 2774 763 2809; x_wconf 91' lang='lat'>45.</span> 
     </span>
    </p>

    <p class='ocr_par' dir='ltr' id='par_1_28' title="bbox 54 2821 590 2863">
     <span class='ocr_line' id='line_1_61' title="bbox 54 2821 590 2863; baseline -0.002 -9"><span class='ocrx_word' id='word_1_311' title='bbox 54 2821 185 2855; x_wconf 65' lang='lat' dir='ltr'>Lilb‘na.</span> <span class='ocrx_word' id='word_1_312' title='bbox 221 2824 260 2863; x_wconf 89' lang='lat'>1,</span> <span class='ocrx_word' id='word_1_313' title='bbox 283 2824 346 2858; x_wconf 70' lang='lat'>89:</span> <span class='ocrx_word' id='word_1_314' title='bbox 372 2823 425 2855; x_wconf 93' lang='lat' dir='ltr'>ubi</span> <span class='ocrx_word' id='word_1_315' title='bbox 450 2834 483 2854; x_wconf 87' lang='lat' dir='ltr'>v.</span> <span class='ocrx_word' id='word_1_316' title='bbox 506 2822 590 2853; x_wconf 81' lang='lat' dir='ltr'>Adn.</span> 
     </span>
    </p>

    <p class='ocr_par' dir='ltr' id='par_1_29' title="bbox 54 2869 807 3000">
     <span class='ocr_line' id='line_1_62' title="bbox 54 2869 807 2910; baseline -0.001 -11"><span class='ocrx_word' id='word_1_317' title='bbox 54 2869 171 2900; x_wconf 83' lang='lat' dir='ltr'>Livius.</span> <span class='ocrx_word' id='word_1_318' title='bbox 206 2870 248 2900; x_wconf 87' lang='lat' dir='ltr'>M.</span> <span class='ocrx_word' id='word_1_319' title='bbox 258 2870 367 2901; x_wconf 84' lang='lat' dir='ltr'>Livius</span> <span class='ocrx_word' id='word_1_320' title='bbox 381 2870 592 2907; x_wconf 73' lang='lat' dir='ltr'>Andronicus,</span> <span class='ocrx_word' id='word_1_321' title='bbox 615 2870 714 2910; x_wconf 87' lang='lat' dir='ltr'>poe&#39;ta</span> <span class='ocrx_word' id='word_1_322' title='bbox 736 2873 807 2898; x_wconf 87' lang='lat' dir='ltr'>tra-</span> 
     </span>
     <span class='ocr_line' id='line_1_63' title="bbox 99 2911 807 2955; baseline -0.001 -11"><span class='ocrx_word' id='word_1_323' title='bbox 99 2911 189 2954; x_wconf 87' lang='lat' dir='ltr'>gicus</span> <span class='ocrx_word' id='word_1_324' title='bbox 216 2914 257 2955; x_wconf 82' lang='lat' dir='ltr'>(c.</span> <span class='ocrx_word' id='word_1_325' title='bbox 268 2913 345 2946; x_wconf 82' lang='lat'>230.</span> <span class='ocrx_word' id='word_1_326' title='bbox 365 2925 394 2946; x_wconf 91' lang='lat' dir='ltr'>a.</span> <span class='ocrx_word' id='word_1_327' title='bbox 411 2913 515 2955; x_wconf 67' lang='lat' dir='ltr'>Chn),</span> <span class='ocrx_word' id='word_1_328' title='bbox 531 2911 740 2950; x_wconf 85' lang='lat' dir='ltr'>Tarentinus,</span> <span class='ocrx_word' id='word_1_329' title='bbox 763 2911 807 2943; x_wconf 90' lang='lat' dir='ltr'>li-</span> 
     </span>
     <span class='ocr_line' id='line_1_64' title="bbox 99 2956 805 3000; baseline 0.001 -11"><span class='ocrx_word' id='word_1_330' title='bbox 99 2957 210 2990; x_wconf 87' lang='lat' dir='ltr'>bertus</span> <span class='ocrx_word' id='word_1_331' title='bbox 229 2958 276 2991; x_wconf 88' lang='lat' dir='ltr'>M.</span> <span class='ocrx_word' id='word_1_332' title='bbox 286 2957 371 2991; x_wconf 83' lang='lat' dir='ltr'>Livii</span> <span class='ocrx_word' id='word_1_333' title='bbox 391 2957 593 3000; x_wconf 80' lang='lat' dir='ltr'>Salinatoris,</span> <span class='ocrx_word' id='word_1_334' title='bbox 612 2957 700 2990; x_wconf 84' lang='lat' dir='ltr'>cuius</span> <span class='ocrx_word' id='word_1_335' title='bbox 718 2956 805 2990; x_wconf 85' lang='lat' dir='ltr'>libe-</span> 
     </span>
    </p>
   </div>
   <div class='ocr_carea' id='block_1_7' title="bbox 1513 81 1591 125">
    <p class='ocr_par' dir='ltr' id='par_1_30' title="bbox 1513 81 1591 125">
     <span class='ocr_line' id='line_1_65' title="bbox 1513 81 1591 125; baseline -0.013 0"><span class='ocrx_word' id='word_1_336' title='bbox 1513 81 1591 125; x_wconf 81' lang='lat'>491</span> 
     </span>
    </p>
   </div>
   <div class='ocr_carea' id='block_1_8' title="bbox 838 169 1601 1516">
    <p class='ocr_par' dir='ltr' id='par_1_31' title="bbox 884 169 1598 338">
     <span class='ocr_line' id='line_1_66' title="bbox 887 169 1598 214; baseline 0.006 -13"><span class='ocrx_word' id='word_1_337' title='bbox 887 180 940 202; x_wconf 91' lang='lat' dir='ltr'>ros</span> <span class='ocrx_word' id='word_1_338' title='bbox 960 169 1163 202; x_wconf 85' lang='lat' dir='ltr'>instituebat.</span> <span class='ocrx_word' id='word_1_339' title='bbox 1208 169 1287 202; x_wconf 76' lang='lat' dir='ltr'>Eius</span> <span class='ocrx_word' id='word_1_340' title='bbox 1312 181 1449 214; x_wconf 88' lang='lat' dir='ltr'>operum</span> <span class='ocrx_word' id='word_1_341' title='bbox 1471 179 1598 205; x_wconf 85' lang='lat' dir='ltr'>restant</span> 
     </span>
     <span class='ocr_line' id='line_1_67' title="bbox 886 214 1596 259; baseline 0.004 -13"><span class='ocrx_word' id='word_1_342' title='bbox 886 214 1117 247; x_wconf 86' lang='lat' dir='ltr'>tantummodo</span> <span class='ocrx_word' id='word_1_343' title='bbox 1137 215 1263 258; x_wconf 87' lang='lat' dir='ltr'>aliquot</span> <span class='ocrx_word' id='word_1_344' title='bbox 1284 215 1480 259; x_wconf 76' lang='lat' dir='ltr'>fragmenta.</span> <span class='ocrx_word' id='word_1_345' title='bbox 1516 216 1544 256; x_wconf 92' lang='grc'>1,</span> <span class='ocrx_word' id='word_1_346' title='bbox 1563 218 1596 251; x_wconf 86' lang='grc'>3.</span> 
     </span>
     <span class='ocr_line' id='line_1_68' title="bbox 884 259 1596 303; baseline 0.007 -13"><span class='ocrx_word' id='word_1_347' title='bbox 884 259 938 292; x_wconf 81' lang='grc'>27.</span> <span class='ocrx_word' id='word_1_348' title='bbox 961 260 1014 292; x_wconf 86' lang='grc'>28.</span> <span class='ocrx_word' id='word_1_349' title='bbox 1040 259 1113 293; x_wconf 84' lang='lat'>107.</span> <span class='ocrx_word' id='word_1_350' title='bbox 1140 260 1210 293; x_wconf 85' lang='lat'>117.</span> <span class='ocrx_word' id='word_1_351' title='bbox 1235 260 1269 303; x_wconf 83' lang='lat'>3,</span> <span class='ocrx_word' id='word_1_352' title='bbox 1290 261 1321 293; x_wconf 90' lang='lat'>5.</span> <span class='ocrx_word' id='word_1_353' title='bbox 1358 260 1410 292; x_wconf 84' lang='lat' dir='ltr'>cf.</span> <span class='ocrx_word' id='word_1_354' title='bbox 1431 262 1521 293; x_wconf 89' lang='lat' dir='ltr'>Brut.</span> <span class='ocrx_word' id='word_1_355' title='bbox 1543 261 1596 295; x_wconf 78' lang='grc'>18.</span> 
     </span>
     <span class='ocr_line' id='line_1_69' title="bbox 888 303 1310 345; baseline 0.01 -11"><span class='ocrx_word' id='word_1_356' title='bbox 888 303 972 335; x_wconf 89' lang='lat' dir='ltr'>Gell.</span> <span class='ocrx_word' id='word_1_357' title='bbox 997 305 1038 336; x_wconf 92' lang='lat' dir='ltr'>N.</span> <span class='ocrx_word' id='word_1_358' title='bbox 1054 307 1092 336; x_wconf 82' lang='lat' dir='ltr'>A.</span> <span class='ocrx_word' id='word_1_359' title='bbox 1115 305 1231 345; x_wconf 81' lang='lat' dir='ltr'>XVII,</span> <span class='ocrx_word' id='word_1_360' title='bbox 1256 306 1310 338; x_wconf 88' lang='grc'>21.</span> 
     </span>
    </p>

    <p class='ocr_par' dir='ltr' id='par_1_32' title="bbox 839 349 1598 471">
     <span class='ocr_line' id='line_1_70' title="bbox 839 349 1598 393; baseline 0.005 -13"><span class='ocrx_word' id='word_1_361' title='bbox 839 349 1020 389; x_wconf 85' lang='lat' dir='ltr'>Locrensis,</span> <span class='ocrx_word' id='word_1_362' title='bbox 1055 361 1072 381; x_wconf 90' lang='lat' dir='ltr'>e</span> <span class='ocrx_word' id='word_1_363' title='bbox 1096 349 1229 388; x_wconf 85' lang='lat' dir='ltr'>Locris,</span> <span class='ocrx_word' id='word_1_364' title='bbox 1257 350 1380 393; x_wconf 87' lang='lat' dir='ltr'>oppido</span> <span class='ocrx_word' id='word_1_365' title='bbox 1405 350 1520 383; x_wconf 86' lang='lat' dir='ltr'>Italiae</span> <span class='ocrx_word' id='word_1_366' title='bbox 1542 351 1598 383; x_wconf 86' lang='lat' dir='ltr'>in—</span> 
     </span>
     <span class='ocr_line' id='line_1_71' title="bbox 887 393 1598 439; baseline 0.007 -15"><span class='ocrx_word' id='word_1_367' title='bbox 887 393 1016 425; x_wconf 82' lang='lat' dir='ltr'>ferioris</span> <span class='ocrx_word' id='word_1_368' title='bbox 1037 394 1107 426; x_wconf 87' lang='lat' dir='ltr'>sive</span> <span class='ocrx_word' id='word_1_369' title='bbox 1127 395 1285 427; x_wconf 84' lang='lat' dir='ltr'>Graeciae</span> <span class='ocrx_word' id='word_1_370' title='bbox 1304 397 1457 439; x_wconf 85' lang='lat' dir='ltr'>Magnae,</span> <span class='ocrx_word' id='word_1_371' title='bbox 1482 396 1598 429; x_wconf 88' lang='lat' dir='ltr'>oriun-</span> 
     </span>
     <span class='ocr_line' id='line_1_72' title="bbox 887 437 1109 477; baseline 0.009 -8"><span class='ocrx_word' id='word_1_372' title='bbox 887 437 957 469; x_wconf 87' lang='lat' dir='ltr'>dus.</span> <span class='ocrx_word' id='word_1_373' title='bbox 991 440 1033 477; x_wconf 93' lang='lat'>5,</span> <span class='ocrx_word' id='word_1_374' title='bbox 1055 438 1109 471; x_wconf 85' lang='lat'>59.</span> 
     </span>
    </p>

    <p class='ocr_par' dir='ltr' id='par_1_33' title="bbox 839 484 1596 563">
     <span class='ocr_line' id='line_1_73' title="bbox 839 484 1596 529; baseline 0.001 -12"><span class='ocrx_word' id='word_1_375' title='bbox 839 485 982 523; x_wconf 84' lang='lat' dir='ltr'>Lucani,</span> <span class='ocrx_word' id='word_1_376' title='bbox 1014 484 1142 516; x_wconf 85' lang='lat' dir='ltr'>incolae</span> <span class='ocrx_word' id='word_1_377' title='bbox 1166 485 1350 526; x_wconf 84' lang='lat' dir='ltr'>Lucaniae,</span> <span class='ocrx_word' id='word_1_378' title='bbox 1375 485 1518 529; x_wconf 86' lang='lat' dir='ltr'>regionis</span> <span class='ocrx_word' id='word_1_379' title='bbox 1541 485 1596 518; x_wconf 84' lang='lat' dir='ltr'>in—</span> 
     </span>
     <span class='ocr_line' id='line_1_74' title="bbox 886 508 1318 570; baseline 0.007 -10"><span class='ocrx_word' id='word_1_380' title='bbox 886 508 1014 560; x_wconf 70' lang='lat' dir='ltr'>ferioiis</span> <span class='ocrx_word' id='word_1_381' title='bbox 1041 529 1163 561; x_wconf 89' lang='lat' dir='ltr'>ltaliae.</span> <span class='ocrx_word' id='word_1_382' title='bbox 1202 530 1239 570; x_wconf 89' lang='lat'>1,</span> <span class='ocrx_word' id='word_1_383' title='bbox 1263 529 1318 563; x_wconf 78' lang='grc'>89.</span> 
     </span>
    </p>

    <p class='ocr_par' dir='ltr' id='par_1_34' title="bbox 841 575 1601 921">
     <span class='ocr_line' id='line_1_75' title="bbox 841 575 1599 613; baseline 0.001 -7"><span class='ocrx_word' id='word_1_384' title='bbox 841 575 991 613; x_wconf 84' lang='lat' dir='ltr'>Lucilius,</span> <span class='ocrx_word' id='word_1_385' title='bbox 1017 575 1062 613; x_wconf 89' lang='lat' dir='ltr'>C.‚</span> <span class='ocrx_word' id='word_1_386' title='bbox 1085 576 1221 606; x_wconf 79' lang='lat' dir='ltr'>Suessae</span> <span class='ocrx_word' id='word_1_387' title='bbox 1242 575 1464 607; x_wconf 83' lang='lat' dir='ltr'>Pomoetiae&#39;</span> <span class='ocrx_word' id='word_1_388' title='bbox 1454 587 1487 607; x_wconf 89' lang='lat' dir='ltr'>1n</span> <span class='ocrx_word' id='word_1_389' title='bbox 1500 575 1599 608; x_wconf 85' lang='lat' dir='ltr'>Latio</span> 
     </span>
     <span class='ocr_line' id='line_1_76' title="bbox 887 619 1597 662; baseline 0.003 -12"><span class='ocrx_word' id='word_1_390' title='bbox 887 624 994 656; x_wconf 89' lang='lat' dir='ltr'>natus,</span> <span class='ocrx_word' id='word_1_391' title='bbox 1017 629 1114 661; x_wconf 89' lang='lat' dir='ltr'>eques</span> <span class='ocrx_word' id='word_1_392' title='bbox 1133 619 1239 657; x_wconf 86' lang='lat' dir='ltr'>Rom.,</span> <span class='ocrx_word' id='word_1_393' title='bbox 1264 631 1400 662; x_wconf 81' lang='lat' dir='ltr'>magnus</span> <span class='ocrx_word' id='word_1_394' title='bbox 1420 621 1597 652; x_wconf 87' lang='lat' dir='ltr'>avunculus</span> 
     </span>
     <span class='ocr_line' id='line_1_77' title="bbox 887 664 1599 707; baseline 0.003 -12"><span class='ocrx_word' id='word_1_395' title='bbox 887 664 1002 705; x_wconf 90' lang='lat' dir='ltr'>Pomp.</span> <span class='ocrx_word' id='word_1_396' title='bbox 1028 664 1084 702; x_wconf 67' lang='lat' dir='ltr'>M„</span> <span class='ocrx_word' id='word_1_397' title='bbox 1108 664 1166 695; x_wconf 92' lang='lat' dir='ltr'>sub</span> <span class='ocrx_word' id='word_1_398' title='bbox 1190 664 1340 707; x_wconf 85' lang='lat' dir='ltr'>Scipione</span> <span class='ocrx_word' id='word_1_399' title='bbox 1365 665 1599 697; x_wconf 76' lang='lat' dir='ltr'>Asr.Numan-</span> 
     </span>
     <span class='ocr_line' id='line_1_78' title="bbox 885 707 1598 752; baseline 0.004 -13"><span class='ocrx_word' id='word_1_400' title='bbox 885 707 958 741; x_wconf 84' lang='lat' dir='ltr'>tino</span> <span class='ocrx_word' id='word_1_401' title='bbox 977 707 1065 739; x_wconf 87' lang='lat' dir='ltr'>bello</span> <span class='ocrx_word' id='word_1_402' title='bbox 1090 707 1181 750; x_wconf 72' lang='lat'>(133.</span> <span class='ocrx_word' id='word_1_403' title='bbox 1204 720 1232 740; x_wconf 79' lang='lat' dir='ltr'>a.</span> <span class='ocrx_word' id='word_1_404' title='bbox 1259 709 1351 750; x_wconf 88' lang='lat' dir='ltr'>Chr.)</span> <span class='ocrx_word' id='word_1_405' title='bbox 1384 722 1482 752; x_wconf 84' lang='lat' dir='ltr'>eques</span> <span class='ocrx_word' id='word_1_406' title='bbox 1510 711 1598 742; x_wconf 85' lang='lat' dir='ltr'>mili-</span> 
     </span>
     <span class='ocr_line' id='line_1_79' title="bbox 886 752 1600 794; baseline 0.007 -12"><span class='ocrx_word' id='word_1_407' title='bbox 886 752 970 784; x_wconf 84' lang='lat' dir='ltr'>tavit</span> <span class='ocrx_word' id='word_1_408' title='bbox 992 758 1026 784; x_wconf 88' lang='lat' dir='ltr'>et</span> <span class='ocrx_word' id='word_1_409' title='bbox 1039 752 1180 794; x_wconf 83' lang='lat' dir='ltr'>Neapoli</span> <span class='ocrx_word' id='word_1_410' title='bbox 1203 764 1307 784; x_wconf 87' lang='lat' dir='ltr'>annos</span> <span class='ocrx_word' id='word_1_411' title='bbox 1328 752 1371 787; x_wconf 75' lang='lat'>46</span> <span class='ocrx_word' id='word_1_412' title='bbox 1392 762 1486 786; x_wconf 85' lang='lat' dir='ltr'>natus</span> <span class='ocrx_word' id='word_1_413' title='bbox 1506 767 1600 787; x_wconf 87' lang='lat' dir='ltr'>mor-</span> 
     </span>
     <span class='ocr_line' id='line_1_80' title="bbox 886 797 1601 843; baseline 0.004 -14"><span class='ocrx_word' id='word_1_414' title='bbox 886 804 962 830; x_wconf 90' lang='lat' dir='ltr'>tuus</span> <span class='ocrx_word' id='word_1_415' title='bbox 995 804 1054 828; x_wconf 89' lang='lat' dir='ltr'>est.</span> <span class='ocrx_word' id='word_1_416' title='bbox 1103 797 1240 840; x_wconf 78' lang='lat' dir='ltr'>Scripsit</span> <span class='ocrx_word' id='word_1_417' title='bbox 1260 798 1375 830; x_wconf 86' lang='lat' dir='ltr'>satiras</span> <span class='ocrx_word' id='word_1_418' title='bbox 1397 810 1479 837; x_wconf 81' lang='lat' dir='ltr'>xxx,</span> <span class='ocrx_word' id='word_1_419' title='bbox 1515 811 1601 843; x_wconf 89' lang='lat' dir='ltr'>epo-</span> 
     </span>
     <span class='ocr_line' id='line_1_81' title="bbox 887 842 1598 898; baseline 0.006 -24"><span class='ocrx_word' id='word_1_420' title='bbox 887 843 968 881; x_wconf 88' lang='lat' dir='ltr'>dos,</span> <span class='ocrx_word' id='word_1_421' title='bbox 1000 842 1152 898; x_wconf 86' lang='lat' dir='ltr'>hymnos</span> <span class='ocrx_word' id='word_1_422' title='bbox 1163 849 1196 874; x_wconf 90' lang='lat' dir='ltr'>et</span> <span class='ocrx_word' id='word_1_423' title='bbox 1219 843 1435 876; x_wconf 85' lang='lat' dir='ltr'>comoedjam.</span> <span class='ocrx_word' id='word_1_424' title='bbox 1471 844 1511 884; x_wconf 78' lang='lat'>3,</span> <span class='ocrx_word' id='word_1_425' title='bbox 1535 845 1598 878; x_wconf 75' lang='lat'>31:</span> 
     </span>
     <span class='ocr_line' id='line_1_82' title="bbox 886 885 1258 925; baseline 0.006 -6"><span class='ocrx_word' id='word_1_426' title='bbox 886 888 941 919; x_wconf 87' lang='lat' dir='ltr'>ubi</span> <span class='ocrx_word' id='word_1_427' title='bbox 966 899 996 919; x_wconf 89' lang='lat' dir='ltr'>v.</span> <span class='ocrx_word' id='word_1_428' title='bbox 1021 887 1105 919; x_wconf 90' lang='lat' dir='ltr'>Adn.</span> <span class='ocrx_word' id='word_1_429' title='bbox 1138 885 1179 925; x_wconf 88' lang='lat'>4,</span> <span class='ocrx_word' id='word_1_430' title='bbox 1204 886 1258 921; x_wconf 67' lang='lat'>46.</span> 
     </span>
    </p>

    <p class='ocr_par' dir='ltr' id='par_1_35' title="bbox 842 932 1512 973">
     <span class='ocr_line' id='line_1_83' title="bbox 842 932 1512 973; baseline 0.003 -8"><span class='ocrx_word' id='word_1_431' title='bbox 842 935 950 965; x_wconf 85' lang='lat' dir='ltr'>Lunae</span> <span class='ocrx_word' id='word_1_432' title='bbox 973 932 1113 964; x_wconf 86' lang='lat' dir='ltr'>labores.</span> <span class='ocrx_word' id='word_1_433' title='bbox 1164 933 1203 964; x_wconf 91' lang='lat' dir='ltr'>V.</span> <span class='ocrx_word' id='word_1_434' title='bbox 1229 933 1313 965; x_wconf 87' lang='lat' dir='ltr'>Adn.</span> <span class='ocrx_word' id='word_1_435' title='bbox 1336 933 1369 965; x_wconf 87' lang='lat' dir='ltr'>in</span> <span class='ocrx_word' id='word_1_436' title='bbox 1397 935 1433 973; x_wconf 93' lang='lat'>1,</span> <span class='ocrx_word' id='word_1_437' title='bbox 1457 933 1512 967; x_wconf 78' lang='lat'>92.</span> 
     </span>
    </p>

    <p class='ocr_par' dir='ltr' id='par_1_36' title="bbox 841 977 1600 1290">
     <span class='ocr_line' id='line_1_84' title="bbox 841 977 1599 1021; baseline 0.001 -11"><span class='ocrx_word' id='word_1_438' title='bbox 841 980 944 1018; x_wconf 84' lang='lat' dir='ltr'>Lyco,</span> <span class='ocrx_word' id='word_1_439' title='bbox 978 977 1127 1016; x_wconf 80' lang='lat' dir='ltr'>Troade,</span> <span class='ocrx_word' id='word_1_440' title='bbox 1165 978 1328 1021; x_wconf 82' lang='lat' dir='ltr'>Phrygiae</span> <span class='ocrx_word' id='word_1_441' title='bbox 1360 979 1495 1010; x_wconf 90' lang='lat' dir='ltr'>minoris</span> <span class='ocrx_word' id='word_1_442' title='bbox 1520 979 1599 1011; x_wconf 89' lang='lat' dir='ltr'>urbe</span> 
     </span>
     <span class='ocr_line' id='line_1_85' title="bbox 887 1022 1599 1067; baseline 0.001 -12"><span class='ocrx_word' id='word_1_443' title='bbox 887 1022 1065 1062; x_wconf 89' lang='lat' dir='ltr'>maritima,</span> <span class='ocrx_word' id='word_1_444' title='bbox 1091 1028 1196 1061; x_wconf 85' lang='lat' dir='ltr'>natus,</span> <span class='ocrx_word' id='word_1_445' title='bbox 1223 1023 1437 1066; x_wconf 86' lang='lat' dir='ltr'>philosophus</span> <span class='ocrx_word' id='word_1_446' title='bbox 1463 1024 1599 1067; x_wconf 87' lang='lat' dir='ltr'>Peripa-</span> 
     </span>
     <span class='ocr_line' id='line_1_86' title="bbox 883 1067 1600 1111; baseline -0.001 -10"><span class='ocrx_word' id='word_1_447' title='bbox 883 1068 1022 1107; x_wconf 89' lang='lat' dir='ltr'>teticus,</span> <span class='ocrx_word' id='word_1_448' title='bbox 1059 1067 1142 1099; x_wconf 89' lang='lat' dir='ltr'>adeo</span> <span class='ocrx_word' id='word_1_449' title='bbox 1177 1067 1334 1111; x_wconf 86' lang='lat' dir='ltr'>eloquens</span> <span class='ocrx_word' id='word_1_450' title='bbox 1364 1075 1463 1111; x_wconf 86' lang='lat' dir='ltr'>atque</span> <span class='ocrx_word' id='word_1_451' title='bbox 1486 1068 1519 1100; x_wconf 90' lang='lat' dir='ltr'>in</span> <span class='ocrx_word' id='word_1_452' title='bbox 1544 1068 1600 1100; x_wconf 88' lang='lat' dir='ltr'>di-</span> 
     </span>
     <span class='ocr_line' id='line_1_87' title="bbox 887 1112 1599 1156; baseline 0 -10"><span class='ocrx_word' id='word_1_453' title='bbox 887 1112 992 1146; x_wconf 90' lang='lat' dir='ltr'>cendo</span> <span class='ocrx_word' id='word_1_454' title='bbox 1016 1112 1142 1151; x_wconf 88' lang='lat' dir='ltr'>suavis,</span> <span class='ocrx_word' id='word_1_455' title='bbox 1173 1119 1208 1144; x_wconf 90' lang='lat' dir='ltr'>ut</span> <span class='ocrx_word' id='word_1_456' title='bbox 1234 1113 1340 1156; x_wconf 88' lang='lat' dir='ltr'>Glyco</span> <span class='ocrx_word' id='word_1_457' title='bbox 1365 1114 1599 1146; x_wconf 80' lang='lat' dir='ltr'>nominaretur.</span> 
     </span>
     <span class='ocr_line' id='line_1_88' title="bbox 885 1158 1598 1191; baseline 0 -1"><span class='ocrx_word' id='word_1_458' title='bbox 885 1160 1036 1190; x_wconf 89' lang='lat' dir='ltr'>Mortuus</span> <span class='ocrx_word' id='word_1_459' title='bbox 1059 1164 1107 1189; x_wconf 86' lang='lat' dir='ltr'>est</span> <span class='ocrx_word' id='word_1_460' title='bbox 1129 1169 1157 1188; x_wconf 88' lang='lat' dir='ltr'>a.</span> <span class='ocrx_word' id='word_1_461' title='bbox 1181 1158 1257 1191; x_wconf 89' lang='grc'><strong>225.</strong></span> <span class='ocrx_word' id='word_1_462' title='bbox 1279 1170 1307 1189; x_wconf 84' lang='lat' dir='ltr'>a.</span> <span class='ocrx_word' id='word_1_463' title='bbox 1331 1158 1406 1190; x_wconf 90' lang='lat' dir='ltr'>Chr.</span> <span class='ocrx_word' id='word_1_464' title='bbox 1442 1159 1480 1191; x_wconf 85' lang='lat' dir='ltr'>V.</span> <span class='ocrx_word' id='word_1_465' title='bbox 1495 1158 1537 1190; x_wconf 93' lang='lat' dir='ltr'>de</span> <span class='ocrx_word' id='word_1_466' title='bbox 1558 1170 1598 1190; x_wconf 90' lang='lat' dir='ltr'>eo</span> 
     </span>
     <span class='ocr_line' id='line_1_89' title="bbox 886 1201 1598 1245; baseline 0.003 -11"><span class='ocrx_word' id='word_1_467' title='bbox 886 1204 982 1245; x_wconf 86' lang='lat' dir='ltr'>Diog.</span> <span class='ocrx_word' id='word_1_468' title='bbox 1008 1204 1045 1234; x_wconf 89' lang='lat' dir='ltr'>L.</span> <span class='ocrx_word' id='word_1_469' title='bbox 1067 1204 1097 1242; x_wconf 88' lang='lat'>5,</span> <span class='ocrx_word' id='word_1_470' title='bbox 1120 1201 1151 1234; x_wconf 88' lang='lat'>4.</span> <span class='ocrx_word' id='word_1_471' title='bbox 1192 1203 1242 1234; x_wconf 87' lang='lat' dir='ltr'>Cf.</span> <span class='ocrx_word' id='word_1_472' title='bbox 1259 1203 1598 1236; x_wconf 83' lang='lat' dir='ltr'>Clem.Alex.Strom.</span> 
     </span>
     <span class='ocr_line' id='line_1_90' title="bbox 887 1246 1286 1290; baseline 0 -10"><span class='ocrx_word' id='word_1_473' title='bbox 887 1251 916 1280; x_wconf 83' lang='lat'>11</span> <span class='ocrx_word' id='word_1_474' title='bbox 954 1259 986 1290; x_wconf 86' lang='lat' dir='ltr'>p.</span> <span class='ocrx_word' id='word_1_475' title='bbox 999 1246 1075 1281; x_wconf 74' lang='lat'>497.</span> <span class='ocrx_word' id='word_1_476' title='bbox 1103 1266 1141 1271; x_wconf 88' lang='lat'>—</span> <span class='ocrx_word' id='word_1_477' title='bbox 1166 1247 1206 1285; x_wconf 84' lang='lat'>3,</span> <span class='ocrx_word' id='word_1_478' title='bbox 1232 1248 1286 1281; x_wconf 58' lang='lat' dir='ltr'>vs.</span> 
     </span>
    </p>

    <p class='ocr_par' dir='ltr' id='par_1_37' title="bbox 839 1292 1599 1421">
     <span class='ocr_line' id='line_1_91' title="bbox 839 1292 1599 1336; baseline -0.001 -10"><span class='ocrx_word' id='word_1_479' title='bbox 839 1296 1012 1334; x_wconf 70' lang='lat' dir='ltr'>Lycurgus,</span> <span class='ocrx_word' id='word_1_480' title='bbox 1037 1292 1091 1336; x_wconf 91' lang='lat' dir='ltr'>qui</span> <span class='ocrx_word' id='word_1_481' title='bbox 1113 1292 1383 1325; x_wconf 73' lang='lat' dir='ltr'>Lacedaemoniis</span> <span class='ocrx_word' id='word_1_482' title='bbox 1403 1293 1490 1336; x_wconf 85' lang='lat' dir='ltr'>leges</span> <span class='ocrx_word' id='word_1_483' title='bbox 1515 1293 1599 1325; x_wconf 90' lang='lat' dir='ltr'>scri-</span> 
     </span>
     <span class='ocr_line' id='line_1_92' title="bbox 885 1337 1597 1381; baseline 0.001 -12"><span class='ocrx_word' id='word_1_484' title='bbox 885 1339 950 1381; x_wconf 75' lang='lat' dir='ltr'>psit</span> <span class='ocrx_word' id='word_1_485' title='bbox 973 1340 1061 1379; x_wconf 51' lang='lat'>(5615.</span> <span class='ocrx_word' id='word_1_486' title='bbox 1080 1349 1109 1369; x_wconf 81' lang='lat' dir='ltr'>a.</span> <span class='ocrx_word' id='word_1_487' title='bbox 1135 1337 1236 1379; x_wconf 69' lang='lat' dir='ltr'>Cim).</span> <span class='ocrx_word' id='word_1_488' title='bbox 1271 1338 1300 1378; x_wconf 88' lang='lat' dir='ltr'>l,</span> <span class='ocrx_word' id='word_1_489' title='bbox 1328 1339 1401 1371; x_wconf 87' lang='lat'>100.</span> <span class='ocrx_word' id='word_1_490' title='bbox 1425 1340 1499 1372; x_wconf 82' lang='lat'>101.</span> <span class='ocrx_word' id='word_1_491' title='bbox 1526 1339 1597 1371; x_wconf 87' lang='lat'>110.</span> 
     </span>
     <span class='ocr_line' id='line_1_93' title="bbox 882 1381 1126 1421; baseline 0 -6"><span class='ocrx_word' id='word_1_492' title='bbox 882 1383 915 1421; x_wconf 89' lang='grc'>2,</span> <span class='ocrx_word' id='word_1_493' title='bbox 941 1381 994 1415; x_wconf 74' lang='lat'>34.</span> <span class='ocrx_word' id='word_1_494' title='bbox 1031 1383 1070 1421; x_wconf 90' lang='lat'>5,</span> <span class='ocrx_word' id='word_1_495' title='bbox 1094 1382 1126 1415; x_wconf 88' lang='lat'>7.</span> 
     </span>
    </p>

    <p class='ocr_par' dir='ltr' id='par_1_38' title="bbox 838 1427 1601 1516">
     <span class='ocr_line' id='line_1_94' title="bbox 838 1427 1601 1468; baseline 0 -8"><span class='ocrx_word' id='word_1_496' title='bbox 838 1428 1069 1468; x_wconf 72' lang='lat' dir='ltr'>Lysimlz‘chus,</span> <span class='ocrx_word' id='word_1_497' title='bbox 1106 1438 1162 1458; x_wconf 89' lang='lat' dir='ltr'>rex</span> <span class='ocrx_word' id='word_1_498' title='bbox 1187 1427 1348 1460; x_wconf 82' lang='lat' dir='ltr'>Thraciae</span> <span class='ocrx_word' id='word_1_499' title='bbox 1381 1435 1415 1460; x_wconf 89' lang='lat' dir='ltr'>et</span> <span class='ocrx_word' id='word_1_500' title='bbox 1439 1428 1601 1460; x_wconf 84' lang='lat' dir='ltr'>Macedo-</span> 
     </span>
     <span class='ocr_line' id='line_1_95' title="bbox 885 1472 1599 1516; baseline 0 -12"><span class='ocrx_word' id='word_1_501' title='bbox 885 1472 959 1504; x_wconf 86' lang='lat' dir='ltr'>niae</span> <span class='ocrx_word' id='word_1_502' title='bbox 986 1472 1074 1516; x_wconf 62' lang='lat' dir='ltr'>(zeti.</span> <span class='ocrx_word' id='word_1_503' title='bbox 1103 1484 1134 1503; x_wconf 85' lang='lat' dir='ltr'>a.</span> <span class='ocrx_word' id='word_1_504' title='bbox 1161 1472 1262 1515; x_wconf 91' lang='lat' dir='ltr'>Chr.).</span> <span class='ocrx_word' id='word_1_505' title='bbox 1302 1474 1330 1513; x_wconf 90' lang='lat'>1,</span> <span class='ocrx_word' id='word_1_506' title='bbox 1358 1474 1432 1506; x_wconf 89' lang='grc'><strong>102.</strong></span> <span class='ocrx_word' id='word_1_507' title='bbox 1467 1474 1497 1513; x_wconf 90' lang='grc'>5,</span> <span class='ocrx_word' id='word_1_508' title='bbox 1526 1473 1599 1507; x_wconf 79' lang='lat'>117.</span> 
     </span>
    </p>
   </div>
   <div class='ocr_carea' id='block_1_9' title="bbox 1202 1552 1244 1583">
    <p class='ocr_par' dir='ltr' id='par_1_39' title="bbox 1202 1552 1244 1583">
     <span class='ocr_line' id='line_1_96' title="bbox 1202 1552 1244 1583; baseline 0 0"><span class='ocrx_word' id='word_1_509' title='bbox 1202 1552 1244 1583; x_wconf 84' lang='lat' dir='ltr'>M.</span> 
     </span>
    </p>
   </div>
   <div class='ocr_carea' id='block_1_10' title="bbox 837 1605 1601 3001">
    <p class='ocr_par' dir='ltr' id='par_1_40' title="bbox 840 1605 1200 1646">
     <span class='ocr_line' id='line_1_97' title="bbox 840 1605 1200 1646; baseline 0.003 -7"><span class='ocrx_word' id='word_1_510' title='bbox 840 1607 1036 1641; x_wconf 66' lang='lat' dir='ltr'>Macedbnes.</span> <span class='ocrx_word' id='word_1_511' title='bbox 1082 1607 1121 1646; x_wconf 90' lang='lat'>5,</span> <span class='ocrx_word' id='word_1_512' title='bbox 1146 1605 1200 1640; x_wconf 80' lang='lat'>49.</span> 
     </span>
    </p>

    <p class='ocr_par' dir='ltr' id='par_1_41' title="bbox 840 1652 1599 1737">
     <span class='ocr_line' id='line_1_98' title="bbox 840 1652 1599 1696; baseline 0.001 -12"><span class='ocrx_word' id='word_1_513' title='bbox 840 1654 983 1692; x_wconf 69' lang='lat' dir='ltr'>sslaefilis,</span> <span class='ocrx_word' id='word_1_514' title='bbox 996 1652 1087 1694; x_wconf 87' lang='lat' dir='ltr'>palus</span> <span class='ocrx_word' id='word_1_515' title='bbox 1100 1652 1252 1695; x_wconf 82' lang='lat' dir='ltr'>Scythica</span> <span class='ocrx_word' id='word_1_516' title='bbox 1266 1652 1298 1684; x_wconf 87' lang='lat' dir='ltr'>in</span> <span class='ocrx_word' id='word_1_517' title='bbox 1313 1653 1448 1696; x_wconf 85' lang='lat' dir='ltr'>regione</span> <span class='ocrx_word' id='word_1_518' title='bbox 1460 1660 1599 1696; x_wconf 80' lang='lat' dir='ltr'>septen-</span> 
     </span>
     <span class='ocr_line' id='line_1_99' title="bbox 884 1697 1599 1737; baseline 0.004 -9"><span class='ocrx_word' id='word_1_519' title='bbox 884 1697 1017 1729; x_wconf 87' lang='lat' dir='ltr'>trionali</span> <span class='ocrx_word' id='word_1_520' title='bbox 1038 1697 1126 1728; x_wconf 83' lang='lat' dir='ltr'>iuxta</span> <span class='ocrx_word' id='word_1_521' title='bbox 1151 1697 1296 1728; x_wconf 85' lang='lat' dir='ltr'>Phasidis</span> <span class='ocrx_word' id='word_1_522' title='bbox 1319 1698 1449 1730; x_wconf 89' lang='lat' dir='ltr'>ostium.</span> <span class='ocrx_word' id='word_1_523' title='bbox 1489 1701 1520 1737; x_wconf 90' lang='lat'>5,</span> <span class='ocrx_word' id='word_1_524' title='bbox 1545 1699 1599 1731; x_wconf 71' lang='lat'>49.</span> 
     </span>
    </p>

    <p class='ocr_par' dir='ltr' id='par_1_42' title="bbox 837 1742 1599 1915">
     <span class='ocr_line' id='line_1_100' title="bbox 837 1742 1598 1783; baseline 0.001 -10"><span class='ocrx_word' id='word_1_525' title='bbox 837 1742 938 1782; x_wconf 70' lang='lat' dir='ltr'>Magi,</span> <span class='ocrx_word' id='word_1_526' title='bbox 962 1753 1062 1783; x_wconf 79' lang='lat' dir='ltr'>genus</span> <span class='ocrx_word' id='word_1_527' title='bbox 1081 1742 1275 1783; x_wconf 80' lang='lat' dir='ltr'>sapientium</span> <span class='ocrx_word' id='word_1_528' title='bbox 1299 1749 1331 1773; x_wconf 83' lang='lat' dir='ltr'>et</span> <span class='ocrx_word' id='word_1_529' title='bbox 1353 1743 1525 1774; x_wconf 89' lang='lat' dir='ltr'>doctorum</span> <span class='ocrx_word' id='word_1_530' title='bbox 1546 1743 1598 1775; x_wconf 87' lang='lat' dir='ltr'>in-</span> 
     </span>
     <span class='ocr_line' id='line_1_101' title="bbox 884 1787 1597 1830; baseline 0.003 -13"><span class='ocrx_word' id='word_1_531' title='bbox 884 1793 936 1818; x_wconf 80' lang='lat' dir='ltr'>ter</span> <span class='ocrx_word' id='word_1_532' title='bbox 961 1788 1085 1818; x_wconf 81' lang='lat' dir='ltr'>Persas.</span> <span class='ocrx_word' id='word_1_533' title='bbox 1143 1787 1313 1818; x_wconf 86' lang='lat' dir='ltr'>Persarum</span> <span class='ocrx_word' id='word_1_534' title='bbox 1347 1787 1457 1830; x_wconf 85' lang='lat' dir='ltr'>lingua</span> <span class='ocrx_word' id='word_1_535' title='bbox 1484 1789 1597 1830; x_wconf 81' lang='lat' dir='ltr'>Magus</span> 
     </span>
     <span class='ocr_line' id='line_1_102' title="bbox 886 1831 1599 1876; baseline 0.004 -14"><span class='ocrx_word' id='word_1_536' title='bbox 886 1838 946 1870; x_wconf 91' lang='lat' dir='ltr'>est,</span> <span class='ocrx_word' id='word_1_537' title='bbox 971 1831 1025 1874; x_wconf 86' lang='lat' dir='ltr'>qui</span> <span class='ocrx_word' id='word_1_538' title='bbox 1051 1839 1162 1863; x_wconf 87' lang='lat' dir='ltr'>nostra</span> <span class='ocrx_word' id='word_1_539' title='bbox 1185 1832 1350 1872; x_wconf 84' lang='lat' dir='ltr'>sacerdos,</span> <span class='ocrx_word' id='word_1_540' title='bbox 1375 1833 1480 1876; x_wconf 87' lang='lat' dir='ltr'>iuquit</span> <span class='ocrx_word' id='word_1_541' title='bbox 1504 1836 1599 1876; x_wconf 82' lang='lat' dir='ltr'>Apu-</span> 
     </span>
     <span class='ocr_line' id='line_1_103' title="bbox 884 1876 1161 1915; baseline 0 -8"><span class='ocrx_word' id='word_1_542' title='bbox 884 1876 976 1908; x_wconf 85' lang='lat' dir='ltr'>leius.</span> <span class='ocrx_word' id='word_1_543' title='bbox 1027 1876 1061 1915; x_wconf 92' lang='lat'>1,</span> <span class='ocrx_word' id='word_1_544' title='bbox 1090 1877 1161 1909; x_wconf 78' lang='grc'><strong>108.</strong></span> 
     </span>
    </p>

    <p class='ocr_par' dir='ltr' id='par_1_43' title="bbox 841 1921 1601 2180">
     <span class='ocr_line' id='line_1_104' title="bbox 841 1921 1599 1962; baseline 0.001 -9"><span class='ocrx_word' id='word_1_545' title='bbox 841 1923 1057 1953; x_wconf 78' lang='lat' dir='ltr'>Marathonius</span> <span class='ocrx_word' id='word_1_546' title='bbox 1080 1925 1189 1953; x_wconf 85' lang='lat' dir='ltr'>laurus</span> <span class='ocrx_word' id='word_1_547' title='bbox 1211 1921 1317 1953; x_wconf 90' lang='lat' dir='ltr'>dictus</span> <span class='ocrx_word' id='word_1_548' title='bbox 1349 1934 1367 1954; x_wconf 84' lang='lat' dir='ltr'>a</span> <span class='ocrx_word' id='word_1_549' title='bbox 1391 1922 1599 1962; x_wconf 67' lang='lat' dir='ltr'>Marathone,</span> 
     </span>
     <span class='ocr_line' id='line_1_105' title="bbox 888 1966 1601 2010; baseline 0.001 -12"><span class='ocrx_word' id='word_1_550' title='bbox 888 1966 968 1998; x_wconf 87' lang='lat' dir='ltr'>urbe</span> <span class='ocrx_word' id='word_1_551' title='bbox 1001 1966 1071 2008; x_wconf 87' lang='lat' dir='ltr'>agri</span> <span class='ocrx_word' id='word_1_552' title='bbox 1106 1966 1228 2005; x_wconf 78' lang='lat' dir='ltr'>Attici,</span> <span class='ocrx_word' id='word_1_553' title='bbox 1269 1978 1365 2010; x_wconf 90' lang='lat' dir='ltr'>quem</span> <span class='ocrx_word' id='word_1_554' title='bbox 1400 1967 1601 1999; x_wconf 79' lang='lat' dir='ltr'>domandum</span> 
     </span>
     <span class='ocr_line' id='line_1_106' title="bbox 886 2011 1599 2055; baseline 0 -12"><span class='ocrx_word' id='word_1_555' title='bbox 886 2011 1088 2054; x_wconf 83' lang='lat' dir='ltr'>Eurystheus</span> <span class='ocrx_word' id='word_1_556' title='bbox 1113 2012 1245 2043; x_wconf 83' lang='lat' dir='ltr'>Herculi</span> <span class='ocrx_word' id='word_1_557' title='bbox 1271 2012 1454 2055; x_wconf 87' lang='lat' dir='ltr'>proposuit.</span> <span class='ocrx_word' id='word_1_558' title='bbox 1503 2012 1599 2044; x_wconf 91' lang='lat' dir='ltr'>Illum</span> 
     </span>
     <span class='ocr_line' id='line_1_107' title="bbox 887 2055 1600 2100; baseline 0.001 -13"><span class='ocrx_word' id='word_1_559' title='bbox 887 2064 997 2088; x_wconf 85' lang='lat' dir='ltr'>autem</span> <span class='ocrx_word' id='word_1_560' title='bbox 1029 2055 1071 2088; x_wconf 90' lang='lat' dir='ltr'>ad</span> <span class='ocrx_word' id='word_1_561' title='bbox 1104 2067 1139 2087; x_wconf 84' lang='lat' dir='ltr'>se</span> <span class='ocrx_word' id='word_1_562' title='bbox 1172 2056 1365 2099; x_wconf 88' lang='lat' dir='ltr'>perductum</span> <span class='ocrx_word' id='word_1_563' title='bbox 1400 2057 1600 2100; x_wconf 83' lang='lat' dir='ltr'>Eurystheus</span> 
     </span>
     <span class='ocr_line' id='line_1_108' title="bbox 887 2101 1599 2152; baseline 0.001 -19"><span class='ocrx_word' id='word_1_564' title='bbox 887 2101 1032 2139; x_wconf 85' lang='lat' dir='ltr'>dimisit,</span> <span class='ocrx_word' id='word_1_565' title='bbox 1057 2113 1172 2144; x_wconf 88' lang='lat' dir='ltr'>quem,</span> <span class='ocrx_word' id='word_1_566' title='bbox 1199 2113 1296 2152; x_wconf 80' lang='lat' dir='ltr'>quum</span> <span class='ocrx_word' id='word_1_567' title='bbox 1318 2102 1463 2134; x_wconf 86' lang='lat' dir='ltr'>Atticam</span> <span class='ocrx_word' id='word_1_568' title='bbox 1487 2109 1599 2134; x_wconf 78' lang='lat' dir='ltr'>vasta-</span> 
     </span>
     <span class='ocr_line' id='line_1_109' title="bbox 887 2146 1462 2187; baseline 0.002 -9"><span class='ocrx_word' id='word_1_569' title='bbox 887 2153 951 2187; x_wconf 87' lang='lat' dir='ltr'>ret,</span> <span class='ocrx_word' id='word_1_570' title='bbox 975 2146 1122 2179; x_wconf 88' lang='lat' dir='ltr'>Theseus</span> <span class='ocrx_word' id='word_1_571' title='bbox 1147 2147 1313 2178; x_wconf 76' lang='lat' dir='ltr'>mactavit.</span> <span class='ocrx_word' id='word_1_572' title='bbox 1343 2146 1382 2183; x_wconf 83' lang='lat'>4,</span> <span class='ocrx_word' id='word_1_573' title='bbox 1408 2148 1462 2179; x_wconf 91' lang='lat'>50.</span> 
     </span>
    </p>

    <p class='ocr_par' dir='ltr' id='par_1_44' title="bbox 842 2192 1600 2773">
     <span class='ocr_line' id='line_1_110' title="bbox 842 2192 1599 2234; baseline -0.001 -10"><span class='ocrx_word' id='word_1_574' title='bbox 842 2194 1018 2231; x_wconf 85' lang='lat' dir='ltr'>Marcellus,</span> <span class='ocrx_word' id='word_1_575' title='bbox 1043 2193 1084 2223; x_wconf 84' lang='lat' dir='ltr'>M.</span> <span class='ocrx_word' id='word_1_576' title='bbox 1101 2194 1223 2232; x_wconf 61' lang='lat' dir='ltr'>Claud„</span> <span class='ocrx_word' id='word_1_577' title='bbox 1248 2192 1368 2234; x_wconf 88' lang='lat' dir='ltr'>primus</span> <span class='ocrx_word' id='word_1_578' title='bbox 1382 2192 1599 2223; x_wconf 83' lang='lat' dir='ltr'>Hannibalem</span> 
     </span>
     <span class='ocr_line' id='line_1_111' title="bbox 887 2236 1599 2279; baseline -0.001 -10"><span class='ocrx_word' id='word_1_579' title='bbox 887 2236 929 2269; x_wconf 89' lang='lat' dir='ltr'>ad</span> <span class='ocrx_word' id='word_1_580' title='bbox 960 2236 1080 2268; x_wconf 86' lang='lat' dir='ltr'>Nolam</span> <span class='ocrx_word' id='word_1_581' title='bbox 1113 2237 1226 2278; x_wconf 83' lang='lat' dir='ltr'>fugere</span> <span class='ocrx_word' id='word_1_582' title='bbox 1261 2237 1388 2279; x_wconf 75' lang='lat' dir='ltr'>coegit,</span> <span class='ocrx_word' id='word_1_583' title='bbox 1423 2238 1599 2279; x_wconf 80' lang='lat' dir='ltr'>Syracusas</span> 
     </span>
     <span class='ocr_line' id='line_1_112' title="bbox 889 2281 1598 2324; baseline -0.001 -10"><span class='ocrx_word' id='word_1_584' title='bbox 889 2281 1020 2314; x_wconf 84' lang='lat' dir='ltr'>obsedit</span> <span class='ocrx_word' id='word_1_585' title='bbox 1045 2287 1077 2313; x_wconf 88' lang='lat' dir='ltr'>et</span> <span class='ocrx_word' id='word_1_586' title='bbox 1101 2282 1298 2323; x_wconf 86' lang='lat' dir='ltr'>expugnavit</span> <span class='ocrx_word' id='word_1_587' title='bbox 1325 2283 1412 2323; x_wconf 58' lang='lat'>(312.</span> <span class='ocrx_word' id='word_1_588' title='bbox 1438 2293 1466 2312; x_wconf 89' lang='lat' dir='ltr'>a.</span> <span class='ocrx_word' id='word_1_589' title='bbox 1495 2281 1598 2324; x_wconf 66' lang='lat' dir='ltr'>Cim),</span> 
     </span>
     <span class='ocr_line' id='line_1_113' title="bbox 890 2325 1600 2369; baseline 0 -12"><span class='ocrx_word' id='word_1_590' title='bbox 890 2326 1002 2357; x_wconf 90' lang='lat' dir='ltr'>Gallos</span> <span class='ocrx_word' id='word_1_591' title='bbox 1023 2326 1064 2357; x_wconf 87' lang='lat' dir='ltr'>ad</span> <span class='ocrx_word' id='word_1_592' title='bbox 1089 2325 1278 2357; x_wconf 71' lang='lat' dir='ltr'>Clastidium</span> <span class='ocrx_word' id='word_1_593' title='bbox 1300 2326 1332 2357; x_wconf 93' lang='lat' dir='ltr'>in</span> <span class='ocrx_word' id='word_1_594' title='bbox 1352 2326 1457 2357; x_wconf 81' lang='lat' dir='ltr'>Gallia</span> <span class='ocrx_word' id='word_1_595' title='bbox 1481 2326 1600 2369; x_wconf 84' lang='lat' dir='ltr'>Cispa—</span> 
     </span>
     <span class='ocr_line' id='line_1_114' title="bbox 888 2370 1600 2409; baseline 0.001 -7"><span class='ocrx_word' id='word_1_596' title='bbox 888 2371 971 2402; x_wconf 86' lang='lat' dir='ltr'>dana</span> <span class='ocrx_word' id='word_1_597' title='bbox 995 2370 1118 2402; x_wconf 83' lang='lat' dir='ltr'>devicit</span> <span class='ocrx_word' id='word_1_598' title='bbox 1141 2378 1174 2402; x_wconf 91' lang='lat' dir='ltr'>et</span> <span class='ocrx_word' id='word_1_599' title='bbox 1199 2370 1459 2409; x_wconf 62' lang='lat' dir='ltr'>viridum-arum,</span> <span class='ocrx_word' id='word_1_600' title='bbox 1486 2382 1600 2403; x_wconf 87' lang='lat' dir='ltr'>eorum</span> 
     </span>
     <span class='ocr_line' id='line_1_115' title="bbox 887 2415 1599 2459; baseline 0 -11"><span class='ocrx_word' id='word_1_601' title='bbox 887 2427 1016 2459; x_wconf 85' lang='lat' dir='ltr'>regem,</span> <span class='ocrx_word' id='word_1_602' title='bbox 1052 2415 1206 2457; x_wconf 80' lang='lat' dir='ltr'>singulari</span> <span class='ocrx_word' id='word_1_603' title='bbox 1239 2427 1346 2458; x_wconf 86' lang='lat' dir='ltr'>pugna</span> <span class='ocrx_word' id='word_1_604' title='bbox 1380 2416 1502 2448; x_wconf 88' lang='lat' dir='ltr'>victum</span> <span class='ocrx_word' id='word_1_605' title='bbox 1535 2416 1599 2448; x_wconf 92' lang='lat' dir='ltr'>ob-</span> 
     </span>
     <span class='ocr_line' id='line_1_116' title="bbox 888 2461 1598 2504; baseline 0.001 -12"><span class='ocrx_word' id='word_1_606' title='bbox 888 2460 1052 2492; x_wconf 82' lang='lat' dir='ltr'>truncavit</span> <span class='ocrx_word' id='word_1_607' title='bbox 1072 2461 1357 2504; x_wconf 88' lang='lat' dir='ltr'>Romanorumque</span> <span class='ocrx_word' id='word_1_608' title='bbox 1380 2461 1496 2493; x_wconf 85' lang='lat' dir='ltr'>tertius</span> <span class='ocrx_word' id='word_1_609' title='bbox 1515 2473 1598 2503; x_wconf 88' lang='lat' dir='ltr'>spo-</span> 
     </span>
     <span class='ocr_line' id='line_1_117' title="bbox 886 2505 1596 2548; baseline 0.001 -11"><span class='ocrx_word' id='word_1_610' title='bbox 886 2506 931 2537; x_wconf 87' lang='lat' dir='ltr'>lia</span> <span class='ocrx_word' id='word_1_611' title='bbox 961 2505 1070 2548; x_wconf 85' lang='lat' dir='ltr'>opima</span> <span class='ocrx_word' id='word_1_612' title='bbox 1107 2506 1176 2537; x_wconf 82' lang='lat' dir='ltr'>lovi</span> <span class='ocrx_word' id='word_1_613' title='bbox 1200 2506 1348 2538; x_wconf 90' lang='lat' dir='ltr'>F·eret1io</span> <span class='ocrx_word' id='word_1_614' title='bbox 1381 2506 1596 2538; x_wconf 88' lang='lat' dir='ltr'>consecravit.</span> 
     </span>
     <span class='ocr_line' id='line_1_118' title="bbox 889 2550 1598 2593; baseline 0 -11"><span class='ocrx_word' id='word_1_615' title='bbox 889 2551 1191 2589; x_wconf 80' lang='lat' dir='ltr'>cf.Plut.Marc.‚</span> <span class='ocrx_word' id='word_1_616' title='bbox 1227 2550 1395 2593; x_wconf 88' lang='lat' dir='ltr'>inprimis</span> <span class='ocrx_word' id='word_1_617' title='bbox 1422 2563 1448 2583; x_wconf 92' lang='lat' dir='ltr'>c.</span> <span class='ocrx_word' id='word_1_618' title='bbox 1463 2550 1496 2584; x_wconf 89' lang='grc'>6.</span> <span class='ocrx_word' id='word_1_619' title='bbox 1520 2555 1598 2583; x_wconf 80' lang='lat' dir='ltr'>Aur.</span> 
     </span>
     <span class='ocr_line' id='line_1_119' title="bbox 886 2594 1595 2639; baseline -0.001 -11"><span class='ocrx_word' id='word_1_620' title='bbox 886 2596 973 2628; x_wconf 85' lang='lat' dir='ltr'>vict.</span> <span class='ocrx_word' id='word_1_621' title='bbox 986 2595 1106 2627; x_wconf 77' lang='lat' dir='ltr'>deVir.</span> <span class='ocrx_word' id='word_1_622' title='bbox 1122 2595 1169 2626; x_wconf 86' lang='lat' dir='ltr'>ill.</span> <span class='ocrx_word' id='word_1_623' title='bbox 1192 2607 1219 2627; x_wconf 91' lang='lat' dir='ltr'>c.</span> <span class='ocrx_word' id='word_1_624' title='bbox 1231 2594 1283 2628; x_wconf 85' lang='lat'>45.</span> <span class='ocrx_word' id='word_1_625' title='bbox 1317 2596 1495 2639; x_wconf 89' lang='lat' dir='ltr'>Quinquies</span> <span class='ocrx_word' id='word_1_626' title='bbox 1513 2608 1595 2628; x_wconf 92' lang='lat' dir='ltr'>con-</span> 
     </span>
     <span class='ocr_line' id='line_1_120' title="bbox 887 2640 1596 2673; baseline 0 -1"><span class='ocrx_word' id='word_1_627' title='bbox 887 2641 936 2672; x_wconf 90' lang='lat' dir='ltr'>sul</span> <span class='ocrx_word' id='word_1_628' title='bbox 961 2640 1034 2672; x_wconf 83' lang='lat' dir='ltr'>fuit.</span> <span class='ocrx_word' id='word_1_629' title='bbox 1083 2640 1213 2672; x_wconf 90' lang='lat' dir='ltr'>Proelio</span> <span class='ocrx_word' id='word_1_630' title='bbox 1237 2640 1279 2672; x_wconf 90' lang='lat' dir='ltr'>ad</span> <span class='ocrx_word' id='word_1_631' title='bbox 1302 2642 1476 2673; x_wconf 85' lang='lat' dir='ltr'>Venusiam</span> <span class='ocrx_word' id='word_1_632' title='bbox 1503 2652 1596 2672; x_wconf 91' lang='lat' dir='ltr'>com—</span> 
     </span>
     <span class='ocr_line' id='line_1_121' title="bbox 887 2685 1595 2725; baseline -0.001 -8"><span class='ocrx_word' id='word_1_633' title='bbox 887 2686 996 2725; x_wconf 87' lang='lat' dir='ltr'>misso,</span> <span class='ocrx_word' id='word_1_634' title='bbox 1020 2686 1060 2718; x_wconf 84' lang='lat' dir='ltr'>ab</span> <span class='ocrx_word' id='word_1_635' title='bbox 1083 2685 1266 2717; x_wconf 87' lang='lat' dir='ltr'>Hannibale</span> <span class='ocrx_word' id='word_1_636' title='bbox 1287 2686 1523 2718; x_wconf 83' lang='lat' dir='ltr'>circumventus</span> <span class='ocrx_word' id='word_1_637' title='bbox 1543 2697 1595 2716; x_wconf 91' lang='lat' dir='ltr'>ce-</span> 
     </span>
     <span class='ocr_line' id='line_1_122' title="bbox 889 2728 1594 2782; baseline -0.001 -20"><span class='ocrx_word' id='word_1_638' title='bbox 889 2731 968 2762; x_wconf 90' lang='lat' dir='ltr'>cidit</span> <span class='ocrx_word' id='word_1_639' title='bbox 991 2732 1080 2782; x_wconf 63' lang='lat'>(2083</span> <span class='ocrx_word' id='word_1_640' title='bbox 1095 2742 1123 2762; x_wconf 91' lang='lat' dir='ltr'>a.</span> <span class='ocrx_word' id='word_1_641' title='bbox 1138 2730 1240 2772; x_wconf 82' lang='lat' dir='ltr'>Chr..)</span> <span class='ocrx_word' id='word_1_642' title='bbox 1277 2731 1306 2769; x_wconf 88' lang='lat'>1,</span> <span class='ocrx_word' id='word_1_643' title='bbox 1319 2732 1372 2764; x_wconf 85' lang='grc'>89.</span> <span class='ocrx_word' id='word_1_644' title='bbox 1384 2732 1468 2763; x_wconf 73' lang='grc'><strong>’110.</strong></span> <span class='ocrx_word' id='word_1_645' title='bbox 1492 2728 1524 2767; x_wconf 87' lang='lat'>4,</span> <span class='ocrx_word' id='word_1_646' title='bbox 1541 2730 1594 2761; x_wconf 90' lang='lat'>50.</span> 
     </span>
    </p>

    <p class='ocr_par' dir='ltr' id='par_1_45' title="bbox 842 2774 1595 3001">
     <span class='ocr_line' id='line_1_123' title="bbox 842 2774 1595 2818; baseline -0.005 -10"><span class='ocrx_word' id='word_1_647' title='bbox 842 2778 1033 2816; x_wconf 75' lang='lat' dir='ltr'>BIarius,C.,</span> <span class='ocrx_word' id='word_1_648' title='bbox 1047 2776 1097 2808; x_wconf 89' lang='lat' dir='ltr'>vir</span> <span class='ocrx_word' id='word_1_649' title='bbox 1110 2783 1260 2808; x_wconf 85' lang='lat' dir='ltr'>strenuus</span> <span class='ocrx_word' id='word_1_650' title='bbox 1273 2783 1371 2818; x_wconf 86' lang='lat' dir='ltr'>atque</span> <span class='ocrx_word' id='word_1_651' title='bbox 1385 2774 1490 2810; x_wconf 81' lang='lat' dir='ltr'>sortis,</span> <span class='ocrx_word' id='word_1_652' title='bbox 1511 2784 1595 2805; x_wconf 89' lang='lat' dir='ltr'>con-</span> 
     </span>
     <span class='ocr_line' id='line_1_124' title="bbox 886 2818 1592 2864; baseline -0.007 -11"><span class='ocrx_word' id='word_1_653' title='bbox 886 2821 1027 2853; x_wconf 90' lang='lat' dir='ltr'>sulatum</span> <span class='ocrx_word' id='word_1_654' title='bbox 1060 2821 1198 2864; x_wconf 89' lang='lat' dir='ltr'>adeptus</span> <span class='ocrx_word' id='word_1_655' title='bbox 1231 2821 1436 2863; x_wconf 73' lang='lat' dir='ltr'>Iugur-,tham</span> <span class='ocrx_word' id='word_1_656' title='bbox 1475 2818 1592 2849; x_wconf 91' lang='lat' dir='ltr'>Numi-</span> 
     </span>
     <span class='ocr_line' id='line_1_125' title="bbox 886 2862 1594 2910; baseline -0.006 -12"><span class='ocrx_word' id='word_1_657' title='bbox 886 2866 959 2898; x_wconf 91' lang='lat' dir='ltr'>diae</span> <span class='ocrx_word' id='word_1_658' title='bbox 989 2878 1119 2910; x_wconf 80' lang='lat' dir='ltr'>regem,</span> <span class='ocrx_word' id='word_1_659' title='bbox 1153 2867 1249 2905; x_wconf 69' lang='lat' dir='ltr'>vicit,</span> <span class='ocrx_word' id='word_1_660' title='bbox 1283 2864 1357 2896; x_wconf 86' lang='lat' dir='ltr'>dein</span> <span class='ocrx_word' id='word_1_661' title='bbox 1389 2864 1431 2895; x_wconf 88' lang='lat' dir='ltr'>de</span> <span class='ocrx_word' id='word_1_662' title='bbox 1457 2862 1594 2894; x_wconf 88' lang='lat' dir='ltr'>Cimbris</span> 
     </span>
     <span class='ocr_line' id='line_1_126' title="bbox 885 2907 1590 2953; baseline -0.007 -9"><span class='ocrx_word' id='word_1_663' title='bbox 885 2918 919 2943; x_wconf 86' lang='lat' dir='ltr'>et</span> <span class='ocrx_word' id='word_1_664' title='bbox 941 2912 1102 2944; x_wconf 70' lang='grc' dir='ltr'>Τειιῑὸηἰε</span> <span class='ocrx_word' id='word_1_665' title='bbox 1123 2909 1336 2953; x_wconf 83' lang='lat' dir='ltr'>triumphavit</span> <span class='ocrx_word' id='word_1_666' title='bbox 1358 2909 1445 2951; x_wconf 84' lang='lat'>(101.</span> <span class='ocrx_word' id='word_1_667' title='bbox 1458 2920 1486 2940; x_wconf 80' lang='lat' dir='ltr'>a.</span> <span class='ocrx_word' id='word_1_668' title='bbox 1501 2907 1590 2947; x_wconf 70' lang='lat' dir='ltr'>Chr.)</span> 
     </span>
     <span class='ocr_line' id='line_1_127' title="bbox 884 2952 1593 3001; baseline -0.008 -10"><span class='ocrx_word' id='word_1_669' title='bbox 884 2956 1071 3001; x_wconf 85' lang='lat' dir='ltr'>bellumque</span> <span class='ocrx_word' id='word_1_670' title='bbox 1093 2956 1186 2990; x_wconf 87' lang='lat' dir='ltr'>civile</span> <span class='ocrx_word' id='word_1_671' title='bbox 1209 2961 1323 2988; x_wconf 79' lang='lat' dir='ltr'>contra</span> <span class='ocrx_word' id='word_1_672' title='bbox 1343 2953 1466 2986; x_wconf 80' lang='lat' dir='ltr'>Sullam</span> <span class='ocrx_word' id='word_1_673' title='bbox 1492 2952 1593 2996; x_wconf 85' lang='lat' dir='ltr'>gessit</span> 
     </span>
    </p>
   </div>
  </div>
 </body>
</html>
