1832 3137
640 100 806 134 Lmen
832 100 1116 143 v.29,83.84.
1573 100 1647 142 451

91 178 114 217 zi
132 182 171 216 te
193 182 330 216 contra
349 175 463 217 istam
486 179 721 218 sententiam
743 180 843 220 dicta
863 189 954 221 sunt
973 188 1012 221 et
1032 179 1254 223 Stoicorum
1276 183 1428 224 ratione
1450 186 1648 228 conclusa.

89 254 160 290 85.
196 248 258 290 M.
291 247 454 290 Utamur
474 250 593 304 igitur
615 251 818 302 libertate,
864 268 936 307 qua
967 254 1079 295 nobis
1106 255 1200 296 solis
1233 255 1269 296 in
1297 256 1538 312 philosophia
1562 259 1652 301 licet

87 321 169 371 uti,
213 335 376 375 quorum
407 324 532 363 oratio
561 323 652 364 nihil
676 325 757 378 ipsa
784 324 949 375 iudicat,
994 328 1061 366 sed
1084 327 1248 368 habetur
1273 329 1311 368 in
1344 344 1480 371 omnes
1502 339 1648 384 partes,

86 400 129 434 ut
152 394 200 434 ab
221 394 306 434 aliis
329 395 451 449 possit
468 396 550 450 ipsa
574 410 644 450 per
666 411 778 447 sese,
814 398 955 438 nullius
977 401 1207 441 auctoritate
1229 401 1434 454 adiuncta,
1468 404 1645 445 iudicari.

86 465 140 507 Et
166 468 348 533 ΨΜ
369 468 515 508 videris
546 469 618 509 hoc
640 470 765 520 velle,
807 476 870 521 ut,
913 485 1167 526 quaecunque
1193 474 1501 516 dissentientium
1526 477 1649 531 philo-
1682 473 1683 476 ¹

85 540 294 595 sophorum
321 541 514 581 sententia
538 542 589 582 sit
611 542 656 582 de
682 542 842 592 finibus,
876 549 1004 583 {anien
1029 545 1152 585 virtus
1179 546 1275 586 satis
1295 547 1433 588 habeat
1459 549 1503 589 ad
1527 550 1646 590 vitam

83 612 236 654 beatam
264 613 471 667 praesidii:
513 615 611 668 quod
641 614 793 668 quidem
820 612 1064 655 Carneadem
1091 618 1288 671 disputare
1314 620 1468 660 solitum
1495 622 1647 676 accepi-

84 700 197 737 mus;
230 687 298 727 sed
320 687 378 737 is,
414 693 604 726 utcontra
628 685 808 737 Stoicos,
844 702 941 741 quos
965 689 1251 730 studiosissime
1272 705 1427 745 semper
1442 694 1647 735 refellebat

84 765 121 799 et
145 766 282 799 contra
309 773 470 812 quorum
498 759 737 813 disciplinam
761 760 956 813 ingenium
981 761 1063 801 eius
1091 770 1319 813 exarserat3
1354 778 1425 804 nos
1448 765 1538 804 illud
1563 766 1646 819 qui—

81 831 201 872 dem2
227 845 310 872 cum
336 845 428 886 pace
451 845 628 884 agemus.
694 830 737 872 Si
769 836 871 873 enim
896 832 1020 874 Stoici
1045 834 1141 875 fines
1163 835 1352 875 bonorum
1379 844 1484 876 recte
1505 851 1646 892 posue-

78 906 221 954 runt³‚
256 905 431 944 confecta
455 918 519 944 res
544 912 628 955 est3
661 919 825 946 necesse
848 913 904 946 est
930 920 1085 961 semper
1108 907 1261 948 beatum
1292 922 1381 949 esse
1409 910 1639 963 sapientem.

80 983 151 1018 84.
189 977 263 1017 Sed
303 991 534 1031 quaeramus
568 991 876 1032 unamquamque
908 978 1145 1033 reliquorum
1180 982 1437 1031 sententiam,
1483 982 1514 1020 si
1557 982 1640 1023 fieri

80 1056 231 1104 potest,
273 1057 315 1090 ut
335 1049 407 1090 hoc
438 1051 677 1104 praeclarum
700 1051 806 1104 quasi
829 1052 1026 1092 decretum
1048 1052 1184 1092 beatae
1203 1054 1307 1093 vitae
1328 1054 1450 1106 possit
1471 1054 1640 1094 omnium

79 1123 286 1163 sententiis
317 1130 355 1162 et
386 1123 599 1177 disciplinis
631 1124 860 1164 convenire.

962 1242 1015 1274 Cf.
1036 1242 1121 1274 Adn.
1170 1242 1192 1275 3
1218 1254 1246 1274 v.
1273 1243 1355 1274 Adn,

168 1239 188 1272 2
213 1241 270 1272 Tr.
296 1252 314 1271 e
339 1239 424 1273 coni.
448 1241 550 1273 Bouh.
576 1243 655 1273 illud
674 1243 756 1273 idem
777 1252 802 1274 c.
825 1252 856 1282 p.
881 1251 912 1274 α.

76 1318 118 1351 ad
132 1318 234 1350 vitam
255 1318 385 1350 beatam
408 1319 574 1361 praesidii.
602 1319 725 1350 Contra
745 1331 840 1362 quam

76 1363 275 1395 sententiam
302 1364 505 1401 Carneades,
538 1370 571 1395 et
596 1364 728 1406 quidem
752 1365 840 1395 acri·—

75 1414 150 1447 ter,
175 1414 211 1439 ut
236 1414 352 1440 contra
377 1409 527 1446 Stoicos,
559 1419 640 1450 quos
660 1408 838 1439 studiosis-

76 1453 156 1484 sime
180 1464 311 1495 semper
333 1452 521 1491 refellebat,
545 1452 744 1494 disputabat,
772 1465 838 1484 non

78 1509 117 1529 ex
141 1498 204 1529 hac
229 1509 291 1529 una
319 1498 504 1536 sententia,
541 1497 599 1528 sed
625 1509 838 1540 quaecunque

76 1542 340 1574 dissentientium
365 1541 638 1584 philosophorum
672 1543 838 1574 sententia

77 1594 164 1618 esset
176 1587 217 1618 de
238 1598 365 1618 summo
384 1587 474 1618 bono
493 1586 578 1618 etde
590 1598 716 1618 summo
738 1587 836 1625 malo,

74 1638 184 1663 tamen
208 1632 362 1663 virtutem
383 1631 537 1662 sufficere
567 1631 610 1662 ad
629 1632 731 1663 vitam
756 1631 838 1663 bea-

74 1683 154 1708 tam.
204 1676 491 1719 Breviloquentia,
526 1687 589 1719 qna
616 1676 730 1708 Cicero
763 1688 836 1707 usus

76 1728 144 1760 est,
179 1721 286 1752 oratio
311 1721 422 1764 paullo
446 1720 637 1763 impeditior
662 1721 750 1752 facta
776 1728 835 1759 est,

76 1777 159 1808 quae
192 1765 239 1797 sic
262 1773 312 1797 est
337 1765 553 1808 complenda:
591 1766 680 1809 quod
705 1765 836 1808 quidem

76 1811 111 1842 C.
135 1810 219 1853 disp.
244 1811 376 1842 solitum
400 1810 603 1852 accepimus3
638 1811 696 1841 sed
721 1811 768 1848 is,
802 1817 836 1841 ut

74 1862 190 1887 contra
214 1856 346 1887 Stoicos
372 1874 432 1893 —,
464 1857 498 1886 id
522 1858 582 1895 e9it
604 1857 835 1887 studiosissime.

73 1901 164 1932 Haec
190 1900 289 1932 verba
314 1911 353 1931 ex
379 1900 650 1932 antecedentibus
674 1910 750 1940 quos
773 1904 836 1931 slu-

72 1947 244 1977 diosissime
275 1955 394 1984 semper
426 1946 582 1984 refellebat
614 1951 646 1976 et
680 1957 718 1975 ex
742 1956 833 1987 seqq.

71 1992 151 2021 illud
164 1991 287 2030 quidem
300 2000 428 2029 agemus
439 1989 622 2031 supplenda
638 1996 723 2020 sunt.
750 1989 834 2020 Con-

72 2035 212 2066 structio
237 2034 318 2065 haec
343 2041 411 2067 est:
452 2037 600 2074 quoniam
631 2036 748 2066 videris
779 2035 834 2065 hoc

73 2081 168 2118 velle,
206 2083 239 2110 ut
262 2098 307 2103 —-·
330 2082 428 2111 virtus
451 2081 527 2111 salis
550 2081 661 2111 habeat
685 2080 727 2110 ad
751 2089 781 2111 v.
806 2080 833 2110 b.

70 2125 242 2164 praesidii,
266 2123 308 2155 de
328 2123 391 2155 hac
413 2124 587 2163 sententia,
613 2135 710 2166 quam
735 2123 834 2155 etiam

75 2168 261 2199 Carneades
284 2168 410 2206 tenuit,
435 2168 513 2207 scd,
542 2175 576 2200 ut
601 2175 715 2200 contra
741 2167 834 2199 Stoi-

75 2224 142 2252 cos,
166 2213 261 2244 nimis
281 2213 401 2245 acriter
425 2213 502 2255 egit,
528 2224 588 2244 nos
609 2213 740 2256 quidem
762 2224 834 2244 cum

72 2269 154 2300 pace
174 2270 318 2300 agemus,
332 2277 371 2282 --
398 2258 506 2289 Verba
529 2260 608 2290 illud
630 2260 755 2298 quidem
779 2269 833 2288 re-

73 2302 241 2345 spondent
275 2302 545 2333 antecedentibus
579 2305 662 2342 quod
698 2304 832 2342 quidem.

73 2346 295 2389 Supersedere
309 2346 408 2388 igitur
419 2357 588 2388 possumus
600 2349 745 2378 Lambini
758 2356 834 2378 con-

73 2391 215 2423 iectura:
253 2393 327 2422 hoc
350 2393 473 2431 quidem
497 2394 589 2423 Curn.
613 2409 656 2414 -—
679 2402 734 2422 nos
757 2401 834 2422 au-

73 2439 152 2468 tem
183 2437 263 2467 illud
287 2446 312 2467 c.
333 2446 366 2476 p.
389 2446 440 2475 a.‚
476 2442 509 2466 et
538 2437 740 2475 Wesenberyii
763 2437 832 2466 Em.

77 2482 99 2512 1.
121 2482 236 2523 p.21.:
262 2490 318 2512 ‘nos
338 2482 507 2520 quidem
531 2481 610 2511 illud
632 2490 659 2510 c.
680 2490 712 2519 p.
734 2490 775 2518 a.‚
800 2486 834 2510 ut

74 2537 106 2556 v.
127 2536 182 2558 nos
205 2531 393 2567 opponatur
418 2526 585 2556 Carneadi.

141 2572 194 2601 sed
219 2573 256 2608 is,
281 2573 313 2601 ut
337 2573 443 2601 contra
467 2568 596 2611 Stoicos]
624 2569 663 2600 H.
679 2580 706 2599 e.
728 2568 787 2599 sed
808 2568 834 2599 is

72 2616 314 2647 studiosissime:
336 2614 423 2656 quod
440 2625 458 2645 e
471 2613 683 2656 sequentibus
697 2613 835 2644 elicien-

75 2659 153 2690 dum
177 2666 236 2690 est.
288 2660 324 2691 Ul
348 2663 455 2691 contra
478 2661 598 2691 Stoicos
622 2658 693 2689 h.c.
716 2665 750 2689 ut
775 2669 835 2688 ex-

77 2704 219 2745 spectari
242 2711 392 2747 poterat,
431 2715 529 2746 quum
563 2710 678 2734 contra
703 2702 834 2733 Stoicos

77 2747 270 2790 disputaret.
318 2750 356 2780 V.
379 2747 422 2780 ad
445 2750 468 2779 Ι.
492 2751 532 2787 ὅ,
556 2747 606 2780 15.
655 2749 704 2779 De
728 2758 764 2778 re
789 2747 833 2778 cf.

76 2793 130 2825 tv.
155 2791 218 2830 24,
239 2793 293 2826 53.

140 2838 321 2879 posuerunt]
357 2840 498 2870 Klotzius
531 2849 547 2867 e
574 2838 610 2868 R.
637 2843 669 2868 et
689 2837 745 2876 P.,
781 2835 835 2879 qui

71 2884 223 2921 possiver’
241 2882 407 2921 exhibent,
428 2882 532 2913 edidit
545 2884 736 2922 posiverunt,
754 2881 837 2913 haec

74 2925 218 2957 addens:
260 2927 359 2964 „Wir
381 2927 541 2969 glauben,
582 2926 657 2958 dass
684 2926 718 2956 C.
745 2926 837 2957 nicht

877 1319 964 1351 ohne
987 1320 1103 1351 Grund
1124 1320 1195 1351 hier
1215 1321 1272 1352 das
1293 1321 1558 1353 alterthiimliche
1578 1332 1634 1361 po-

875 1367 1012 1396 siverunt
1031 1365 1173 1406 gewiihlt
1190 1365 1293 1402 habe3
1317 1377 1352 1396 er
1364 1365 1475 1396 wollte
1488 1365 1636 1397 dadurch

874 1421 914 1439 zu
939 1409 1104 1440 erkennen
1129 1409 1256 1451 geben,
1293 1409 1367 1440 dass
1401 1421 1436 1440 ei·
1470 1421 1510 1441 an
1537 1410 1632 1441 einen

875 1453 1076 1493 Mal-kstein,
1111 1466 1150 1484 an
1177 1453 1250 1484 eine
1277 1453 1477 1484 Griinzsa‘ute
1502 1454 1633 1492 dachte‚

873 1498 1005 1529 worauf
1025 1498 1083 1529 das
1107 1499 1223 1529 FINIS
1257 1499 1535 1530 POSJVERVNT
1571 1499 1635 1530 VI-

874 1543 965 1573 CINI
991 1543 1209 1585 eingegruben
1235 1554 1310 1574 war.
1372 1542 1430 1573 Die
1455 1543 1555 1574 Form
1577 1553 1635 1582 po-

871 1590 931 1618 sivi
952 1587 1026 1619 kam
1048 1588 1139 1619 nicht
1160 1599 1222 1618 nur
1242 1587 1274 1618 in
1296 1587 1327 1618 d.
1349 1587 1474 1618 iilteren
1490 1587 1636 1630 Sprache

871 1632 948 1663 sehr
972 1633 1024 1663 oft
1052 1643 1129 1671 vor,
1156 1631 1300 1663 soudern
1327 1632 1413 1663 blieb
1437 1632 1519 1663 auch
1545 1632 1633 1663 noch

871 1675 904 1707 in
928 1676 960 1707 d.
981 1677 1126 1719 Spraclie
1150 1677 1208 1708 des
1232 1676 1403 1718 gemeinen
1429 1676 1559 1708 Lebens
1584 1676 1634 1708 bis

872 1720 904 1751 in
925 1720 978 1752 die
998 1721 1145 1763 spiiteste
1168 1721 1249 1752 Zeit.
1298 1723 1341 1751 So
1365 1721 1421 1751 hat
1445 1721 1526 1752 Cato
1542 1721 1579 1751 R.
1596 1721 1632 1751 P..

871 1766 976 1807 praef.
990 1769 1181 1805 posuerunt,
1208 1777 1234 1796 c.
1247 1763 1277 1797 4.
1296 1767 1456 1804 posiveris.
1493 1769 1633 1796 Ausser—

871 1809 946 1840 dem
961 1810 1063 1841 [iudet
1076 1810 1145 1841 sich
1160 1810 1212 1841 die
1226 1810 1324 1841 Form
1340 1809 1370 1840 b.
1385 1809 1500 1846 Plaut„
1514 1808 1630 1848 Lucil.‚

873 1854 1004 1895 Catull„
1028 1866 1056 1886 u.
1071 1855 1131 1886 auf
1144 1854 1342 1885 lnschriften
1361 1865 1390 1884 u.
1405 1853 1539 1885 Steinen
1556 1853 1632 1885 sehr

870 1899 990 1941 hssiufig.
1026 1900 1100 1941 Vgt.
1123 1901 1233 1931 Struve
1255 1898 1336 1929 iiber
1355 1898 1386 1929 d.
1403 1899 1476 1930 Lat.
1493 1898 1583 1929 Dect.
1600 1909 1629 1929 u.

873 1944 1010 1986 Conjug.
1032 1956 1064 1986 p.
1087 1943 1159 1976 195.
1183 1955 1202 1974 u
1236 1943 1403 1985 1›.‘.’z5lf.⁴‘
1452 1943 1520 1974 Etsi
1546 1942 1630 1974 hauc

870 1988 1128 2030 disputationem
1153 1988 1232 2018 satis
1253 1987 1459 2030 plausibilem
1479 1999 1550 2019 esse
1575 1987 1629 2018 fa·-

869 2039 944 2064 teor
963 2045 1068 2076 neque
1092 2032 1254 2073 i11tcllig0‚
1279 2031 1448 2075 quomodo
1470 2032 1552 2064 haec
1567 2043 1629 2062 an-

868 2078 959 2120 tiqua
986 2078 1112 2113 forma,
1154 2077 1216 2107 nisi
1249 2077 1282 2107 in
1307 2077 1489 2118 archetypo
1520 2076 1629 2115 fuerit,

868 2123 901 2153 in
938 2122 1066 2154 codices
1110 2122 1256 2164 irrepere
1296 2121 1464 2163 potuerim
1507 2127 1629 2157 tamen,

870 2179 968 2210 quum
993 2167 1059 2198 eius
1084 2166 1209 2198 nullum
1229 2166 1307 2197 alibi
1329 2165 1417 2208 apud
1439 2165 1630 2197 Ciceronem

869 2212 1052 2254 reperiatur
1082 2211 1277 2252 vestigium,
1315 2222 1332 2241 a
1365 2222 1417 2241 me
1450 2210 1629 2252 impetrare

871 2269 935 2288 non
963 2257 1071 2299 potui,
1098 2263 1134 2287 ut
1159 2266 1230 2286 eam
1254 2255 1447 2296 reciperem.

937 2299 1032 2345 §.t-54.
1057 2304 1083 2332 si
1107 2302 1174 2340 fieri
1196 2299 1307 2341 potest]
1338 2300 1463 2338 Wolfius
1482 2309 1548 2329 non
1574 2308 1628 2329 re—

870 2352 922 2377 cte
944 2358 1002 2388 per
1023 2343 1321 2386 breviloquentiam
1334 2343 1458 2374 dietum
1477 2354 1547 2374 esse
1564 2354 1629 2384 pu-

869 2397 919 2421 tat
942 2401 1021 2432 pro:
1046 2393 1104 2429 „ut
1123 2391 1306 2427 videamus,
1329 2398 1404 2419 mam
1426 2389 1494 2428 fieri
1512 2389 1629 2427 possit.-

870 2435 959 2477 quod
983 2441 1093 2465 tamen
1113 2445 1180 2464 uon
1202 2443 1334 2474 prorsus
1348 2432 1524 2474 despero.“
1560 2433 1628 2463 Im-

870 2491 923 2510 mo
946 2478 1045 2510 verba
1069 2478 1117 2509 sic
1138 2476 1303 2518 iungenda
1327 2484 1421 2508 sunt:
1448 2479 1511 2509 Sed
1533 2486 1628 2516 quae-

869 2534 997 2563 ramus,
1021 2525 1047 2554 si
1068 2525 1136 2562 fieri
1157 2526 1265 2561 potest,
1289 2532 1416 2562 unamq.
1439 2532 1465 2553 r.
1486 2525 1574 2561 sent,
1593 2524 1628 2553 ut

869 2570 924 2600 hoc
948 2579 995 2608 pr.
1019 2587 1062 2591 -—
1084 2569 1180 2607 possit
1204 2585 1247 2590 —
1270 2569 1441 2598 convenire.

936 2615 1026 2652 quasi
1057 2611 1226 2653 decretum]
1271 2613 1397 2651 Wolfius
1433 2609 1630 2642 vocabulum

869 2660 959 2698 quasi
975 2656 1123 2688 additum
1142 2662 1246 2698 putat,
1271 2655 1345 2698 quia
1361 2657 1514 2688 decretum
1532 2666 1625 2685 usur-

870 2708 966 2743 petur
990 2701 1031 2732 de
1053 2701 1112 2739 iis,
1139 2712 1222 2743 quae
1245 2700 1375 2742 publice
1395 2701 1625 2731 decernuntur.

870 2746 1066 2777 Tenendum
1089 2757 1168 2777 vero
1194 2745 1240 2777 ait
1265 2747 1384 2784 Moser,
1421 2745 1624 2776 Ciceronem.

870 2791 925 2822 ubi
958 2791 1098 2833 primum
1142 2801 1182 2822 eo
1216 2790 1379 2822 vocabulo
1424 2799 1496 2819 usus
1529 2791 1625 2823 esset,

872 2835 1032 2867 Graecum
1055 2847 1186 2874 nomen,
1213 2835 1263 2867 cui
1286 2833 1368 2865 illud
1390 2830 1626 2864 accommoda-

870 2887 939 2912 tum
964 2892 1035 2913 esse
1056 2880 1210 2916 volebat,
1237 2878 1419 2911 addidisse:
1458 2875 1558 2907 Acad.
1585 2875 1626 2906 11.

870 2925 901 2964 9,
927 2925 988 2958 29:
1025 2925 1181 2968 quoniam
1202 2925 1236 2955 id
1257 2923 1417 2955 haberent
1441 2918 1628 2952 Academici

1199 2968 1302 3008 29*
