1832 3137
639 98 800 130 menn
828 97 1052 137 v.41,121.
1536 91 1616 134 477

64 175 244 226 letudini,
278 175 421 216 ceteris
445 175 561 216 rebus
584 177 740 229 generis
764 177 936 216 eiusdem
953 208 963 228 ,
997 191 1109 230 quam
1136 175 1282 229 Stoici3
1317 192 1430 232 quum
1454 192 1522 228 ca,
1556 193 1615 230 re,

62 262 139 290 non
155 248 287 289 verbis
307 249 631 303 ponderarentur,
665 262 842 289 caussam
861 262 948 289 esse
971 249 1179 290 dissidendi
1198 253 1214 278 1
1240 250 1420 305 negabat.
1485 249 1618 303 Quare

61 321 162 362 hunc
187 321 313 361 locum
346 329 564 361 ceterarum
602 322 889 375 disciplinarum
923 321 1137 377 philosophi
1169 324 1486 377 quemadmodum
1521 324 1619 364 obti-

60 408 155 434 nere
176 394 349 448 possint,
382 394 453 448 ipsi
476 394 671 444 viderint3
704 394 795 434 mihi
825 401 951 434 tamen
974 402 1126 447 gratum
1153 403 1234 445 est,
1269 396 1369 449 quod
1396 397 1441 436 de
1465 396 1620 450 sapien-

60 467 152 507 tium
179 474 364 521 perpetua
398 467 496 508 bene
515 467 671 508 vivendi
704 467 884 507 facultate
915 466 1070 520 dignum
1102 468 1278 521 quiddam
1306 468 1619 523 philosophorum

61 553 158 579 voce
182 539 424 594 profitentur.
490 546 584 580 121.
620 538 699 580 Sed
725 540 903 593 quoniam
923 553 1034 579 mane
1060 547 1120 580 est
1146 542 1329 590 eundum,
1363 541 1432 581 has
1452 541 1618 594 quinque

60 612 207 652 dierum
246 611 524 667 disputationes
547 612 732 652 memoria
759 611 1144 665 comprehendamus.
1205 611 1396 666 Equidem
1419 627 1480 653 me
1503 613 1618 653 etiam

61 684 369 740 conscripturum
404 684 593 734 arbitror,
638 684 722 735 (ubi
747 684 846 723 enim
872 683 1010 722 melius
1034 684 1087 723 uti
1110 698 1314 737 possumus
1340 686 1435 735 hoc,
1475 685 1620 725 cuicui-

61 758 195 797 modi2
230 764 314 808 est,
361 756 483 810 otio?)
522 757 567 797 ad
601 755 843 809 Brutumque
875 763 1052 795 nostrum
1088 756 1158 796 hos
1189 756 1313 805 libros
1342 758 1487 797 alteros
1510 757 1621 811 quin-

60 842 133 883 que
156 829 352 870 mittemus
368 860 378 879 ,
421 843 442 869 a
463 843 538 882 quo
561 843 636 868 non
660 829 773 868 modo
798 828 946 882 impulsi
971 842 1104 868 sumus
1133 829 1179 869 ad
1204 828 1499 883 philosophiae-⁹·
1525 830 1621 869 scri-

61 901 228 957 ptiones,
261 915 397 943 verum
421 902 536 942 etiam
562 901 749 942 lacessiti.

154 1025 169 1057 1
196 1037 226 1058 v.
249 1024 333 1058 Adu.

56 1072 267 1110 cuiuscunque
290 1071 376 1102 modi
399 1069 451 1101 vel
473 1072 656 1101 cuiusmodi.

129 1150 241 1180 alteros
263 1147 409 1190 quinque]
447 1154 578 1189 praeter
609 1147 750 1191 quinque
778 1148 821 1179 li-

62 1192 138 1223 bros
163 1192 205 1224 de
230 1192 362 1223 Finibus
390 1194 556 1224 Bonorum
589 1200 622 1224 et
645 1193 820 1232 Malorum,

62 1248 144 1280 quos
169 1237 380 1269 dedicaverat
407 1239 518 1268 Bruto.

129 1283 172 1313 ad
185 1284 396 1322 philosophiae
419 1282 612 1325 scriptiones]
639 1281 694 1313 Sic
707 1281 823 1324 scripsi

63 1337 135 1358 cum
152 1328 273 1358 Klotzio
298 1333 330 1357 et
355 1328 505 1367 Tregdero
528 1338 545 1358 e
573 1327 693 1364 Nonio,
719 1327 824 1369 quiet

62 1383 95 1414 p.
123 1371 194 1407 174,
222 1372 272 1403 10.
309 1371 474 1402 Ciceronis
501 1371 598 1402 verba
622 1373 749 1410 impulsi
771 1381 824 1403 su-

62 1426 132 1448 mus
155 1417 198 1446 ad
218 1417 432 1455 philosophiae
451 1418 640 1455 scriptiones,
657 1422 690 1446 et
706 1427 738 1457 p.
754 1413 826 1454 134,

61 1460 93 1492 2.
113 1462 242 1500 impulsi
260 1470 368 1491 snmus
391 1461 434 1490 ad
455 1461 666 1499 philosophiae
687 1462 827 1499 scriptio-

64 1514 146 1544 nem,
169 1514 276 1536 verum
299 1507 390 1535 eliam
413 1506 545 1535 lacessiti
569 1505 676 1536 alleri.
716 1505 824 1535 1).W.

65 1551 120 1580 Or.
136 1548 310 1580 ediderunt
330 1550 539 1588 philosophas,
564 1549 653 1591 quod
670 1549 827 1579 exhibent

68 1594 106 1624 R.
133 1597 243 1635 <supra
264 1593 432 1634 adscripto
456 1594 494 1632 ic}
518 1593 603 1623 Gud.
626 1597 649 1624 l.
673 1604 752 1623 unns
765 1595 826 1623 Ox.

66 1644 171 1681 quatt.
194 1638 300 1669 Gebh.
336 1649 416 1668 nnus
448 1638 587 1670 Ursini..
620 1637 825 1668 Adiectivnm

62 1685 262 1722 philosophus
286 1682 405 1723 legitur
439 1681 470 1712 in
505 1682 633 1713 Pacuvii
669 1682 744 1713 loco
774 1692 826 1723 ap.

65 1727 152 1758 Geli.
181 1727 218 1757 N.
246 1731 280 1758 Α.
306 1727 400 1763 ΧΗΙ,
426 1733 467 1756 b:
508 1727 574 1768 Ego
599 1726 653 1756 odi
678 1726 826 1757 homines

65 1772 181 1814 ignava
205 1783 306 1813 opera
328 1778 359 1802 et
380 1772 565 1810 philosopha
582 1771 756 1801 sententia.
785 1774 826 1801 At

65 1827 83 1848 e
106 1817 248 1848 Pacuvio
280 1816 359 1847 nihil
384 1815 535 1846 concludi
561 1822 672 1857 potest
703 1815 743 1845 de
769 1815 825 1845 Ci-

66 1860 194 1892 ceronis
219 1872 286 1891 usu.
324 1861 496 1891 Praeterea
519 1860 738 1892 Mosrrattulit
751 1860 826 1890 Ma-

67 1905 158 1936 crob.
183 1907 313 1936 saturn.
329 1906 398 1935 Vll.
425 1907 450 1936 l.
476 1916 507 1945 p.
529 1906 605 1936 (HL).
632 1904 682 1936 ed.
706 1906 824 1935 Zeun.:

66 1949 225 1989 „verbum
249 1949 370 1980 nullum
385 1974 391 1984 ,
419 1949 478 1979 nisi
498 1951 724 1988 philosophum,
748 1960 827 1979 sen—

65 1995 154 2029 sit;⁴‘
191 1993 249 2024 sed
280 1993 325 2024 ibi
356 1993 408 2024 alii
441 1993 553 2033 legunt
583 1995 826 2033 philosophicum

68 2046 121 2076 et,
148 2045 182 2068 ut
206 2038 333 2080 legatur
356 2040 590 2077 philosophum,
618 2045 723 2068 tamen
738 2062 746 2075 ,
773 2037 827 2068 ubi

69 2083 235 2115 Ciceronis
259 2082 365 2114 oratio
388 2082 504 2124 agitur,
532 2082 691 2113 Macrobii
713 2088 826 2113 aucto-

66 2128 144 2159 ritas
175 2139 241 2159 non
274 2127 346 2170 plns
380 2127 522 2165 valebit,
557 2138 653 2169 quarn
688 2126 826 2157 Pacuvii.

67 2174 115 2204 Ex
145 2171 218 2214 ipso
253 2171 383 2215 quidem
417 2171 574 2202 Cicerone
608 2171 694 2202 idem
729 2173 828 2202 Moser

12 2247 15 2249 ,
67 2216 223 2249 excitavit
243 2217 351 2248 locum
372 2216 403 2247 in
428 2228 479 2258 ep.
500 2215 541 2247 ad
563 2216 602 2255 Q.
619 2217 670 2247 Fr.
694 2217 751 2247 ΙΙΙ.
774 2226 825 2257 ep.

69 2264 96 2295 1.
122 2264 207 2299 (3.2,
227 2263 264 2293 5;
302 2272 509 2303 „quanquam
542 2272 579 2292 ea
611 2261 707 2298 villa,
745 2271 827 2302 quae

68 2317 154 2337 nunc
174 2313 233 2343 est,
250 2312 404 2347 tanquam
422 2307 605 2344 philosopha
622 2305 752 2335 videtur
773 2316 826 2335 es-

66 2362 112 2388 se,
130 2361 211 2392 quae
236 2350 388 2391 obiurget
411 2356 592 2379 ceterarum
609 2349 757 2379 villarum
774 2348 827 2379 in·-

67 2395 190 2426 sanium
207 2397 239 2429 ;“
265 2393 323 2424 sed
346 2405 386 2424 ne
402 2393 465 2424 hoc
479 2393 609 2434 quidem
635 2393 709 2423 loco
733 2392 826 2434 quic-

67 2451 162 2483 quam
187 2438 362 2480 probatum
390 2437 531 2468 nam-ibi
552 2440 736 2476 philosopha
761 2448 825 2467 non

70 2491 119 2516 est
136 2483 339 2515 htliectivum
353 2507 359 2519 ,
394 2481 451 2512 soil
475 2481 735 2516 snl>stuntivum3
774 2482 826 2511 fe-

69 2529 153 2560 stive
177 2534 210 2559 et
239 2527 348 2569 lepide
382 2527 491 2557 xillum
516 2526 642 2557 Tullius
674 2532 827 2567 tanquam

68 2584 242 2616 personam
266 2571 391 2602 inducit
412 2582 548 2612 eamque
572 2570 716 2611 appellat
729 2572 828 2608 philo-

67 2619 206 2658 sopham.
249 2616 398 2647 Omnium
423 2615 554 2646 minime
580 2614 758 2656 probabilis
781 2620 830 2645 est

69 2662 200 2704 vulgata
217 2662 455 2701 philosophicas,
481 2670 663 2701 quanquam
685 2670 754 2689 eum
776 2665 826 2689 et-

69 2705 134 2737 iam
156 2706 297 2748 optimus
322 2704 394 2736 cod.
420 2706 452 2735 P.
479 2704 632 2735 exliil›et;
668 2714 742 2734 nam
766 2702 827 2734 ad—

68 2750 224 2782 iectivum
251 2751 480 2790 philosophicus
511 2759 575 2778 non
608 2747 709 2789 magis
741 2746 829 2789 apud

71 2794 208 2825 Latinos
230 2795 406 2836 scriptores
430 2793 461 2824 in
487 2804 542 2823 usu
566 2792 638 2828 fnit,
657 2804 753 2834 qnam
776 2803 829 2833 φι-

72 2837 250 2880 λοσοφικός
273 2839 359 2881 apud
385 2839 539 2874 Graecos,
566 2837 618 2879 qui
645 2836 703 2867 etsi
730 2834 829 2878 φιλό-

72 2893 174 2924 σοφος
199 2880 313 2925 λόγος,
351 2881 532 2925 φιλόσοφον
569 2880 773 2922 σύγγραμμα
796 2886 829 2911 et

71 2927 187 2959 similia
212 2927 344 2966 dicunt,
369 2933 478 2958 tamen
506 2936 668 2968 nunquam
693 2927 829 2966 φιλοσο-

813 899 856 940 Ιιι
886 915 960 954 qno
985 907 1169 954 quantum
1195 902 1336 941 ceteris
1356 901 1549 955 profuturi
1569 901 1621 941 si-

388 1023 411 1056 2
435 1024 488 1056 Sic
517 1024 666 1068 plerique
698 1025 815 1063 codd.‚
852 1024 951 1056 etiam
978 1025 1015 1056 R.
1038 1026 1073 1056 P.
1098 1025 1183 1056 Gud.
1203 1024 1232 1056 l.
1257 1026 1318 1062 II.;
1351 1024 1405 1056 alii
1438 1024 1618 1056 deteriores

703 1070 743 1102 V.
769 1070 810 1101 ad
834 1071 889 1101 Ill.
912 1069 976 1109 34,
1002 1067 1057 1103 83.
1104 1069 1125 1102 3
1151 1082 1180 1101 v.
1203 1070 1286 1101 Adn.

858 1146 959 1190 φικὸς
983 1145 1080 1190 λόγος
1096 1154 1158 1180 etc.
1196 1148 1276 1179 Cum
1300 1148 1463 1179 adiectivo
1480 1146 1620 1190 φιλόσο-

858 1203 931 1234 φος,
954 1194 1175 1232 philosophus,
1201 1193 1373 1224 contendit
1404 1195 1536 1224 Orellius
1559 1204 1617 1235 φ’.-

859 1236 1015 1279 λὸ).ογος,
1056 1239 1232 1277 philologus
1274 1239 1364 1280 (non
1400 1236 1619 1279 φιλολογικός,

856 1282 1103 1321 philoloyicus),
1137 1292 1242 1324 comp.
1270 1282 1312 1313 ad
1339 1286 1406 1313 Λα.
1430 1283 1532 1319 ΧΗῙ,
1557 1283 1618 1313 ¹29:

858 1338 957 1368 quum
982 1326 1072 1368 quasi
1097 1326 1174 1357 alias
1199 1338 1248 1357 res
1274 1338 1462 1368 quaererem
1488 1325 1529 1357 de
1549 1328 1620 1365 phi-

858 1373 965 1410 lologis
989 1371 1179 1413 [philoloya,
1203 1369 1245 1403 τὰ
1270 1369 1443 1413 φιλόλογα]
1473 1382 1490 1401 e
1516 1370 1620 1401 Nicia.

861 1415 986 1446 Primus
1001 1415 1192 1445 Lactantius
1216 1416 1287 1445 Div.
1305 1415 1410 1445 lnstit.
1429 1416 1484 1445 lll.
1507 1413 1554 1451 14,
1574 1414 1621 1445 19.

862 1470 956 1490 ausus
979 1465 1027 1489 est
1052 1459 1159 1490 dicere
1179 1461 1397 1498 philosophice.
1445 1459 1529 1488 Nam
1553 1457 1621 1489 Cic.

863 1503 961 1534 Acnd.
982 1505 1002 1533 l.
1020 1506 1053 1543 ⁴2,
1076 1508 1106 1534 ³5.
1134 1504 1295 1545 scriptura
1315 1505 1520 1542 philosophice
1545 1505 1621 1534 scri-

862 1550 928 1580 bere
953 1554 1001 1578 est
1026 1554 1190 1589 corrupta.
1227 1548 1414 1589 Scripturae
1434 1548 1622 1586 philosophi-

862 1603 933 1632 cas,
956 1594 1156 1632 philosophas
1180 1592 1249 1623 sine
1272 1592 1371 1623 dnbio
1395 1604 1433 1623 ex
1457 1603 1496 1622 eo
1517 1590 1622 1632 origi—

861 1648 935 1668 nem
959 1648 1048 1667 suum
1069 1637 1252 1675 (luxerunt,
1290 1637 1379 1679 quod
1402 1636 1621 1678 imperitiores

861 1681 994 1718 librarii,
1021 1693 1096 1712 vera
1118 1693 1156 1712 ac
1179 1682 1311 1723 propriu
1333 1681 1364 1712 vi
1385 1680 1525 1711 nominis
1547 1682 1622 1711 scri-

860 1728 978 1765 ptiones
1011 1737 1076 1755 non
1108 1733 1286 1768 percepta,
1328 1725 1360 1755 id
1395 1736 1455 1766 pro
1489 1727 1622 1763 scriptis,

861 1772 946 1801 libris
979 1777 1196 1812 acceperunt3
1233 1781 1338 1812 neque
1368 1769 1479 1809 negari
1513 1774 1622 1810 potest

862 1814 1033 1845 durissime
1056 1814 1179 1845 dictum
1202 1814 1301 1845 fuisse
1318 1814 1529 1852 philosophiae
1545 1814 1622 1843 scri-

859 1863 926 1898 pia,
951 1861 1032 1897 libri,
1056 1858 1154 1900 idque
1177 1858 1272 1900 plane
1295 1858 1471 1889 abliorrere
1497 1869 1514 1887 a
1539 1867 1619 1887 con-

861 1903 1034 1934 suetudine
1048 1903 1225 1938 Ciceronis,
1243 1902 1296 1944 qui
1310 1903 1419 1933 (licere
1438 1902 1523 1932 solet
1540 1903 1621 1939 libri,

862 1950 914 1987 qui
938 1952 1007 1978 sunl
1030 1949 1067 1979 de
1086 1950 1281 1987 philosophia
1309 1947 1359 1977 vet
1389 1946 1486 1977 simili
1509 1945 1620 1982 morto,

862 2003 1045 2034 quanquam
1080 1992 1200 2023 Plinius
1239 2003 1269 2032 xa
1301 1991 1437 2021 Klotzio
1469 1990 1499 2020 in
1536 1988 1619 2020 Add.

862 2048 893 2078 p.
908 2040 983 2069 ⁴305».
1006 2037 1135 2075 allatus)
1173 2037 1213 2066 H.
1242 2038 1281 2067 N.
1305 2037 1408 2072 Xlll,
1432 2035 1486 2065 2²7.
1518 2034 1618 2064 dicit:

863 2081 918 2119 „in
952 2081 1000 2112 his
1026 2080 1116 2111 libris
1147 2084 1261 2120 scripta
1291 2087 1382 2111 erum
1411 2080 1622 2119 philosophiae

861 2127 1096 2165 Pylhayoricue.
1156 2126 1282 2167 Eosque
1317 2124 1505 2155 combustos
1537 2135 1553 2153 a
1581 2124 1621 2160 Q.

861 2169 978 2201 Petilio
1001 2176 1164 2212 praetore,
1183 2170 1255 2211 quia
1277 2170 1488 2208 philosophiae
1507 2170 1623 2206 scripta

862 2220 1015 2247 essentz·‘
1058 2214 1115 2245 sed
1148 2214 1229 2244 haec
1257 2213 1451 2254 significatio
1481 2212 1520 2242 nb
1557 2211 1622 2241 hoc

862 2259 937 2290 loco
969 2259 1064 2300 plane
1099 2258 1203 2288 aliena
1238 2264 1309 2291 θεὶς
1354 2268 1428 2287 nam
1458 2255 1520 2286 dici
1554 2265 1620 2285 non

862 2310 992 2345 potest:
1020 2305 1146 2341 impulsi
1169 2312 1275 2333 sumus
1299 2303 1340 2331 ad
1365 2303 1468 2336 libros,
1491 2299 1548 2330 sed
1568 2298 1621 2328 ‹li-

864 2347 1001 2377 cendum
1033 2353 1101 2377 erut
1130 2346 1171 2376 ad
1199 2347 1372 2377 scribendos
1396 2347 1498 2376 libros.
1549 2342 1621 2374 Vim

864 2391 1001 2421 nominis
1050 2393 1228 2429 scripliones
1261 2389 1425 2420 verissime
1461 2387 1623 2419 intellexit

863 2438 1011 2466 klotzius.
1024 2446 1119 2476 quum
1133 2436 1342 2473 philosophiae
1356 2436 1532 2472 scripliones
1547 2443 1623 2462 ver-

864 2480 903 2510 tit
918 2482 966 2510 die
984 2481 1186 2518 schrifllicheu
1200 2480 1475 2518 lieschr'isliyunqen
1496 2480 1548 2508 mii
1569 2478 1624 2507 der

863 2525 1067 2562 Philosophie.
1118 2523 1171 2553 Uti
1198 2523 1344 2553 Ciceroni
1377 2522 1494 2553 dicitur
1522 2523 1621 2560 philo-

863 2570 988 2607 sophiae
1013 2570 1174 2605 tractatio,
1210 2567 1254 2598 itu
1280 2567 1348 2609 pari
1372 2567 1440 2598 iure
1464 2566 1491 2596 ei
1514 2566 1622 2596 (licere

865 2612 955 2642 licuit
973 2614 1185 2651 philosophiae
1205 2614 1393 2651 scriptiones,
1417 2611 1544 2641 ratione
1560 2610 1622 2640 ha—

865 2656 932 2687 bita
958 2656 1120 2687 variorum
1147 2655 1375 2698 philosophiae
1405 2660 1620 2696 argumento—

864 2712 934 2732 rum
960 2700 1134 2732 scribcndo
1160 2700 1210 2731 vel
1233 2700 1349 2732 litteris
1376 2697 1618 2742 persequendo-

865 2756 945 2776 rum.

930 2791 1085 2829 profuturi
1107 2789 1216 2831 simus]
1243 2789 1296 2820 Sic
1317 2790 1391 2819 Ern.
1418 2799 1434 2816 ι·
1460 2785 1543 2816 coni.
1564 2786 1620 2817 W.

865 2840 898 2865 et
923 2835 976 2864 Or.
1004 2845 1030 2865 c.
1056 2833 1154 2865 codd.
1174 2835 1264 2865 Mon.
1282 2836 1311 2864 ζ’.
1344 2831 1451 2862 Duisb.
1473 2828 1622 2860 Beroaldi

864 2877 970 2921 aliqua
991 2878 1042 2909 ed.
1062 2890 1113 2920 ap.
1128 2879 1284 2909 Garaton.
1303 2875 1344 2906 nd
1368 2875 1480 2905 Milon.
1505 2886 1535 2915 p.
1550 2874 1621 2905 1:52.

866 2922 1018 2966 (Bonon.)
1046 2922 1184 2954 Iuntina.
1210 2923 1249 2953 L.
1286 2922 1408 2951 Contra
1432 2918 1528 2950 codd.
1542 2917 1618 2950 reli-
