1832 3137
1542 106 1616 150 291

60 189 132 231 sibi
148 195 318 240 constet,
345 203 458 243 quum
479 202 526 230 ca
545 190 630 244 lego.
656 192 888 232 frumentum
912 200 1031 247 petat,
1058 207 1169 248 quam
1189 194 1431 235 dissuaserit.
1499 195 1618 245 „No-

58 261 147 313 tim,
182 263 327 317 inquit,
372 276 456 303 mea
480 262 603 315 bona,
645 264 845 316 Graccho,
893 266 958 306 tibi
985 267 1125 307 viritim
1151 267 1324 308 dividere
1355 268 1494 320 libeu13
1530 270 1613 320 sed.

619 106 803 146 μΙΛΒΕΒ
832 114 886 146 in.
909 111 972 154 21,
998 114 1049 147 50.

56 335 90 376 si
108 336 250 386 facias,
286 343 434 390 partem
453 341 633 391 petam.“
696 336 890 378 Parumne
918 340 1131 380 declaravit
1150 341 1211 381 vir
1228 341 1360 395 gravis
1381 348 1421 381 et
1441 343 1613 396 sapiens,

55 409 141 462 lege
180 407 411 465 Sempronia
454 411 724 464 patrimonium
765 411 955 466 publicum
993 413 1203 468 dissipari?
1264 413 1374 469 Lege
1414 415 1614 456 orationes

55 480 248 533 Gracclii3
282 491 484 538 patronum
512 485 653 524 aerarii
679 499 765 525 esse
789 485 909 525 dices·
973 491 1040 526 49.
1074 486 1206 541 Negat
1228 487 1422 543 Epicurus
1450 489 1614 541 iucundo

52 570 168 611 posse
190 557 293 608 vivi,
339 557 412 597 nisi
438 571 522 598 cum
554 558 697 598 virtute
720 558 899 608 vivatur,
947 565 1065 611 negat
1089 560 1202 600 ullam
1232 561 1268 600 in
1296 563 1511 616 sapientem
1536 562 1612 603 vim

53 643 140 670 esse
162 632 357 681 fortunae,
393 638 546 672 tenuem
571 632 714 672 victum
735 632 904 671 antefert
922 632 1098 686 copioso,
1134 642 1250 686 negat
1269 635 1383 675 ullum
1407 650 1495 676 esse
1519 643 1614 676 tem-

51 717 144 758 pus,
179 719 254 758 quo
274 704 429 759 sapiens
452 719 528 744 non
552 704 689 744 beatus
713 705 777 744 sit.
841 702 983 745 Omnia
1012 703 1239 761 philosopho
1262 707 1399 760 digna,
1435 709 1502 748 sed
1527 723 1611 749 cum

48 778 247 832 voluptate
269 778 496 832 pugnantia.
525 801 580 807 —
610 776 703 817 Non
730 777 840 817 istam
863 777 953 817 dicit
974 778 1226 833 voluptatem.
1260 804 1309 808 —
1343 779 1459 820 Dicat
1481 795 1614 835 quam-

52 850 170 901 libete,
217 865 354 905 nempe
383 864 466 891 eam
498 851 611 901 (licit,
656 851 692 890 in
722 865 795 905 qua
829 851 985 892 virtutis
1011 852 1113 892 nulla
1144 866 1233 907 pars
1258 853 1362 894 insit.
1426 853 1536 908 Age⁷
1581 856 1612 895 si

48 925 280 978 voluptatem
308 939 383 964 non
404 924 676 978 intelligimus,
721 938 768 964 ne
801 925 973 965 dolorem
1006 926 1186 979 quidem?
1243 925 1360 981 Nego
1387 927 1505 981 igitur
1529 929 1612 969 eius

48 1012 160 1048 esse,
205 998 269 1052 qui
300 998 434 1038 dolore
470 1012 660 1038 summum
695 998 836 1038 malum
864 999 1068 1049 metiatur,
1111 1000 1346 1040 mentionem
1375 1002 1505 1041 l'acere
1533 1002 1611 1041 vir-

48 1072 155 1113 tutis.

47 1219 190 1259 nullum
202 1233 338 1272 ,genus
362 1226 422 1259 est
446 1219 571 1258 minus
597 1218 830 1258 malitiosum
846 1220 874 1271 ‚)
911 1233 971 1258 me
995 1220 1170 1273 studiose
1195 1220 1326 1260 dicere
1352 1228 1488 1261 contra
1515 1220 1609 1276 Epi-

1508 1293 1606 1334 Mihi

45 1380 235 1406 summum
256 1365 294 1405 in
316 1365 445 1405 animo
465 1366 606 1404 bonum
632 1364 808 1415 videtur,
842 1365 896 1404 illi
918 1373 1048 1405 autem
1073 1366 1108 1405 in
1131 1381 1318 1420 corpore3
1354 1368 1443 1406 mihi
1470 1368 1506 1407 in
1527 1368 1607 1409 vir-

347 1152 414 1187 50.
449 1144 502 1184 Et
527 1151 741 1199 queruntur
766 1144 948 1198 quidem¹
981 1145 1181 1200 Epicurei,
1216 1147 1288 1187 viri
1315 1147 1470 1201 optimi⁷
1506 1149 1608 1202 (nam

46 1286 196 1333 curtim.
261 1291 335 1342 lia,
363 1292 502 1341 credo,
549 1291 594 1331 tle
615 1291 763 1331 honore
783 1299 849 1331 aut
878 1292 923 1332 de
948 1293 1135 1346 dignitate
1162 1294 1446 1334 contendimus.

133 1502 233 1532 XXI.
285 1500 299 1532 1
328 1500 381 1532 Sic
408 1502 462 1531 Or.
490 1512 516 1532 c.
540 1499 650 1531 multis
676 1499 791 1538 codd.‚
830 1499 928 1531 etiam
962 1500 997 1532 R.
1023 1501 1055 1532 P.
1082 1500 1168 1532 Gud.
1196 1500 1224 1532 1.
1253 1502 1291 1532 H.
1317 1500 1368 1538 b.;
1404 1503 1460 1533 Tr.
1488 1513 1514 1534 c.
1537 1502 1607 1534 aliis

44 1546 139 1578 codd.
162 1547 301 1587 quidam.
350 1545 455 1576 Male:
483 1557 542 1588 per
563 1557 597 1576 se
624 1545 711 1576 enim
736 1551 840 1588 patet,
872 1545 1062 1577 Ciceronem
1082 1557 1147 1577 non
1171 1557 1284 1577 omnes
1303 1546 1504 1578 intellexisse
1528 1547 1606 1591 Epi-

44 1603 179 1633 cureos,
204 1591 263 1622 sed
288 1592 474 1630 Romanos,
502 1590 549 1621 uti
570 1597 660 1622 recte
686 1597 800 1622 monet
824 1590 880 1622 Kl.
904 1590 936 1622 in
966 1591 1050 1622 Add.
1075 1603 1106 1634 p.
1131 1588 1205 1622 139.

843 1669 876 1699 Si
902 1676 1066 1701 certamen
1099 1676 1185 1701 esset
1214 1669 1255 1700 de
1288 1670 1415 1703 honore
1442 1671 1551 1715 aliquo
1573 1672 1606 1704 in

844 1714 976 1745 civitate
999 1715 1219 1757 capessendo,
1254 1716 1396 1758 suspicio
1421 1717 1527 1755 foret,
1553 1729 1606 1749 me

842 1758 1026 1790 iracundius
1060 1760 1092 1790 in
1124 1760 1188 1790 linc
1220 1761 1399 1792 certamine
1421 1774 1536 1803 agere3
1571 1763 1604 1794 in

45 1670 118 1702 125.
135 1677 184 1702 ,εἰ
209 1672 340 1702 Ellendt.
374 1669 406 1700 in
432 1669 583 1711 Prolegg.
608 1669 649 1700 ad
676 1669 707 1700 h.
733 1669 806 1701 libr.

41 1727 74 1758 p.
95 1716 256 1747 XXXIX
273 1727 344 1758 sqq.
386 1716 433 1745 Ex
459 1714 492 1746 C.
516 1714 654 1745 Gracchi
679 1715 808 1745 oratio-

42 1760 135 1792 nibus
158 1760 314 1791 nonnulla
340 1759 432 1791 nobis
455 1766 583 1791 servata
605 1766 680 1790 sunt
713 1760 808 1801 frag-

41 1813 150 1837 menta
174 1817 192 1837 a
220 1805 386 1837 Ciceronis
413 1805 630 1836 Ambrosiano
662 1804 805 1836 scholia-

41 1858 101 1883 sta.
126 1852 164 1881 V.
181 1862 262 1893 quae
276 1853 376 1883 Klotz.
392 1850 504 1882 laudat
517 1849 632 1881 Meieri
646 1850 806 1892 Fragmm.

41 1903 210 1928 oratorum
234 1897 272 1928 R.

106 1944 330 1981 patrimonium
350 1942 522 1981 publicum]
550 1939 626 1971 Scil.
646 1940 804 1970 aerarium

41 1998 60 2018 a
78 1987 225 2030 patribus
248 1993 303 2017 aut
331 1985 509 2016 maioribus
537 1991 719 2027 acceptum.
771 1985 805 2015 C.

42 2043 73 2073 p.
99 2031 229 2063 Caecin.
252 2031 314 2068 26,
341 2031 401 2063 75:
440 2042 497 2068 ea,
524 2042 606 2072 quae
629 2042 647 2061 a
669 2029 806 2061 maiori—

42 2077 100 2107 bus
131 2075 303 2118 aecnpistis
332 2077 457 2115 publica
487 2077 678 2115 patrimonia
709 2074 804 2106 iuris:

42 2121 95 2152 ubi
120 2133 149 2152 v.
177 2123 302 2154 Jordan.
328 2133 359 2163 p.
380 2120 445 2152 '356
462 2132 510 2163 sq.

111 2168 137 2209 ᾖ.
155 2166 209 2198 49.
245 2167 366 2207 nempe]
395 2165 435 2196 H.
460 2177 486 2197 e.
514 2171 625 2206 certe,
663 2165 721 2196 Gr.
745 2163 807 2206 δῆ-

40 2223 113 2253 tou,
138 2213 216 2243 doch
235 2213 306 2250 wel,
330 2212 412 2242 nicht
430 2213 519 2242 wahr
531 2213 545 2242 ?
572 2221 604 2243 er
618 2213 713 2242 meint
729 2212 806 2242 doch

40 2259 177 2297 offenbar
199 2258 268 2287 —?
313 2258 397 2287 luest
419 2255 524 2287 irrisio
548 2255 717 2297 quaedam.
767 2256 804 2287 V.

41 2304 238 2342 Harittnyum
255 2301 385 2333 Griech.
399 2301 519 2332 Partik.
537 2302 576 2332 T.
593 2302 615 2331 1.
634 2312 663 2343 p.
679 2299 744 2332 490
754 2311 802 2343 sq.

41 2353 74 2377 et
105 2358 163 2377 nos
189 2347 219 2376 in
247 2347 303 2377 Gr.
332 2348 368 2377 L.
393 2346 520 2387 §.13¹ss
545 2346 585 2386 c).
622 2352 654 2376 et
685 2345 718 2376 in
744 2346 800 2376 Gr.

41 2392 99 2422 Gr.
118 2393 157 2422 Τ.
174 2392 211 2420 ll.
236 2391 447 2434 §.69'3.extr.
473 2391 543 2431 gGr.
558 2390 662 2422 schol.
687 2390 802 2431 §.315‚

40 2436 99 2477 ·.².).
149 2435 193 2465 Cf
228 2436 270 2466 ad
296 2436 317 2466 Ι.
342 2436 404 2473 21,
431 2434 484 2466 4⁸.
510 2441 542 2465 et
566 2436 605 2466 V.
630 2435 670 2471 ἴ),
701 2437 746 2465 1¹2.

109 2483 193 2520 2190,
227 2482 267 2521 si]
308 2480 394 2516 Fac,
431 2490 491 2509 nos
515 2490 581 2510 non
605 2478 801 2519 intelligere,

42 2525 119 2568 quid
147 2525 302 2567 Epicurus
328 2536 444 2555 nomen
475 2526 643 2563 voluplatis
665 2523 804 2565 intelligi

36 2571 122 2602 *velit
145 2571 247 2613 (quod
266 2581 364 2613 saepe
383 2569 577 2600 adversariis
600 2568 802 2608 obiit-ichen),

42 2626 151 2647 nonne
184 2615 230 2646 vis
266 2627 304 2646 ac
334 2621 481 2657 potestas
516 2613 656 2644 nominis
691 2614 805 2644 doloris

42 2660 171 2703 liquet?
203 2662 310 2700 Quum
332 2672 410 2702 ergo
430 2659 530 2697 dicat,
552 2669 711 2690 summum
731 2669 804 2689 ma-

42 2705 110 2736 lnm
131 2717 201 2737 esse
224 2705 394 2744 dolorem,
429 2704 506 2736 inde
538 2703 735 2735 concludere
760 2702 804 2733 li-

44 2756 113 2788 cet,
140 2750 169 2781 ei
191 2762 351 2782 summum
374 2750 497 2782 bonum
521 2749 623 2780 videri
647 2748 804 2790 volupta—

42 2801 110 2826 tem
134 2802 167 2826 et
190 2807 255 2827 non
282 2795 447 2827 virtutem.
496 2797 632 2827 Neidius.

112 2839 189 2870 cip.
212 2841 309 2872 XXI.
337 2842 364 2879 δ.
382 2842 434 2872 50.
484 2842 521 2871 Et
545 2842 714 2879 queramur
737 2840 804 2877 qui-

39 2883 124 2926 dem]
152 2877 507 2928 Queruntuprieurei
533 2883 698 2927 (Romani)
714 2908 720 2919 ,
748 2883 800 2913 in-

39 2929 128 2971 quit,
154 2940 204 2960 me
226 2929 371 2961 studiose
397 2928 710 2972 [lei(lcnschastlicl1‚
736 2930 801 2959 ira-

35 2975 133 3006 cande
165 2974 191 3016 §-
213 2974 284 3017 51.]
323 2981 438 3007 contra
471 2974 646 3018 Epicurum
676 2973 798 3005 dicere.

841 1804 903 1835 hac
922 1816 1000 1836 vero
1022 1811 1134 1836 nostra
1153 1805 1377 1846 disputatione
1397 1818 1509 1838 omnes
1532 1808 1604 1838 ani-

841 1850 884 1880 mi
910 1856 1016 1880 motus
1041 1849 1136 1880 silere
1161 1849 1346 1887 debebunt3
1382 1852 1489 1893 agitur
1518 1852 1605 1883 enim

841 1894 882 1925 de
916 1905 1042 1925 summo
1078 1894 1166 1926 bono
1200 1906 1238 1926 ac
1268 1894 1400 1926 virtute.
1454 1896 1605 1939 Epicurei

840 1945 967 1979 contra,
991 1939 1083 1981 quasi
1102 1939 1311 1971 iniustissime
1329 1953 1400 1972 cum
1420 1941 1458 1972 iis
1478 1948 1602 1984 agutur,

839 1995 935 2027 opem
968 1984 1146 2016 vicinorum
1180 1985 1378 2027 implorant,
1415 1998 1476 2018 nec
1509 1987 1604 2029 pauci

840 2029 1071 2067 inveniuntur,
1105 2029 1159 2072 qui
1186 2029 1301 2061 iniuria
1324 2042 1378 2061 eos
1403 2043 1421 2062 a
1442 2043 1493 2063 me
1517 2032 1603 2063 affe-

841 2081 912 2105 ctos
937 2086 1007 2105 esse
1034 2081 1163 2117 putent.
1214 2076 1282 2117 Ego
1311 2075 1390 2117 ipsis
1422 2077 1602 2108 concedam

839 2131 956 2162 meque
978 2119 1100 2151 victum
1132 2120 1256 2159 fatear,
1295 2120 1321 2151 si
1345 2121 1526 2153 rationibus
1551 2134 1603 2153 ine

842 2164 1050 2196 convincent,
1096 2167 1234 2197 Neidius.
1283 2167 1372 2198 Tota
1394 2166 1475 2198 haec
1498 2167 1603 2198 oratio

841 2210 938 2252 plena
961 2217 1011 2241 est
1032 2210 1137 2241 salsae
1158 2210 1327 2241 irrisionis.
1366 2211 1468 2242 Modo
1489 2219 1601 2243 atten—

841 2255 898 2286 das
922 2254 963 2285 ad
986 2254 1085 2286 haec:
1112 2258 1171 2286 viri
1194 2259 1312 2295 optimi.
1357 2258 1460 2297 Supra
1486 2258 1525 2287 [l.
1553 2258 1601 2293 15),

840 2298 901 2332 44:
932 2300 1031 2331 Venit
1052 2301 1208 2342 Epicurus
1222 2326 1229 2339 ,
1255 2301 1355 2331 homo
1378 2301 1510 2331 minime
1528 2313 1597 2332 ma-

839 2344 908 2382 lus,
936 2345 986 2375 vel
1011 2345 1117 2387 potius
1140 2347 1189 2376 vir
1210 2348 1352 2384 optimus.
1396 2347 1418 2376 Ι.
1440 2346 1478 2383 3,
1502 2344 1533 2377 6.
1561 2346 1601 2377 de

840 2389 1024 2432 Epicureis:
1058 2389 1098 2420 ab
1127 2392 1251 2428 optimis
1274 2389 1336 2419 illis
1357 2389 1487 2432 quidem
1515 2391 1600 2424 viris,

836 2434 893 2465 scd
911 2446 977 2465 non
997 2434 1075 2465 satis
1094 2434 1240 2465 cruditis.
1268 2434 1309 2464 ‹le
1327 2436 1379 2465 Or.
1399 2436 1452 2466 lll.
1472 2435 1520 2473 17,
1538 2436 1576 2468 (54
1594 2449 1598 2453 ·

837 2486 912 2510 sunt
934 2479 1020 2510 enim
1047 2479 1222 2521 (Epicurei)
1249 2481 1318 2510 boni
1340 2482 1400 2511 viri
1422 2486 1475 2515 et„
1514 2492 1597 2523 quo-

839 2524 924 2554 niam
950 2523 1009 2554 sibi
1032 2523 1077 2554 ita
1101 2522 1271 2562 videntur,
1299 2524 1396 2556 beati.
1445 2524 1494 2555 Cf.
1523 2528 1600 2557 Goe-

838 2579 919 2600 renz.
948 2568 990 2599 ad
1022 2569 1123 2609 Legg.
1151 2570 1174 2599 1.
1200 2568 1230 2607 7,
1253 2570 1305 2600 21.
1333 2581 1366 2611 p.
1386 2569 1429 2602 27
1450 2581 1498 2612 sq.
1548 2571 1600 2602 Sic

839 2624 936 2655 saepe
957 2611 1045 2654 apud
1064 2616 1180 2655 poetas
1200 2613 1343 2645 comicos
1364 2614 1484 2646 dicitnr
1505 2617 1601 2647 bonus

838 2660 898 2695 vir,
923 2664 958 2688 nt
979 2659 1056 2689 Ter.
1084 2657 1182 2689 Andr.
1209 2660 1262 2690 ΙΙΙ.
1285 2660 1323 2695 5,
1355 2661 1408 2691 10:
1445 2660 1597 2697 ehodum,

839 2704 913 2733 bone
933 2704 982 2733 vir
1006 2704 1077 2745 (bon
1098 2703 1252 2743 homme),
1277 2703 1354 2747 quid
1380 2704 1474 2745 agis?
1515 2705 1597 2736 lbid.

840 2748 879 2777 V.
905 2749 945 2785 2,
971 2748 1002 2779 5.
1049 2749 1151 2779 Porro
1173 2751 1276 2780 minus
1297 2752 1508 2789 maliliosum;
1530 2761 1598 2781 ma-

838 2794 957 2823 lutosus
979 2804 1077 2835 saepe
1098 2793 1186 2824 idem
1210 2794 1281 2825 fere
1304 2795 1483 2836 significat,
1509 2794 1598 2837 quod

838 2839 992 2877 callidus,
1015 2840 1122 2878 vafer:
1158 2850 1230 2870 cum
1254 2840 1369 2881 quibus
1394 2839 1498 2870 verbis
1522 2850 1597 2870 sae-

840 2881 909 2924 pius
932 2882 1139 2914 coniunctum
1163 2884 1292 2926 legitur.
1332 2886 1369 2914 V.
1395 2885 1483 2915 locus
1507 2883 1597 2914 exci—

838 2933 924 2958 tatos
936 2927 968 2958 in
981 2929 1103 2960 Schmz.
1118 2930 1197 2959 Lex.
1213 2929 1359 2960 Cim-ron.
1375 2929 1403 2959 h.
1420 2940 1445 2959 ν.
1475 2928 1598 2959 Deinde

837 2971 879 3004 de
903 2974 993 3005 credo
1017 2985 1048 3004 v.
1072 2973 1114 3005 ad
1142 2975 1162 3006 1.
1188 2976 1248 3009 ’λ’έ,
1276 2975 1330 3004 52.

1171 3023 1217 3057 19
1243 3018 1264 3040 *
