1863 3221
217 120 299 162 230
791 123 959 155 menn
984 124 1026 156 11.
1047 122 1112 161 21,
1138 123 1191 155 50.

217 206 404 259 Intelligit
426 210 539 260 poeta
560 204 746 259 prudens,
779 201 929 242 ferendi
952 201 1097 242 doloris
1121 201 1439 241 consuetudinem
1464 214 1552 241 esse
1578 215 1654 240 non
1679 214 1772 240 cou-

220 279 460 320 temnendam
494 277 732 330 magistram.
802 281 870 316 50.
912 274 1042 329 Atque
1073 274 1138 314 ille
1170 288 1246 314 non
1278 273 1530 314 immoderate
1562 286 1703 328 magno
1736 273 1771 313 iu

221 353 377 393 dolore:

386 425 571 470 Retz‘lzete,
608 425 748 470 seneve,
782 423 994 474 opprimiffl
1030 423 1150 460 zclcz'ts.

385 499 560 543 Nudc'zte,
595 498 666 534 laen
695 499 873 534 miserum
903 510 958 533 me
976 498 988 521 ¹
1007 498 1021 532 Ι
1053 497 1270 533 excrucior.

223 569 362 625 Incipit
389 569 489 610 labi:
524 569 661 609 deinde
692 568 818 609 ilico²
849 568 1012 608 desinit:

387 667 443 673 —
475 646 649 694 0perite,
683 643 890 689 abscedite,
925 645 1002 680 z'c'on
1034 644 1105 679 iam

388 718 534 755 Mittite
551 718 600 754 3!
630 730 714 754 mzm
744 718 948 754 attrectatu
979 717 1017 752 bt
1045 717 1181 766 quassu

451 792 604 828 Saevom
635 790 880 840 amplgstec'clzls·
909 791 1087 827 dolorem.

223 862 411 912 Videsne,
440 867 481 901 ut
502 861 737 902 obmutuerit
754 875 830 901 non
848 861 1004 901 sedatus
1022 860 1212 914 eorporiS‚
1243 860 1310 899 sed
1335 860 1545 914 castigatus
1569 861 1683 900 animi
1710 861 1776 901 (Ιο-

223 936 306 975 lor?
351 932 484 987 Itaque
503 933 541 973 in
563 934 752 974 extremis
768 933 921 988 Niptris
945 934 1041 973 alios
1059 946 1210 986 quoque
1228 933 1421 987 obiurgat,
1448 933 1560 987 idque
1580 934 1772 973 moriens:

391 1010 582 1059 Conqzcem‘
595 1009 796 1060 sortz'zmzm
823 1009 1042 1052 advorsum,
1077 1009 1150 1044 nou
1182 1008 1382 1044 lamentari
1413 1009 1528 1044 decet.

387 1066 434 1119 I‘d
461 1083 538 1119 viri
562 1087 620 1117 esl·
646 1080 841 1133 officinm,-
864 1081 984 1131 fletus

1014 1079 1191 1116 muliebre·
1217 1081 1366 1128 &agento
1399 1081 1551 1116 Additus
1566 1080 1603 1116 4.

221 1152 347 1193 Huius
371 1153 487 1193 animi
514 1166 602 1206 pars
627 1151 691 1191 illa
719 1150 872 1190 mollior
897 1150 1035 1190 rationi
1060 1150 1115 1190 sic
1141 1150 1282 1205 paruit,
1316 1157 1358 1190 ut
1384 1165 1525 1191 severo
1551 1150 1773 1206 imperatori

221 1226 332 1266 miles
364 1227 511 1281 pudens
525 1228 562 1265 5.

309 1325 331 1359 9
356 1327 409 1359 Sic
433 1329 487 1358 Or.
512 1339 539 1358 c.
566 1326 670 1357 Marb.
694 1335 753 1368 pro
776 1324 863 1367 vulg.
886 1326 1060 1365 opprimite,
1084 1324 1171 1367 quod
1196 1324 1295 1356 etiam
1315 1324 1348 1356 in
1369 1324 1501 1368 optimis
1525 1324 1564 1357 R.
1589 1326 1623 1357 P.
1643 1325 1727 1357 Gud.
1745 1326 1773 1357 1.

222 1379 284 1405 etc.
307 1379 377 1413 est,
412 1378 525 1404 natum
548 1371 618 1402 sine
642 1370 743 1401 dubio
776 1381 815 1400 ex
837 1369 1107 1400 antecedentibus
1140 1369 1353 1411 imperativis.

1415 1370 1428 1400 1
1460 1369 1564 1400 Bentl.
1586 1381 1604 1400 e
1630 1371 1714 1401 coni.
1741 1378 1774 1401 et

220 1417 318 1448 Vind.
336 1417 364 1448 1.
391 1417 503 1448 Duisb.
525 1418 581 1447 heu
606 1425 653 1447 me
675 1417 833 1446 miserum.
856 1413 912 1445 Kl.
933 1413 980 1445 sic
1000 1413 1167 1445 distinxit:
1193 1416 1335 1453 Nudate,
1359 1416 1438 1445 heu!
1463 1417 1608 1445 miserum
1630 1425 1696 1446 me:
1722 1425 1774 1447 ex-

220 1464 360 1494 crucior:
395 1461 484 1504 quod
515 1460 594 1491 mihi
615 1459 784 1502 displicet3
821 1458 863 1489 ad
884 1460 999 1490 nudate

1021 1458 1118 1489 facile
1140 1458 1284 1501 suppleri
1310 1466 1421 1501 potest
1443 1469 1499 1490 me.
1560 1458 1581 1489 2
1605 1459 1658 1491 Sic
1678 1461 1714 1490 lt.
1739 1462 1772 1491 P.

225 1506 311 1538 Gutl.
334 1505 363 1537 1.
390 1507 452 1543 ll.;
476 1508 558 1537 illico
582 1507 635 1538 Or.
660 1516 686 1536 c.
712 1503 798 1545 vulg.
845 1502 867 1535 3
893 1503 1051 1534 Nonnulli
1075 1503 1256 1535 deteriores
1280 1503 1377 1535 codd.
1399 1511 1430 1534 et
1451 1503 1572 1534 multae
1593 1503 1669 1534 edd.
1694 1511 1774 1536 vett.

210 1553 381 1592 dimittite,
416 1557 451 1581 ut
476 1550 626 1588 videtur,
661 1548 701 1580 ad
727 1547 957 1591 complendum
983 1560 1129 1585 versum3
1163 1548 1215 1579 Ll.
1241 1548 1272 1579 in
1299 1548 1381 1579 Add.
1408 1560 1439 1590 p.
1466 1548 1537 1579 104.
1570 1555 1646 1590 post
1669 1552 1777 1581 mittite

221 1607 372 1638 prouom.
394 1606 450 1627 nos
472 1602 527 1626 aut
547 1605 594 1627 me
618 1593 776 1625 excidisse
797 1599 902 1635 putat.
947 1594 969 1624 4
994 1595 1048 1624 Or.
1067 1605 1093 1624 c.
1107 1594 1145 1625 D.
1169 1595 1329 1632 additum,-
1353 1599 1387 1624 at
1411 1597 1453 1624 est
1480 1604 1518 1624 ex
1542 1593 1775 1625 antecedenti-

220 1641 280 1672 bus
302 1641 401 1672 facile
422 1646 534 1683 potest
558 1639 681 1671 iterari.

289 1708 317 1750 ξ.
334 1708 386 1739 50.
412 1709 556 1746 Retinere,
579 1707 686 1747 tenete]
709 1706 790 1737 Post
814 1704 979 1747 composi-

220 1758 291 1783 tum
310 1752 446 1783 verbum
467 1758 595 1783 veteres
616 1754 736 1793 poetae
751 1749 878 1791 saepius
898 1749 979 1780 sim-

219 1796 297 1839 plici
311 1802 456 1834 utuutur,
471 1802 504 1826 ut
518 1795 563 1826 vis
575 1795 660 1826 illius
672 1794 714 1826 ad
726 1795 789 1826 hoc
802 1795 976 1837 pertineat.

219 1843 358 1872 Klotzius
393 1847 569 1883 eomparat—
593 1840 704 1882 Eurip.
733 1839 847 1870 Bacch.
876 1838 978 1871 1003:

219 1887 385 1927 κατῆγεν,
409 1884 512 1927 ἦγεν,
543 1884 626 1927 η’γεν
650 1884 698 1922 εἰς
722 1883 823 1926 μέλαν
847 1883 955 1917 πέδον.

287 1932 537 1970 Operite—-iam
561 1930 640 1972 iam]
668 1929 814 1960 Alterum
831 1931 896 1960 iam
917 1928 977 1959 de—

217 1975 351 2006 lendum
372 1974 512 2013 videtur,
537 1974 582 2005 ita
606 1980 660 2013 ut,
686 1973 726 2005 ab
749 1973 845 2004 initio
866 1984 978 2004 versus

220 2019 321 2051 verbo
345 2022 457 2058 operite
479 2019 611 2057 iterato,
638 2029 749 2049 versus
774 2017 980 2049 numerosior

220 2064 391 2095 decurrat:

332 2108 474 2147 Operite,
498 2107 631 2146 operite,
657 2107 826 2145 abscedite,
851 2107 925 2137 idm.

289 2151 453 2194 Conqueri]
489 2153 571 2182 Sunt
604 2150 788 2182 tetrametri
823 2150 981 2181 trochaici

220 2196 412 2229 catalectici.

285 2243 387 2273 Huius
406 2240 518 2283 animi]
543 2240 584 2271 H.
602 2251 630 2271 e.
654 2239 760 2270 Ulixis
782 2238 892 2270 animi.
942 2241 981 2271 V.

220 2288 387 2319 Frolscher.
410 2285 452 2317 ad
473 2286 559 2316 Xen.
583 2284 718 2316 Hieron.
743 2286 773 2323 Ι,
800 2284 848 2315 lo.
876 2295 907 2326 p.
930 2286 978 2316 13».

286 2333 372 2362 miles
403 2331 544 2371 pudens]
585 2327 794 2371 ,,Αἶδη’μων,
831 2335 979 2359 metuens

220 2375 507 2418 reprehensionem
538 2381 635 2417 atque
655 2374 737 2405 iram
761 2374 978 2416 imperatoris.

220 2421 316 2450 Hanc
349 2419 581 2450 verecundiam
625 2418 780 2450 militibus
816 2419 977 2449 Homerus

220 2462 361 2505 iniungit
382 2464 420 2494 Il.
440 2476 467 2503 ν,
495 2465 573 2495 122:
599 2461 669 2497 ἀλλ’
692 2462 725 2496 ἐν
749 2462 850 2506 φρεσὶ
874 2462 978 2496 Βέσῗςε

220 2506 360 2544 ἕκαστος
396 2507 480 2541 αἰδῶ
515 2507 571 2541 καὶ
607 2508 749 2550 νέμεσιν.
796 2507 873 2538 Sall.
908 2509 974 2550 lug.

220 2552 251 2591 7,
270 2550 307 2583 4:
334 2552 438 2583 multo
454 2552 566 2583 labore
583 2554 750 2595 multaque.
766 2564 851 2591 cura,
878 2564 977 2595 prae—

218 2602 307 2628 terea
329 2598 558 2628 modestissume
580 2600 719 2636 parendo
742 2604 774 2628 et
795 2609 893 2640 saepe
914 2598 977 2629 ob—

219 2640 307 2672 viam
327 2640 434 2672 eundo
457 2640 608 2682 periculis
633 2642 664 2672 in
690 2649 814 2673 tautam
841 2642 977 2674 claritu—

219 2685 328 2717 dinem
360 2691 585 2726 pervene1·at.“
634 2688 814 2718 Gebhardus
837 2687 869 2718 in
896 2687 976 2719 Cre-

218 2730 317 2772 pund.
341 2731 396 2766 Ill,
421 2729 452 2762 ὃ.
482 2742 512 2771 p.
538 2729 605 2762 llO.
654 2731 686 2760 P.
712 2731 796 2762 Gud.
813 2732 839 2762 l.
864 2736 892 2772 (a
912 2743 977 2763 sec.

218 2775 275 2816 m.)
301 2775 339 2806 R.
366 2781 503 2806 correct.
536 2781 568 2804 et
594 2774 686 2804 multi
709 2775 804 2805 codd.
827 2776 976 2808 deterio-

218 2830 268 2850 res
289 2819 402 2862 legunt
422 2820 568 2859 prudens.
620 2819 667 2849 De
689 2830 750 2860 qua
773 2819 974 2862 frequentis-

217 2864 298 2896 sima
331 2865 363 2896 in
396 2863 491 2895 codd.
527 2862 768 2905 permutatione
793 2875 822 2895 v.
847 2867 971 2899 Jordan.

216 2909 256 2940 ud
281 2920 328 2941 or.
352 2920 383 2951 p.
406 2907 544 2939 Caecina
567 2909 628 2947 35,
656 2908 726 2939 102.
754 2918 785 2949 p.
806 2907 880 2939 295.

283 2954 359 2985 CAr.
380 2954 493 2985 XXII.
519 2956 545 2996 ᾗ,
561 2953 613 2985 51.
662 2955 725 2983 sive
745 2961 782 2984 ea
803 2953 898 2990 ratio}
932 2956 967 2985 In

728 1640 767 1670 V.
796 1640 871 1669 Wes.
898 1639 967 1669 Em.
991 1639 1030 1668 ll.
1056 1650 1088 1680 p.
1112 1635 1165 1669 45.
1213 1638 1233 1669 Ξ)
1258 1650 1289 1669 v.
1316 1637 1399 1669 Adn.

1013 1706 1077 1735 sive
1102 1704 1184 1735 haec
1212 1704 1293 1736 latet
1317 1704 1384 1736 vis:
1422 1707 1495 1736 oder
1515 1707 1665 1738 vielleicht
1688 1709 1724 1739 ist
1745 1717 1776 1738 es

1015 1751 1134 1789 besser,
1168 1759 1258 1781 wenn
1289 1751 1338 1780 ich
1366 1760 1450 1789 so9e.
1499 1750 1616 1782 Plene:
1653 1753 1716 1783 sive
1747 1751 1775 1782 is

1012 1793 1101 1835 ipse,
1136 1796 1199 1825 sive
1226 1797 1331 1833 potius
1353 1805 1389 1825 ea
1420 1795 1504 1826 ratio
1527 1801 1588 1826 etc.
1640 1796 1690 1828 Cf.
1716 1798 1774 1828 ΙΙΙ.

1017 1840 1069 1876 Ιὸ,
1086 1838 1139 1871 41.
1164 1838 1217 1877 21,
1236 1839 1289 1870 51.
1312 1845 1394 1870 extr.
1431 1840 1469 1871 V.
1493 1851 1553 1871 nos
1574 1840 1607 1871 in
1629 1841 1773 1872 Gramm.

1012 1884 1088 1914 Lat.
1115 1883 1240 1926 §.132
1266 1884 1298 1915 2.

1080 1939 1175 1968 quum
1199 1930 1261 1967 ipse
1285 1930 1401 1971 secum]
1435 1929 1475 1960 V.
1498 1929 1666 1962 Adnotata
1690 1930 1723 1962 in
1747 1932 1773 1962 Ι.

1013 1972 1076 2012 38,
1101 1974 1165 2005 9“.);
1192 1984 1258 2003 non
1283 1973 1383 2004 modo
1407 1976 1482 2013 ipse.

1095 2019 1124 2059 ξ.
1149 2019 1200 2049 52.
1251 2019 1454 2050 obversentur
1487 2021 1602 2059 species
1635 2021 1776 2052 honestae

1014 2064 1096 2103 viro]
1134 2062 1188 2093 Sic
1212 2074 1283 2093 cum
1307 2065 1457 2103 Treydero
1477 2064 1592 2106 scripsi
1621 2076 1638 2095 e
1660 2065 1775 2096 conie-

1017 2113 1107 2137 ctura
1131 2118 1191 2148 pro
1213 2107 1299 2148 vulg.
1324 2110 1357 2139 O.
1381 2118 1405 2139 s.
1425 2110 1453 2139 h.
1473 2111 1588 2140 animo.
1622 2109 1672 2140 Ad
1692 2121 1775 2141 con-

1016 2150 1174 2181 iecturam
1197 2158 1363 2193 receptam
1386 2152 1508 2184 ducunt
1533 2161 1646 2195 aperte
1675 2165 1775 2195 prae-

1017 2195 1209 2226 stantissimi
1233 2196 1350 2233 cod‹l.‚
1388 2196 1442 2238 qui
1465 2209 1525 2238 pro
1551 2200 1655 2229 animo
1679 2198 1774 2229 exhi—

1017 2239 1097 2270 bent
1128 2250 1220 2279 vero,-
1256 2252 1285 2270 v.
1312 2241 1349 2270 V.
1376 2242 1443 2271 Scr.
1504 2243 1569 2272 lam
1603 2244 1701 2274 Moser
1735 2254 1774 2274 ex

1015 2284 1076 2315 hac
1098 2285 1258 2326 scriptura
1290 2284 1378 2315 ulcus
1399 2285 1431 2316 in
1458 2285 1488 2317 h.
1513 2286 1533 2317 l.
1560 2286 1694 2318 haerere
1716 2299 1774 2318 su-

1014 2329 1158 2370 spicatus
1191 2335 1251 2360 est.
1301 2330 1407 2368 Quum
1438 2341 1514 2361 vera
1544 2331 1589 2361 vis
1622 2332 1773 2363 vocabuli

1012 2376 1079 2405 viro
1114 2385 1178 2405 non
1215 2381 1304 2405 recte
1340 2381 1424 2405 esset
1460 2382 1638 2418 percepta,
1676 2377 1774 2408 facile

1012 2418 1178 2449 abundare
1197 2418 1302 2450 videri
1324 2419 1433 2460 potuit
1454 2419 1485 2450 in
1510 2419 1641 2463 eiusque
1664 2421 1774 2453 locum

1012 2463 1164 2494 substitui
1187 2466 1311 2503 animo,
1336 2463 1382 2494 uti
1405 2463 1524 2506 legitur
1544 2476 1595 2507 ap.
1622 2465 1694 2496 Liv.
1717 2466 1770 2504 35,

1015 2509 1071 2540 11:
1101 2508 1266 2540 Caudinae
1284 2508 1383 2540 cladis
1407 2509 1561 2540 memoria
1578 2520 1643 2539 non
1660 2512 1774 2542 animis

1012 2553 1134 2591 modo,
1171 2553 1230 2584 sed
1265 2564 1369 2595 prope
1406 2553 1506 2584 oculis
1541 2556 1771 2588 obversabatur.

1013 2602 1056 2629 At
1078 2609 1157 2629 vero
1177 2597 1371 2629 vocabulum
1392 2599 1458 2629 viro
1481 2597 1512 2628 h.
1530 2597 1550 2629 l.
1576 2596 1772 2639 ἐμφατικῶς

1013 2642 1138 2674 dictum
1160 2649 1229 2674 est:
1263 2642 1352 2685 quod
1375 2641 1490 2672 suadet
1513 2652 1610 2683 quum
1634 2649 1770 2674 antece-

1013 2687 1093 2718 dens
1114 2698 1175 2719 non
1197 2690 1303 2726 virile,
1336 2693 1404 2717 tum
1426 2686 1528 2717 omnis
1551 2687 1678 2725 oratio,
1709 2700 1771 2730 qua

1012 2732 1120 2774 agitur
1153 2731 1193 2762 de
1225 2731 1380 2768 homine,
1415 2731 1448 2761 in
1482 2742 1545 2773 quo
1581 2737 1630 2762 est
1663 2735 1770 2773 virtus,

1012 2788 1093 2819 quac
1119 2788 1192 2807 eum
1217 2787 1282 2807 non
1307 2775 1431 2817 patitur
1455 2781 1550 2817 turpe
1584 2776 1767 2819 quicquam,

1010 2821 1208 2864 languidum,
1234 2831 1295 2851 non
1319 2820 1409 2851 virile
1431 2820 1549 2851 facere.
1595 2821 1716 2852 Eadem
1738 2822 1769 2852 vi

1008 2866 1072 2897 hoc
1095 2864 1286 2897 vocabulum
1312 2864 1431 2895 dicitur
1455 2866 1482 2904 ἦ.
1499 2865 1557 2897 53:
1585 2865 1767 2897 rusticanus

1008 2910 1077 2950 vir,
1105 2910 1162 2941 sed
1190 2909 1284 2952 plane
1306 2911 1363 2940 vir.
1388 2921 1414 2940 c.
1431 2907 1492 2945 24.
1519 2909 1577 2942 57:
1619 2910 1671 2942 vix
1696 2922 1768 2941 eum

1005 2958 1107 2986 virum
1140 2954 1288 2985 dixerim.
1337 2954 1376 2983 V.
1409 2952 1450 2984 ad
1478 2955 1530 2985 lV.
1560 2954 1619 2993 19,
1646 2952 1699 2987 43.
1730 2973 1768 2978 --
