1863 3221
222 96 307 140 460

220 199 304 227 rem
332 186 380 226 ob
401 186 438 226 id
462 186 586 240 ipsum
601 215 612 234 ,
646 182 733 236 quia
755 181 866 221 dolor
883 181 956 231 sit,
989 195 1145 235 semper
1167 194 1256 220 esse
1280 182 1525 235 fugiendum3
1558 184 1687 238 itaque
1710 184 1778 224 hac

805 102 969 136 LIBER
995 104 1032 136 V.
1057 100 1123 143 34,
1147 100 1202 136 97.

219 273 378 299 usurum
404 256 719 311 compensatione
753 253 993 308 sapientem,
1034 260 1075 293 ut
1101 256 1170 293 et⁵
1211 254 1446 308 voluptatem
1475 257 1618 310 fugiat,
1661 257 1692 297 si
1733 271 1778 297 ca

219 332 406 371 maiorem
433 330 604 370 dolorem
625 328 812 367 effectura
833 326 906 377 sit,
941 333 978 366 et
1000 326 1171 366 dolorem
1194 326 1380 381 suscipiat
1403 328 1589 368 maiorem
1612 329 1779 369 efficien-

221 413 297 443 tem
325 403 583 456 voluptatem,
627 400 833 453 omniaque
863 399 1054 448 iucunda,
1099 412 1314 452 quanquam
1342 413 1460 440 sensu
1485 401 1658 455 corporis
1684 401 1781 441 iudi-

220 483 379 524 centur,
413 475 458 513 ad
482 473 650 513 animum
679 472 816 512 referri
841 479 994 521 tamen,
1029 478 1097 512 96.
1133 471 1314 525 quocirca
1341 486 1480 527 corpus
1506 473 1675 527 gaudere
1704 480 1781 513 tam

219 548 304 597 diu,
349 548 435 586 dum
460 552 704 600 praesentem
739 543 935 585 sentiret6
963 545 1227 598 voluptatem,
1270 544 1438 584 animum
1465 552 1503 584 et
1536 552 1781 599 praesentem

217 619 420 673 percipere
450 618 596 672 pariter
621 632 706 657 cum
730 630 894 671 corpore
925 624 964 657 et
997 617 1221 671 prospicere
1252 617 1475 657 venientem
1509 631 1582 657 nec
1606 625 1780 672 praeter-

216 692 309 731 itam
347 691 626 746 praeterfluere
662 690 817 741 sinere,
863 689 914 730 ita
939 696 1145 744 perpetuas
1170 697 1208 730 et
1246 696 1454 730 contextas
1487 690 1708 745 voluptates
1742 690 1781 730 in

216 764 393 818 sapiente
421 765 504 803 fore
529 776 704 817 semper,
746 777 860 816 quum
891 763 1134 817 exspectatio
1158 769 1400 817 speratarum
1426 763 1664 817 voluptatum
1694 776 1780 818 per-

217 843 413 891 ceptarum
447 835 636 876 memoria
666 835 946 889 iungeretur-⁶.

325 907 534 948 XXXIV.
568 914 637 948 97.
665 908 796 961 Atque
819 907 905 947 his¹
935 907 1073 947 similia
1095 909 1140 948 ad
1162 908 1306 948 victum
1332 908 1446 948 etiam
1469 909 1774 959 transferuntur,

218 982 564 1033 extenuaturque2
590 979 874 1033 magnificentia
898 987 935 1019 et
955 987 1130 1033 sumptus
1154 980 1351 1034 epularum
1367 1011 1377 1030 ,
1411 981 1511 1034 quod
1534 995 1655 1034 parvo
1677 982 1780 1022 cultu

218 1047 357 1092 natura
395 1059 578 1092 contenta
601 1051 666 1092 sit.
728 1050 885 1091 Etenim
922 1052 1006 1105 quis
1032 1051 1104 1091 hoc
1136 1066 1214 1091 non
1247 1052 1377 1103 videt,
1422 1053 1626 1093 desideriis
1651 1054 1780 1094 omnia

216 1125 290 1165 ista
320 1124 467 1165 condiri
484 1126 531 1164 3?
579 1123 719 1164 Darius
740 1124 778 1163 in
805 1125 915 1177 fuga,
952 1139 1067 1178 quum
1092 1139 1228 1178 aquam
1252 1125 1443 1165 turbidam
1464 1133 1502 1165 et
1524 1126 1777 1167 cadaveribus

216 1197 455 1251 inquinatam
477 1197 661 1247 bibisset,
697 1197 854 1250 negavit
874 1212 1041 1251 unquam
1062 1212 1104 1238 se
1123 1198 1269 1238 bibisse
1286 1197 1506 1238 iucundius.
1567 1197 1779 1253 Nunquam

306 1309 328 1341 5
353 1310 407 1340 Sic
425 1309 525 1341 Vind.
543 1309 572 1341 1.
597 1310 700 1341 Rehd.
725 1309 811 1341 Gud.
832 1308 877 1347 2.,
904 1309 1087 1353 eodemque
1110 1309 1235 1341 ducunt
1256 1311 1293 1341 R.
1316 1311 1350 1342 P.
1377 1310 1463 1342 Gud.
1486 1309 1514 1341 1.
1536 1311 1577 1341 11.
1601 1321 1681 1341 unus
1706 1312 1778 1352 Ox,

215 1353 270 1396 qui
295 1354 418 1385 habent
441 1359 469 1386 et
490 1366 550 1397 pro
573 1359 606 1386 ut
626 1359 663 1394 et,
687 1354 832 1396 itemque
854 1354 919 1386 duo
934 1357 1014 1385 Oxx.
1038 1361 1071 1386 et
1093 1355 1184 1386 Mon.
1204 1354 1247 1392 l.,
1273 1355 1327 1397 qui
1347 1355 1470 1386 habent
1493 1358 1519 1386 et
1540 1358 1573 1385 ut
1595 1366 1655 1397 pro
1677 1359 1709 1387 ut
1731 1360 1779 1394 et‚·

217 1401 271 1430 Or.
298 1411 326 1430 c.
347 1399 433 1440 vulg.
456 1403 489 1430 ut
509 1399 580 1430 sine
604 1403 651 1439 et,
677 1398 735 1429 sed
756 1399 845 1429 idem
867 1398 987 1440 primus
1010 1399 1095 1431 coni.
1119 1403 1151 1430 ut
1174 1403 1212 1438 el,
1237 1399 1325 1441 quod
1346 1411 1430 1431 rece.
1453 1399 1528 1430 edd.
1550 1399 1620 1431 iure
1641 1411 1779 1442 recepe-

216 1449 304 1474 runt.
352 1444 392 1474 V.
415 1442 500 1473 Adn.
549 1440 570 1473 6
595 1455 624 1474 ν.
649 1443 734 1474 Adn.
794 1444 957 1475 XXXIV.
997 1443 1011 1474 1
1040 1445 1131 1475 Mon.
1156 1442 1188 1474 2.
1214 1449 1246 1474 et
1273 1455 1385 1474 omnes
1423 1444 1491 1475 fere
1516 1443 1591 1475 edd.
1614 1450 1697 1475 vett.
1720 1447 1778 1484 iis,·

217 1486 324 1525 male;
349 1499 380 1518 v.
401 1486 443 1517 ad
468 1489 490 1518 1.
515 1486 548 1525 3,
573 1488 592 1518 5
651 1486 672 1518 2
697 1487 750 1518 Sic
773 1488 811 1518 R.
838 1488 871 1519 P.
894 1494 961 1518 tres
985 1490 1065 1519 Oxx.
1091 1487 1194 1519 Rehd.
1221 1488 1305 1519 Gud.
1329 1487 1360 1519 2.
1382 1489 1473 1519 Mon.
1489 1487 1520 1519 2.
1542 1494 1575 1519 et
1598 1488 1672 1521 edd.
1696 1495 1778 1520 vett.

217 1533 251 1563 S.
279 1532 334 1569 E.;
361 1531 446 1562 Gud.
471 1533 509 1563 ll.
534 1539 566 1563 et
588 1543 668 1562 unus
691 1534 750 1562 Ox.
775 1536 957 1564 extenuatur
982 1533 1100 1563 omisso
1122 1543 1198 1572 que,
1223 1537 1249 1564 et
1269 1537 1451 1564 extenuatur
1475 1532 1554 1564 alius
1576 1535 1656 1570 Ox.;
1684 1535 1736 1566 Or.
1751 1545 1779 1565 c.

215 1575 303 1617 vulg.
327 1580 610 1616 extenuanturque:
635 1576 724 1619 quod
748 1588 786 1607 ex
808 1583 913 1608 antec.
936 1580 1163 1617 transferuntur
1184 1584 1292 1608 ortum
1316 1577 1454 1609 videtur.
1501 1577 1522 1608 3
1547 1577 1601 1608 Sic
1623 1579 1676 1609 Or.
1703 1589 1728 1609 c.
1744 1578 1780 1609 R.

216 1621 250 1651 P.
277 1620 362 1652 Gud.
387 1621 416 1651 1.
440 1622 479 1651 ll.
513 1621 619 1652 Marb.
642 1621 745 1652 Rehd.
771 1621 883 1654 Duisb.
908 1622 997 1653 Mon.
1023 1622 1053 1653 1.
1078 1621 1109 1654 2.
1145 1628 1178 1652 et
1200 1621 1275 1652 edd.
1297 1628 1378 1654 vett.
1400 1621 1486 1653 Rob.
1511 1621 1626 1665 Steph.
1654 1623 1692 1653 D.
1718 1634 1779 1665 pro

216 1664 303 1707 vulg.
328 1667 388 1696 isla
411 1667 499 1697 cond.
525 1668 640 1697 omnia.

292 1733 319 1774 §.
344 1729 399 1763 95.
446 1733 705 1776 compensatione]
743 1733 814 1765 Fin.
847 1734 888 1772 2,
914 1733 976 1765 30:

217 1776 499 1817 Compensabatur
522 1796 561 1800 —-
590 1788 660 1808 cum
684 1778 817 1808 summis
850 1777 979 1809 dolori—

214 1819 273 1851 bus
298 1820 432 1851 laetitia.
471 1821 513 1851 N.
540 1822 577 1852 D.
599 1822 627 1859 l,
646 1820 686 1854 9:
714 1825 762 1854 lta
785 1822 885 1854 multa
904 1829 980 1854 sunt

1012 1733 1102 1776 leges
1123 1735 1246 1773 tolleret,
1271 1745 1353 1776 quae
1373 1740 1488 1776 postea
1510 1734 1597 1766 latae
1617 1741 1692 1765 sunt
1719 1735 1777 1777 (sc.

1013 1778 1039 1809 si
1061 1778 1143 1809 haec
1164 1778 1216 1809 lex
1237 1779 1513 1820 pronmlyarctur).
1561 1791 1622 1822 pro
1646 1779 1777 1811 Plancio

1013 1822 1075 1860 32,
1104 1823 1164 1855 78:
1189 1827 1282 1863 putas
1302 1841 1347 1846 —
1368 1835 1438 1854 esse
1461 1842 1501 1848 —-
1526 1831 1668 1855 stantam
1694 1836 1777 1855 con-

213 1864 421 1896 incommoda
442 1865 472 1895 in
490 1865 567 1903 vita,
594 1873 628 1896 ut
645 1877 682 1897 ea
703 1867 868 1909 sapientes
886 1879 976 1898 com-

214 1909 387 1940 modorum
416 1911 687 1952 compensatione
722 1912 855 1942 leniant.
906 1913 980 1943 Hoc

213 1960 322 1985 antem
340 1966 435 1996 quem
458 1966 534 1997 prae
555 1955 701 1986 manibus
727 1957 883 1988 habemus
905 1957 980 1988 loco

215 2000 439 2040 compensatio
463 2007 513 2030 est
544 2001 748 2041 comparatio
770 2001 856 2032 iuter
880 2002 978 2032 volu—

213 2049 340 2084 ptatem
365 2050 399 2074 et
430 2044 579 2075 dolorem
605 2045 765 2076 instituta.
826 2046 875 2076 Ad
910 2057 978 2077 rem

212 2087 317 2127 ipsam
353 2088 395 2117 cf.
428 2087 520 2128 Diog.
549 2090 585 2119 L.
613 2089 671 2126 10,
701 2088 773 2120 129.
803 2090 875 2122 1317.
906 2088 976 2123 141.

215 2131 280 2162 Cic.
307 2130 377 2162 Fin.
408 2131 442 2169 l,
473 2135 520 2163 10.
550 2133 595 2163 12.
621 2139 655 2162 et
680 2133 731 2165 17·

279 2176 322 2206 ad
347 2179 486 2207 animum
510 2178 618 2216 referri
643 2180 758 2219 tamen]
797 2179 846 2208 De
869 2178 977 2209 collo—

213 2220 344 2252 catione
376 2232 404 2251 v.
430 2225 533 2252 lamen
556 2233 586 2253 v.
610 2221 653 2251 ad
676 2223 699 2251 I.
728 2222 785 2259 12,
812 2222 864 2255 27.
891 2229 973 2253 extr.

281 2264 310 2305 §2
334 2263 388 2296 96.
437 2265 573 2307 sentiret]
613 2266 804 2304 Ernestius,
842 2274 976 2298 auctore

211 2308 381 2346 Bentleio,
409 2309 501 2340 dedit
522 2312 652 2350 sentiat,
679 2311 765 2341 nulla
787 2318 894 2342 tamen
920 2324 976 2342 ur-

210 2360 310 2395 gente
336 2353 555 2385 necessitate:
594 2366 668 2386 nam
701 2355 798 2386 facile
823 2363 978 2387 sexcenta

211 2397 346 2429 excitari
366 2405 504 2440 possunt
527 2399 686 2442 exempla,
712 2400 745 2430 in
766 2401 881 2442 quibus
901 2407 978 2443 post

210 2453 382 2484 praesens,
421 2443 509 2485 quod
541 2444 681 2485 perfecti
707 2445 795 2476 vices
826 2446 976 2484 sustinet,

210 2487 350 2528 primum
372 2494 552 2529 sequuntur
576 2489 772 2531 praesentia,
796 2496 865 2521 tum
886 2490 977 2521 infe-

211 2538 327 2562 runtur
370 2531 588 2573 imperfecta,
628 2545 665 2564 ac
704 2534 730 2564 si
765 2535 978 2566 antecesserit

211 2575 409 2617 perfectum.
464 2576 553 2607 Idem
590 2578 752 2610 Bentleius
788 2579 902 2610 eadem
936 2580 977 2610 de

213 2630 325 2650 caussa
347 2619 457 2661 paullo
478 2628 553 2660 post
578 2634 638 2663 pro
662 2626 837 2663 iunyeretur
860 2624 977 2666 legen—-

214 2664 291 2694 dum
318 2670 431 2695 censet
455 2666 607 2703 izmyetur.
657 2670 700 2698 At
724 2668 832 2709 lapsus
858 2675 907 2699 est
929 2669 978 2700 vir

212 2719 359 2749 magnus.
407 2708 491 2739 Nam
517 2715 588 2739 tota
613 2712 813 2743 enuntiatio:
839 2716 884 2744 ita
906 2724 976 2753 per-

209 2757 322 2793 petuas
359 2771 397 2776 —-
434 2755 609 2792 iungeretur
647 2752 854 2794 ὗποὲετικῶς
890 2757 977 2789 dicta

213 2804 281 2828 est:
319 2796 408 2840 quod
430 2797 482 2827 vel
506 2798 650 2828 futurum
672 2801 755 2839 fore,
790 2801 878 2842 quod
899 2801 977 2832 infi-

212 2841 334 2873 nitivus
347 2848 397 2872 est
408 2842 588 2884 praesentis
603 2843 844 2883 conditionalis,
865 2853 978 2887 aperte

214 2885 431 2918 demonstrat.
469 2886 520 2917 Cf.
538 2888 640 2929 Legg.
662 2889 718 2918 ΙΙΙ.
739 2888 788 2927 17,
809 2889 870 2921 3³55:
896 2902 978 2932 quae

210 2929 266 2961 lex
290 2931 380 2963 hano
397 2931 596 2964 sententiam
626 2934 776 2971 continet,
809 2937 841 2964 ut
864 2945 977 2966 omnes

1013 1867 1209 1906 tentionem,
1236 1879 1333 1910 quam
1357 1879 1418 1909 ego
1440 1887 1482 1892 —
1504 1870 1688 1909 defuqerem.
1736 1868 1777 1899 de

1014 1912 1096 1953 Rep.
1118 1913 1142 1943 Ι.
1157 1913 1188 1949 3,
1206 1910 1246 1944 —l›:
1277 1919 1312 1943 ut
1333 1916 1449 1952 possint
1469 1924 1540 1944 eam
1560 1913 1671 1951 vitam,
1694 1924 1776 1955 quae

1013 1963 1123 1987 tamen
1147 1961 1220 1988 esset
1242 1957 1429 1996 reddenda,
1455 1969 1515 2000 pro
1539 1957 1645 2000 patria
1667 1958 1776 1999 potis-—

1014 2001 1129 2032 simum
1177 2001 1327 2034 reddere.
1385 2004 1423 2033 V.
1463 2005 1497 2034 C.
1525 2005 1606 2035 Guil.
1628 2004 1774 2034 Dietrz'ch.

1015 2047 1150 2084 Quaest.
1177 2047 1232 2078 Gr.
1262 2047 1351 2088 Lips.
1378 2046 1472 2079 13:⁴35.
1498 2059 1532 2089 p.
1550 2048 1603 2080 32.

1080 2094 1229 2122 memoria
1252 2093 1443 2132 iungeretur]
1474 2092 1580 2123 Bentl.
1606 2091 1690 2122 coni.
1713 2101 1778 2123 me-

1012 2138 1150 2173 moriae,
1194 2137 1272 2168 Dav.
1309 2139 1527 2174 exspectationi
1557 2155 1600 2161 —-
1628 2139 1777 2167 memoria

1012 2181 1119 2218 iuna,
1143 2185 1178 2209 ut
1204 2186 1251 2210 est
1276 2179 1307 2209 in
1336 2186 1438 2221 quatt.
1464 2182 1543 2210 Oxx.
1568 2182 1660 2212 Mon.
1684 2184 1716 2212 2.
1743 2187 1777 2211 et

1012 2222 1123 2253 multis
1161 2223 1235 2254 edd.
1274 2230 1354 2254 vett.
1414 2225 1596 2266 Utrumque
1642 2225 1774 2255 flustra.

1012 2267 1119 2298 Verba
1140 2269 1288 2308 iunyendi
1309 2274 1342 2298 et
1362 2270 1568 2308 coniungendi
1587 2269 1775 2311 saepissime

1012 2312 1100 2354 apud
1116 2312 1307 2344 Ciceronem
1325 2323 1396 2343 cum
1413 2313 1558 2344 ablativo
1576 2321 1775 2345 construun-

1013 2363 1076 2387 tur.
1132 2357 1183 2387 Cf.
1221 2359 1275 2388 lll.
1300 2358 1340 2395 ὁ,
1369 2356 1428 2389 ll:
1472 2357 1652 2396 insaniam,
1693 2369 1776 2400 quae

1011 2404 1118 2432 iuncta
1140 2404 1269 2433 stultitia
1289 2408 1382 2444 patet
1402 2401 1511 2433 latius.
1546 2405 1646 2434 Moser
1668 2414 1775 2445 comp.

1013 2447 1102 2477 Brut.
1125 2444 1180 2484 44,
1210 2446 1288 2478 162:
1315 2448 1487 2486 defensione
1509 2449 1615 2478 iuncta
1638 2466 1677 2470 —
1702 2447 1775 2478 lan-

1012 2490 1114 2522 datio.
1158 2491 1200 2522 ad
1227 2495 1293 2522 Att.
1317 2490 1356 2529 9,
1388 2492 1444 2522 10:
1469 2491 1631 2522 infinitum
1655 2491 1776 2522 bellum

1012 2538 1150 2566 iunctum
1172 2538 1348 2567 miserrima
1378 2537 1465 2575 fuya.
1512 2537 1551 2567 V.
1575 2547 1633 2567 nos
1658 2535 1690 2566 in
1717 2536 1773 2566 Gr.

1013 2580 1051 2610 L.
1079 2582 1107 2623 ᾗ.
1129 2578 1200 2611 11-1.
1230 2581 1306 2612 Not.
1327 2580 1358 2611 4.

1080 2624 1156 2655 Cap,
1182 2625 1350 2656 XXXlV.
1381 2626 1409 2667 ξ.
1429 2624 1483 2657 97.
1530 2626 1690 2656 desideriis
1713 2627 1774 2655 isla

1012 2669 1146 2711 condiri]
1181 2669 1250 2699 Fin.
1272 2672 1303 2707 2,
1324 2670 1384 2700 ’.ἑὲ-ὗς
1412 2671 1582 2700 Socratem
1602 2668 1698 2699 audio
1719 2668 1773 2698 di-

1013 2720 1160 2751 centem,
1196 2713 1259 2744 cibi
1283 2713 1527 2745 condimentum
1548 2724 1617 2744 esse
1640 2713 1773 2752 famem,

1012 2757 1158 2801 potionis
1181 2758 1279 2788 sitim.

1080 2804 1195 2834 Darius
1219 2805 1249 2834 in
1272 2805 1349 2843 fuya
1373 2802 1451 2844 etc.]
1488 2804 1634 2834 Davisius
1665 2813 1771 2844 comp.

1013 2846 1147 2878 Maxim.
1173 2847 1311 2889 Tyrium
1336 2847 1419 2878 Diss.
1443 2846 1518 2883 35„
1556 2846 1610 2888 qui
1635 2847 1773 2877 eandem

1013 2903 1083 2923 rem
1098 2890 1139 2922 de
1154 2894 1332 2923 Artaxerxe
1348 2890 1460 2929 tradit,
1483 2890 1647 2922 Plutarch.
1662 2894 1774 2922 Artax.

1013 2937 1054 2968 T.
1070 2937 1092 2967 I.
1113 2947 1146 2978 p.
1166 2936 1258 2969 1017.
1284 2942 1317 2968 et
1341 2935 1510 2978 Apophth.
1532 2937 1572 2968 T.
1587 2936 1628 2967 ΙΙ.
1650 2947 1683 2978 p.
1701 2933 1774 2969 174.
