1832 3137
621 141 790 175 menn
818 143 874 175 111.
898 141 1042 183 34‚84.
1531 136 1616 180 319

52 218 175 259 bitare
198 217 302 259 nullo
322 218 437 259 modo
459 219 597 273 possit.
650 221 817 275 Atque4
837 222 981 277 stirpes
999 230 1090 264 sunt
1109 223 1364 278 aegritudinis
1387 239 1501 279 quam
1521 227 1617 268 mul-

52 292 135 332 tae!
183 306 296 346 quani
328 294 510 332 annuae!
557 307 681 347 quae,
727 294 811 349 ipso
845 301 983 336 trunco
1017 310 1188 349 everso,
1221 312 1356 339 omues
1382 299 1614 341 elidendae⁶

50 372 166 415 sunt,
200 372 263 415 et,
297 366 328 405 si
355 379 519 407 necesse
553 367 655 417 erit,
698 367 861 421 singulis
895 368 1235 422 disputationibus.
1299 370 1490 426 Superest
1514 374 1616 414 enim

50 438 161 478 nobis
188 438 276 490 hoc,
311 439 572 480 cuicuimodi⁶
599 448 673 490 est,
708 440 844 480 otium.
901 439 982 481 Sed
1004 443 1104 483 ratio
1126 459 1201 484 una
1223 445 1392 486 oninium
1415 454 1474 487 est
1492 448 1617 502 aegri-

53 511 252 562 tudinum,
287 512 394 566 plura
418 513 590 554 nomina.
652 512 756 553 Nam
782 520 821 554 et
840 514 1018 554 invidere
1040 516 1295 569 aegritudinis
1321 526 1395 569 est,
1430 527 1468 559 ct
1487 535 1618 561 aemu-

49 583 136 635 lari,
170 592 211 626 et
230 585 467 637 obtrectare,
501 594 541 626 et
560 586 756 637 misereri,
791 594 830 627 et
850 587 991 641 angi⁷‚
1019 588 1169 642 lugere,
1205 605 1397 644 maerere,
1431 608 1617 635 aerumna

48 658 169 709 affici,
203 659 430 709 lamentari,
465 660 690 710 sollicitari,
726 660 883 710 dolere,
914 659 952 700 in
972 661 1150 702 molestia
1173 676 1287 714 esse,
1322 666 1518 718 afflictari,
1552 668 1618 708 de-

46 746 222 787 sperare.
284 739 353 773 84.
390 731 497 773 Haec
516 733 645 774 omnia
670 733 856 774 definiunt
883 731 1023 784 Stoici,
1058 749 1183 789 eaque
1206 737 1350 787 verba,
1394 753 1491 792 quae
1517 740 1614 789 dixi,

46 805 285 859 singularum}
312 819 442 845 rerum
473 813 585 857 sunt,
630 820 731 856 non,
776 813 816 847 ut
839 806 1045 858 videntur,
1093 809 1249 849 eusdem
1279 825 1344 851 res
1379 811 1614 866 significant,

50 879 118 919 sed
139 878 281 932 aliquid
303 878 503 930 differunt,
537 879 637 933 quod
660 879 735 920 alio
757 879 842 920 loeo
869 881 1037 921 fortasse
1059 882 1330 924 tractabimus.
1393 883 1478 925 Hae
1493 888 1510 912 8
1530 894 1620 927 suut

51 951 140 992 illae
167 952 286 992 librae
312 952 511 1007 stirpium,
551 967 645 1006 quas
673 953 783 993 initio
809 953 915 1004 dixi,
959 956 1277 1009 persequendae,
1320 964 1358 997 et
1381 972 1516 999 omnes
1541 959 1617 1000 eli-

48 1025 197 1066 dendae
212 1028 250 1076 ⁵,
283 1038 332 1066 ne
354 1040 522 1080 unquam
545 1026 643 1067 ulla⁹
664 1027 787 1082 possit
806 1027 1017 1068 exsistere.
1059 1027 1247 1083 Magnum
1272 1045 1369 1086 opus
1393 1038 1431 1072 et
1450 1032 1615 1084 difficile,

142 1164 164 1198 4
189 1166 243 1197 Sic
267 1166 306 1197 R.
329 1167 362 1198 P.
391 1165 477 1198 Gud.
501 1166 529 1198 1.
555 1168 594 1199 11.
619 1167 651 1199 b.
676 1168 767 1199 Mon.
789 1166 820 1199 2.
846 1174 914 1200 tres
939 1171 1020 1201 Oxx.
1045 1168 1096 1201 ed.
1118 1177 1184 1201 vet.
1212 1171 1335 1209 [iouh-3
1370 1175 1457 1213 atqui
1480 1173 1617 1218 reliqui3

49 1213 105 1243 Or.
141 1212 252 1254 (etiam
273 1211 329 1242 Kl.
352 1218 385 1243 et
408 1211 544 1253 Tregd.)
576 1223 614 1244 ex
638 1212 742 1245 Bentl.
778 1212 862 1244 coni.
889 1217 927 1245 At
951 1224 1031 1254 quae
1066 1217 1175 1254 stirpes
1204 1220 1273 1248 sunt
1303 1220 1530 1257 aegritudinis!
1577 1221 1617 1250 V.

49 1256 133 1288 Adu.
181 1257 201 1288 5
225 1257 279 1288 Sic
302 1258 354 1288 Or.
372 1268 397 1288 c.
421 1257 549 1299 optimo
563 1258 597 1289 P.
619 1257 690 1300 (sed
713 1255 809 1300 §.S-‘k
832 1261 1003 1300 eliyendae)
1030 1259 1061 1290 b.
1081 1271 1137 1290 sex
1163 1263 1243 1291 Oxx.
1259 1262 1350 1294 Mon.
1365 1262 1394 1294 1.
1418 1262 1448 1295 2.
1476 1264 1619 1296 Viud.‘.’.

57 1302 208 1333 omnibus
234 1301 332 1333 codd.
360 1302 462 1333 Bouh.
489 1309 523 1333 et
542 1301 617 1333 edd.
638 1309 720 1333 vett.
743 1303 914 1341 omnibus,
952 1310 1085 1346 praeter
1107 1305 1214 1336 Gebh.
1239 1312 1271 1337 et
1292 1307 1350 1344 D.;
1385 1308 1503 1340 eodem
1528 1308 1618 1341 ducit

51 1348 145 1387 vat„
172 1346 226 1389 qui
249 1346 350 1378 habet
368 1349 556 1386 eliciendae3
584 1347 620 1379 R.
644 1347 729 1379 Gud.
749 1348 778 1378 1.
800 1349 842 1379 Il.
867 1347 986 1390 aliique
1007 1351 1185 1390 eligyemlae,
1209 1350 1298 1393 quod
1323 1363 1428 1394 nuper
1448 1355 1617 1386 revocavit

50 1393 130 1428 Tr.;
161 1391 218 1423 Kl.
244 1391 370 1434 recepit
392 1391 524 1434 quidem
547 1393 727 1432 eliyendae,
759 1392 819 1423 sed
840 1404 927 1424 nunc
949 1393 982 1423 in
1008 1393 1093 1424 Add.
1117 1406 1149 1436 p.
1168 1394 1241 1426 151.
1267 1396 1352 1427 coni.
1377 1400 1543 1430 eiiciendae
1567 1399 1619 1430 vel

54 1439 220 1477 eiciendae,
244 1442 281 1467 ut
302 1435 423 1478 legitur
437 1436 544 1467 Divin.
564 1435 670 1475 11.72‚
694 1434 774 1468 149:
800 1437 1043 1479 superstitionis
1066 1437 1184 1481 stirpes
1209 1451 1322 1471 omnes
1343 1444 1510 1474 eiiciendae
1531 1450 1616 1474 sunt.

51 1482 90 1514 V.
113 1482 199 1514 Adn.
250 1480 372 1512 Eadem
393 1480 576 1524 scripturae
598 1481 739 1513 varietas
765 1483 792 1524 θ’.
818 1481 872 1514 84.
931 1479 952 1514 6
977 1483 1031 1514 Sic
1053 1485 1107 1514 Or.
1129 1495 1156 1514 c.
1180 1484 1218 1515 R.
1241 1485 1276 1516 P.
1301 1485 1385 1517 Gud.
1411 1486 1439 1518 l.
1465 1488 1563 1519 Vind.
1585 1488 1617 1519 2.

50 1527 169 1559 Venet.
195 1533 228 1558 et
252 1526 382 1569 plurim.
409 1526 484 1559 edd.
511 1533 613 1565 vett.;
648 1526 703 1558 alii
734 1526 831 1558 codd.
857 1533 890 1558 et
914 1527 988 1558 edd.
1014 1534 1095 1559 vett.
1122 1531 1314 1569 cuiusmocli3
1349 1531 1433 1573 Aug.
1458 1535 1619 1573 cuiusque-

51 1573 146 1604 modi.
196 1573 236 1603 V.
260 1571 344 1602 Adn.
391 1569 411 1603 7
437 1571 492 1602 Sic
515 1571 552 1603 R.
569 1572 603 1603 P.
630 1572 716 1603 Gud.
733 1571 761 1603 1.
788 1572 947 1616 multique
965 1572 1020 1604 alii
1045 1572 1142 1604 codd.
1165 1580 1196 1605 et
1219 1574 1396 1606 nonnullae
1419 1577 1495 1608 edd.
1517 1584 1618 1613 vett.;

54 1620 109 1648 Or.
135 1628 161 1648 c.
185 1616 256 1648 aliis
279 1627 343 1647 orn.
367 1620 404 1648 ei.
453 1614 475 1647 8
500 1618 538 1648 D.
565 1628 603 1648 ex
628 1617 666 1648 R.
690 1618 727 1648 P.
749 1616 884 1660 aliisque
911 1617 1009 1650 codd.
1034 1617 1114 1660 legit
1134 1620 1209 1651 haec
1235 1619 1271 1661 (i.
1292 1631 1319 1651 e.
1339 1620 1468 1663 haece).
1516 1624 1556 1655 V.
1578 1622 1619 1654 atl

52 1663 76 1693 l.
98 1661 160 1700 11,
184 1661 237 1693 22.
263 1662 303 1693 V.
327 1663 397 1692 Ser.
445 1658 467 1692 9
492 1661 546 1692 Sic
568 1661 605 1693 R.
627 1662 663 1693 P.
687 1661 774 1693 Gud.
801 1663 831 1694 1.
859 1664 898 1694 ll.
920 1662 1057 1706 aliique3
1084 1665 1139 1694 Or.
1164 1675 1191 1695 c.
1213 1664 1300 1706 vulg.
1322 1667 1388 1697 ulla
1412 1677 1561 1707 unquam.

858 1740 909 1771 fra
933 1741 972 1773 V.
999 1738 1061 1779 41,
1090 1741 1171 1773 121:
1214 1742 1269 1773 ubi
1303 1744 1388 1775 enim
1422 1745 1538 1777 melius
1572 1746 1618 1777 uti

856 1796 1028 1827 possumus
1048 1785 1122 1823 hoc,
1145 1789 1332 1818 cuicuimodi
1352 1796 1411 1827 est,
1433 1790 1528 1821 otio?
1552 1791 1619 1833 (ubi

857 1830 995 1861 Orellins
1016 1830 1227 1862 vehementer
1247 1832 1507 1866 addubitandum
1528 1835 1618 1872 dicit,

53 1739 172 1782 pientis
195 1739 337 1770 animum
368 1749 438 1770 cum
458 1741 505 1771 his
529 1741 719 1771 habitantem
743 1751 823 1782 per—

54 1792 311 1827 noctantemque
333 1783 426 1815 curis,
465 1787 551 1827 Apte
568 1786 693 1825 Wolfius
716 1796 821 1827 comp.

53 1830 111 1861 Gr.
136 1833 294 1862 συνοικεῖν
320 1841 389 1862 τινι.
433 1830 480 1859 De
504 1829 717 1861 coniunctis-0
740 1831 821 1870 quod

52 1893 96 1898 ——-
117 1877 213 1914 possit
239 1886 268 1904 v.
295 1885 355 1905 nos
378 1873 411 1904 in
437 1874 495 1905 Gr.
518 1875 555 1905 L.
581 1876 609 1915 ξ.
634 1874 704 1912 146,
729 1875 820 1914 32).

120 1924 213 1959 Atque
238 1921 348 1958 stirpes
366 1938 406 1942 -—
430 1929 526 1958 quam
547 1920 697 1961 manuel]
726 1919 821 1950 Hanc

52 1964 232 1996 multorum
257 1963 526 2006 optimorumque
551 1963 648 1995 codd.
673 1964 817 2006 scriptu-

51 2021 121 2041 ram
155 2010 199 2051 <v.
224 2009 262 2039 V.
288 2009 371 2046 Ser.)
408 2019 479 2039 cum
504 2011 621 2039 Mosero
655 2008 819 2040 revocavi.

55 2055 104 2086 De
116 2053 291 2084 verborum
305 2052 525 2084 collocatione
542 2055 700 2092 ll'opkens.
711 2054 821 2085 Lectt.

52 2098 140 2131 Tull.
154 2109 186 2140 p.
202 2099 273 2129 120.
287 2098 327 2128 H.
346 2097 485 2128 contulit
498 2098 571 2129 Fin.
587 2099 627 2135 ΙΙ,
646 2098 702 2129 12;
725 2099 821 2130 Nunc

54 2154 133 2175 vero
165 2142 393 2185 suppeditabit
426 2142 521 2173 nobis
548 2142 676 2173 Atticus
707 2150 821 2175 noster

55 2200 94 2220 ex
118 2187 278 2219 thesauris
313 2187 377 2218 suis
410 2198 486 2227 quos
510 2191 536 2219 et
559 2192 690 2227 quantos
712 2190 819 2219 viros!

53 2232 163 2265 Divin.
183 2233 232 2272 11,
259 2231 321 2265 58:
349 2243 488 2274 quorum
513 2232 644 2274 quidem
666 2232 819 2264 defensio

53 2277 196 2321 repetita
231 2287 327 2317 quam
350 2279 437 2318 lon9e
471 2278 536 2309 est!
585 2278 634 2308 De
658 2277 820 2320 particula

54 2327 144 2364 atque
168 2334 199 2354 v.
224 2321 266 2354 ad
289 2323 346 2354 Ill.
368 2322 410 2360 2,
435 2319 467 2354 4.

120 2366 294 2409 elidendae]
330 2366 499 2408 Scriptura
521 2368 681 2406 eliyendae
706 2368 751 2410 (v.
777 2368 818 2399 V.

56 2411 140 2452 Ser.)
166 2411 260 2442 huius
281 2410 346 2442 loci
369 2410 489 2442 rationi
512 2418 545 2442 et
568 2418 703 2442 naturae
728 2411 820 2442 nullo

58 2462 157 2498 pacto
192 2462 271 2498 apta
305 2461 364 2486 est.
427 2455 548 2485 Contra
585 2455 716 2497 egregie
750 2467 822 2487 sese

58 2499 266 2533 commendat
278 2499 380 2530 altera
391 2499 551 2542 scriptura
565 2501 736 2539 elidendae,
749 2500 781 2531 h.
793 2511 821 2531 e.

58 2544 216 2578 radicitus
241 2544 454 2584 evellendae,
487 2543 727 2581 extrahendae,
760 2556 820 2575 ex—

56 2590 256 2632 stirpandae.
305 2590 343 2622 V.
372 2588 414 2620 ad
440 2590 480 2622 Il.
507 2588 563 2625 11,
589 2588 643 2620 27.
693 2588 821 2620 Dicitur

57 2635 189 2678 quidem
209 2634 307 2666 etiam
326 2636 434 2674 eligere
447 2635 567 2671 herbas,
589 2632 635 2663 uti
651 2632 821 2664 Columell.

58 2681 114 2711 IV.
138 2691 165 2712 c.
180 2681 213 2713 ἶ).
242 2690 302 2722 pro
324 2678 467 2720 legendo
490 2677 651 2714 evellere3
686 2677 745 2708 sed
769 2677 822 2709 al-

56 2731 164 2755 terum
183 2724 318 2756 verbum
339 2735 409 2755 rem
432 2722 538 2755 multo
560 2722 678 2753 fortius
709 2728 742 2753 et
766 2722 820 2753 ef-

58 2768 187 2800 ficacius
211 2769 360 2800 denotat.

129 2815 315 2845 cuicuimodi
334 2813 391 2854 est]
415 2813 456 2845 H.
472 2823 499 2844 e.
522 2811 746 2855 qualecunque
764 2817 823 2843 est.

65 2859 258 2889 Cuicuimodz·
281 2858 383 2889 rarius
407 2857 602 2889 vocabulum
628 2863 697 2894 est,
724 2867 823 2898 saepe

63 2913 81 2933 a
104 2901 243 2932 librariis
265 2901 490 2945 depravatum.
515 2901 590 2934 Vid.
606 2902 646 2933 V.
665 2903 734 2933 Ser.
769 2900 824 2931 Sic

64 2945 107 2977 ad
130 2945 231 2977 Attic.
253 2947 310 2978 111.
331 2947 394 2985 22,
418 2953 519 2978 extr.:
546 2948 597 2978 Tu
622 2946 665 2977 ad
688 2956 740 2977 me
762 2956 823 2976 ve-

63 2990 120 3023 lim
140 2989 259 3030 omnia,
282 2993 468 3023 cuicuimodi
485 2997 571 3030 sunt,
595 2990 727 3022 scribas.
766 2991 823 3021 ln-

856 1886 932 1906 num
954 1886 1021 1906 non
1043 1874 1190 1917 pluribus
1211 1876 1292 1908 locis
1314 1881 1557 1919 cuiusquemodi,
1579 1880 1620 1911 de

855 1930 920 1962 quo
941 1930 972 1950 v.
989 1920 1233 1958 Forcellinium,
1256 1921 1431 1963 legendum
1451 1924 1518 1965 sit.)
1546 1925 1618 1956 Fin.

854 1965 912 1995 III.
934 1963 966 2002 9,
987 1963 1049 1996 30:
1076 1967 1265 1997 cuicuimodi
1285 1973 1371 1999 sunt.
1412 1968 1462 2000 Cf.
1486 1972 1618 2001 Gronov.

855 2008 898 2040 ad
921 2011 959 2040 A.
984 2008 1127 2040 Gellium
1148 2010 1190 2042 N.
1214 2014 1249 2042 A.
1275 2012 1314 2050 11,
1338 2015 1369 2044 ὅ.
1419 2016 1562 2045 Goerenz.
1586 2021 1620 2045 et

855 2056 1009 2085 Moserum
1031 2053 1073 2085 ad
1094 2055 1195 2095 Legg.
1218 2056 1258 2086 ΙΙ.
1280 2057 1311 2094 5,
1340 2056 1390 2088 13.
1425 2059 1619 2090 Cuicuimodi

855 2105 905 2130 est
935 2098 1042 2129 forma
1077 2099 1212 2140 genitivi
1246 2102 1451 2142 pronominis
1484 2106 1621 2143 quisquis

855 2154 916 2186 pro
949 2146 1221 2175 cuiuscuiusmodi.
1270 2146 1310 2176 V.
1344 2157 1404 2178 nos
1438 2146 1471 2178 in
1497 2148 1554 2180 Gr.
1578 2149 1620 2179 L.

857 2190 886 2230 ᾗ.
906 2188 960 2220 38.
994 2188 1075 2219 Not.
1099 2188 1129 2220 2.
1188 2190 1236 2220 De
1268 2190 1382 2221 formis
1416 2192 1620 2233 pronominis

854 2235 992 2273 quisquis
1017 2232 1061 2263 cf.
1085 2234 1226 2273 Madvig.
1250 2235 1292 2265 ad
1318 2235 1386 2266 Fin.
1413 2238 1468 2267 lll.
1493 2235 1544 2275 14,
1566 2236 1620 2269 45.

924 2278 952 2319 §5-
974 2274 1029 2310 ἰδ’-’1.
1076 2279 1138 2308 alio
1161 2279 1239 2320 loco]
1267 2280 1357 2310 Infra
1382 2281 1434 2312 IV.
1464 2292 1489 2312 c,
1509 2280 1540 2313 8.

922 2324 989 2354 Hae
1012 2326 1082 2353 sunt
1108 2324 1180 2353 illue
1204 2325 1314 2364 fibrae]
1335 2324 1476 2355 Tirones
1502 2325 1620 2357 obser-

855 2373 950 2405 vent,
976 2377 1157 2408 pronomen
1183 2369 1231 2398 hic
1254 2367 1294 2397 ab
1319 2367 1414 2399 initio
1437 2369 1620 2401 sententiae

854 2411 901 2443 ita
923 2410 1001 2453 poni
1027 2422 1098 2442 cum
1120 2410 1148 2440 vi
1172 2411 1321 2452 quadam,
1346 2420 1381 2443 ut
1403 2413 1434 2443 in
1457 2425 1496 2444 eo
1517 2414 1619 2446 latent

855 2455 1016 2498 particula
1046 2460 1159 2486 autem.
1207 2455 1261 2486 Sic
1280 2468 1378 2498 supra
1402 2459 1443 2489 H.
1471 2459 1529 2497 13,
1555 2460 1617 2491 30:

855 2503 940 2532 Haec
968 2506 1017 2530 est
1050 2499 1144 2541 copia
1176 2500 1361 2532 verborum.
1411 2503 1450 2533 V.
1477 2505 1620 2537 Goerenz.

856 2545 898 2575 ad
923 2543 1078 2575 Academ.
1105 2545 1144 2574 ll.
1169 2542 1232 2582 24,
1259 2544 1311 2577 Τὸ.
1345 2558 1376 2588 p.
1401 2545 1472 2579 143.

924 2598 960 2620 ne
980 2587 1132 2630 unquam]
1159 2589 1207 2619 De
1222 2589 1396 2622 verborum
1414 2591 1562 2624 iunctura
1585 2604 1621 2625 ne

857 2642 1016 2672 unquam,
1053 2642 1089 2663 ne
1123 2635 1310 2674 quisquam,
1347 2646 1383 2667 ne
1419 2646 1551 2676 usquam
1586 2638 1619 2669 in

856 2676 1133 2708 enuntiationibus
1163 2677 1310 2710 finalibus
1338 2691 1400 2723 pro
1425 2691 1461 2713 ne
1484 2684 1621 2722 quando,

857 2732 893 2753 ne
917 2723 1003 2761 quis,
1038 2724 1145 2753 necubi
1177 2734 1206 2753 v.
1233 2725 1433 2765 Stiirenbury.
1459 2726 1491 2756 in
1519 2727 1621 2757 Corn—

857 2772 995 2797 mentat.
1011 2767 1051 2797 ΙΙ.
1072 2766 1113 2797 ad
1135 2766 1232 2799 Offic.
1252 2779 1283 2810 p.
1298 2770 1374 2802 213.
1410 2770 1544 2802 Scilicet
1565 2782 1620 2802 un-

857 2821 974 2850 quam,
1007 2813 1191 2852 qussquam,
1227 2823 1360 2853 usquam
1383 2815 1415 2845 in
1441 2814 1489 2845 his
1515 2826 1621 2845 enun—

857 2854 1048 2886 tiationibus
1070 2863 1248 2898 ponuntur,
1271 2864 1306 2889 ut
1326 2859 1431 2890 maior
1446 2858 1492 2888 vis
1514 2859 1620 2900 posita

857 2899 901 2931 sit
924 2899 957 2930 in
980 2899 1040 2939 iis,
1069 2911 1165 2943 quam
1190 2901 1221 2932 in
1248 2903 1364 2934 ceteris
1389 2903 1506 2934 verbis.
1557 2904 1620 2934 Ubi

858 2950 969 2977 autem
999 2944 1121 2988 aliquid
1146 2945 1354 2978 interdicitur
1377 2947 1428 2977 vel
1454 2947 1620 2985 metuitur,

859 2995 1049 3021 constanter
1080 2990 1199 3021 dieitur
1232 3001 1268 3022 ne
1298 2993 1445 3031 quando,
1481 3002 1517 3023 ne
1542 2995 1623 3033 quis,
