1863 3221
237 102 320 144 432

239 190 400 232 interitu
425 204 499 230 sex
528 201 621 229 suos
648 185 815 225 obruere
840 183 1063 224 consulatus
1090 190 1129 224 et
1157 183 1423 224 contaminare
1453 192 1671 225 extremum
1700 191 1796 226 tem-

785 105 949 138 LIBER
976 106 1014 137 V.
1039 104 1102 145 20,
1128 103 1180 137 57.
1207 104 1260 139 58.

266 278 310 304 us
344 262 498 303 aetatis.

242 279 262 319 p
352 333 454 375 XX.
490 339 557 373 57.
592 329 988 384 Duodequadraginta
1010 342 1133 368 annos
1157 335 1345 383 tyrannus
1361 327 1698 384 Syracusanorum
1729 330 1798 370 fuit

240 407 480 462 Dionysius,
523 418 636 458 quum
665 403 832 457 quinque
856 409 895 442 et
912 402 1048 456 viginti
1074 409 1188 441 natus
1213 415 1336 441 annos
1364 402 1600 442 dominatum
1632 416 1796 456 occupa-

240 482 378 521 visset.

239 553 428 593 servitute
458 563 683 605 oppressam
703 548 827 589 tenuit
852 548 1070 588 civitatem!
1118 547 1237 601 Atqui
1254 550 1267 573 ¹
1296 547 1342 587 de
1368 547 1439 587 hoc
1463 547 1619 588 homine
1641 562 1664 588 a
1685 548 1797 588 bonis

441 476 529 531 Qua
560 475 843 531 pulchritudine
877 475 1034 525 urbem,
1080 475 1218 528 quibus
1250 483 1377 514 autem
1414 475 1549 529 opibus
1585 476 1796 529 praeditam

239 624 461 666 auctoribus
489 624 544 663 sic
570 622 752 675 scriptum
779 621 1021 675 accepimus,
1056 634 1242 661 summam
1268 620 1386 660 fuisse
1411 620 1494 660 eius
1519 621 1556 660 in
1578 620 1683 661 victu
1703 627 1798 660 tein-

239 697 455 752 perantiam
484 696 521 735 in
546 696 740 749 rebusque
763 694 981 748 gerundis2
1020 694 1145 733 virum
1180 707 1309 734 acrem
1341 699 1381 732 et
1406 693 1660 744 industrium,
1705 707 1798 734 eun-

241 771 327 810 dem
350 777 478 810 tamen
501 768 713 808 maleficum
739 775 878 807 natura
899 775 938 807 et
955 767 1157 807 iniustum.
1220 765 1286 806 Ex
1309 780 1383 820 quo
1408 766 1585 806 omnibus
1606 766 1705 806 bene
1730 780 1798 806 ve-

241 843 395 883 ritatem
419 841 657 882 intuentibus
687 840 810 882 videri
845 853 1008 880 necesse
1039 846 1099 879 est
1129 839 1404 879 miserrimum.
1466 838 1526 879 Ea
1560 839 1662 879 enim
1696 839 1796 893 ipsa,

239 929 339 970 quae
363 914 636 969 concupierat,
678 926 727 953 ue
752 919 830 952 tum
859 912 1036 965 quidem,
1078 926 1193 964 quum
1223 911 1351 952 omnia
1377 926 1419 952 56
1453 925 1567 966 posse
1597 912 1795 961 censebat,

240 987 566 1041 consequebatur.
629 991 698 1025 58.
733 983 811 1037 Qui
837 999 951 1038 quum
976 991 1082 1023 essct
1108 984 1219 1023 bouis
1245 984 1469 1039 parentibus
1495 992 1607 1037 atque
1634 985 1798 1024 honesto

239 1061 324 1100 loco
358 1066 497 1108 natus,
540 1057 631 1111 (etsi
658 1057 694 1096 id
728 1057 878 1110 quidem
909 1057 1008 1095 alius
1037 1056 1112 1095 alio
1140 1057 1254 1095 modo
1280 1057 1468 1110 tradidit,)
1507 1057 1797 1111 abundaretqne

239 1134 309 1172 et³
335 1131 552 1186 aequalium
576 1129 901 1170 familiaritatibus
923 1135 961 1169 et
980 1129 1260 1169 consuetudine
1283 1129 1606 1184 propinquorum,
1641 1129 1801 1173 haberet

329 1261 412 1292 XX.
454 1260 468 1291 1
498 1261 571 1291 Duo
596 1262 677 1291 Oxx.
707 1265 740 1290 et
763 1258 837 1290 edd.
862 1260 893 1289 S.
916 1263 1025 1298 alque:
1061 1258 1149 1301 quod
1177 1259 1325 1301 praefert
1356 1261 1461 1291 Hand.
1489 1260 1687 1300 T111s.1.p.
1709 1259 1798 1295 515..

239 1305 349 1337 nescio
374 1317 435 1348 qua
458 1305 498 1336 de
519 1316 640 1336 caussa.
690 1304 773 1335 Illud
794 1310 883 1335 recte
904 1303 1197 1390 defenii-tlklahius
1221 1303 1262 1334 ad
1286 1303 1578 1346 Legg.1.5,15.

242 1353 274 1382 P.
305 1349 389 1381 Gud.
417 1351 446 1380 1.
468 1352 506 1381 11.
532 1350 635 1380 Mnb.
660 1348 765 1380 Rehd.
792 1355 825 1379 et
847 1349 921 1379 Non

1634 1303 1654 1335 2
1679 1304 1734 1335 Sic
1759 1305 1796 1335 R.

1134 1350 1179 1379 01
1209 1360 1236 1379 c.
1260 1348 1348 1390 v.ulg
1373 1351 1524 1389 yerendis.
1570 1348 1592 1380 3
1617 1348 1671 1380 Sic
1693 1351 1746 1380 Or.
1770 1361 1797 1380 c.

239 1395 403 1437 plerisque
426 1394 536 1433 codd„
561 1395 658 1425 etiam
682 1394 717 1424 P.
738 1400 771 1424 et
793 1393 843 1431 b.;
870 1393 988 1424 eodem
1011 1392 1101 1423 ducit
1123 1404 1185 1423 scr.
1209 1395 1236 1424 ei
1257 1394 1332 1435 (pro
1355 1395 1398 1435 el)
1418 1393 1451 1424 in
1467 1394 1591 1425 vaefl.
1612 1392 1797 1427 Gud.1.11.

239 1440 307 1471 Pal.
331 1440 385 1477 4.;
412 1439 465 1469 alii
491 1450 555 1469 om.
580 1443 617 1470 et.

307 1515 361 1537 secr
389 1515 460 1537 suos
484 1524 527 1528 -—
551 1505 742 1545 consulatus]
781 1504 834 1546 qui
868 1504 1002 1535 fuerunt

240 1551 328 1581 inter
355 1547 551 1582 647—654
577 1562 605 1580 ¹1.
629 1561 659 1582 u.
682 1560 709 1580 c.
735 1548 868 1591 (107—
885 1549 948 1581 100
973 1560 1001 1580 a.

242 1595 317 1626 Chr.
321 1595 332 1631 1

310 1640 387 1670 CAP.
410 1639 492 1669 XX.
530 1640 557 1680 ξ.
584 1639 1004 1678 57Du0deq1mdra9inta

240 1684 352 1726 annos]
378 1683 420 1714 de
443 1684 483 1713 N.
505 1685 541 1716 D.
564 1684 620 1721 Ill,
647 1682 710 1715 33:
739 1683 1001 1725 Duodequadra—

240 1730 333 1771 ginta
348 1727 524 1770 Dionysius
548 1733 602 1770 t31
605 1738 707 1758 annus
724 1738 826 1758 annos
844 1727 906 1758 fuit
922 1738 1004 1769 opu-

240 1772 441 1805 lentissimae
474 1778 507 1802 et
541 1772 749 1802 beatissimae
782 1771 933 1803 civitatis.
961 1791 1003 1795 —

241 1816 476 1858 intelligendus
502 1823 551 1846 est
578 1816 752 1858 Dionysius
777 1816 890 1847 maior.

309 1865 419 1902 quibus
441 1865 543 1892 autem
563 1862 686 1903 opibus]
708 1862 756 1892 De
772 1861 931 1903 particula
947 1871 1005 1892 αῑιο

240 1912 299 1939 tem
323 1918 354 1939 v.
378 1905 419 1937 ad
446 1907 500 1936 IV.
525 1908 558 1946 2,
584 1907 614 1937 5.

307 1954 350 1983 sic
374 1953 523 1989 scriplum
548 1950 745 1993 accepimus]
784 1950 818 1980 C.
851 1951 936 1992 Nep.
962 1950 1004 1982 de

243 1995 356 2038 Regib.
377 2007 403 2027 c.
421 1997 464 2025 ll:
495 1996 536 2025 Et
555 2006 651 2025 manu
676 1995 773 2026 fortis
797 1995 1001 2037 (Dionysius)

242 2047 275 2072 et
302 2040 377 2071 belli
402 2039 524 2080 peritus
547 2039 610 2069 fuit
635 2046 686 2075 et,
721 2039 754 2069 id
777 2039 865 2081 quod
891 2040 922 2070 in
945 2047 1003 2082 ty—

242 2095 346 2116 ranno
370 2094 436 2113 non
460 2083 556 2113 facile
580 2083 748 2124 reperitur,
775 2083 908 2114 minime
925 2084 1003 2115 libi-—

243 2127 676 2164 (11005115,110111115111105115
699 2138 764 2158 non
787 2139 913 2164 avaruS,
933 2128 1004 2159 nul-

242 2174 302 2204 lius
326 2172 372 2203 rei
395 2171 534 2214 deniqne
560 2171 715 2212 cupidus,
749 2171 810 2202 nisi
833 2172 1003 2213 singularis

244 2216 459 2261 perpetuique
480 2216 608 2258 imperii
626 2216 668 2247 ob
687 2227 822 2258 eamque
842 2228 910 2247 iem
927 2228 1003 2247 cru-

244 2262 335 2294 delis.
373 2261 458 2291 Nam
472 2260 549 2290 dum
572 2260 605 2291 id
626 2260 751 2292 studuit
775 2260 910 2297 munire,
927 2261 1002 2292 nul-

244 2307 304 2339 lius
324 2304 472 2348 pepercit
492 2305 589 2342 vitae,
615 2316 711 2347 quem
735 2305 801 2336 eius
827 2305 1004 2337 insidiato-—

243 2363 310 2383 rem
331 2356 472 2392 putaret.
508 2349 667 2381 Omissnm
688 2361 783 2392 pron.
797 2360 867 2381 eum
885 2350 917 2381 in
933 2362 1005 2381 ver-

242 2396 309 2427 bis:
335 2399 368 2427 in
385 2397 587 2434 rebusque—
600 2397 798 2433 industrium,
818 2405 916 2436 quum
934 2406 1005 2426 mo-

244 2440 287 2471 do
313 2439 524 2471 antecesserit
555 2441 620 2470 eius
645 2439 856 2481 proximeque
887 2440 1005 2471 subse-

244 2491 360 2526 quatur
381 2486 530 2522 eundem,
555 2484 717 2515 neminem
740 2483 825 2515 male
848 2484 1004 2522 habebit;

244 2528 343 2559 immo
372 2527 486 2558 addito
520 2528 715 2570 pronomine
751 2528 857 2559 oratio
892 2529 1004 2560 durior

246 2572 333 2604 facta
356 2571 686 2604 fuisset.Similite1
706 2573 748 2604 ad
770 2574 858 2604 Ὲιῐη.
884 2575 929 2605 X.
950 2585 1002 2616 ep.

244 2617 308 2649 20:
346 2617 383 2647 de
414 2619 440 2646 te
473 2616 559 2646 fama
593 2625 766 2656 constans,
802 2630 864 2649 nec
895 2618 1004 2659 decipi

247 2672 343 2704 posse
377 2671 438 2690 nec
471 2659 567 2690 vinci.
625 2663 716 2700 Quae
750 2662 813 2693 alia
855 2664 1003 2705 exempla

252 2707 411 2745 Wopkens.
434 2704 541 2734 Lectt.
556 2705 643 2736 Tull.
667 2708 688 2743 1,
708 2706 738 2738 9.
763 2719 794 2748 p.
807 2707 859 2739 70.
882 2714 1003 2739 contu-

247 2750 296 2791 lit,
321 2749 426 2781 aliena
449 2754 533 2779 sunt.
584 2749 698 2780 Raiior
717 2757 766 2781 est
790 2758 898 2782 autem
922 2752 1004 2784 haec

247 2800 430 2832 structura,
469 2803 530 2834 qua
555 2795 741 2824 accusativo
767 2806 793 2824 c.
818 2795 877 2826 inl'.
906 2809 1003 2838 prae-

247 2839 390 2871 mittitur
423 2837 625 2879 praepositio
663 2840 699 2869 de
744 2849 814 2869 cum
848 2840 1003 2873 ablativo.

249 2886 353 2926 Supra
388 2883 441 2914 IV.
466 2883 530 2920 22,
556 2882 615 2913 50:
653 2884 690 2913 de
716 2883 860 2921 Africano
884 2904 927 2908 -—
954 2886 1007 2917 vel

248 2929 354 2960 iurare
378 2938 521 2971 possum,
548 2937 613 2958 non
636 2929 725 2958 illum
747 2926 912 2960 iracundia
938 2936 1007 2961 tum

1035 1506 1267 1545 inflammatum
1299 1506 1404 1544 fuisse.
1451 1506 1492 1538 V.
1514 1517 1575 1537 nos
1609 1505 1643 1536 in
1676 1505 1734 1537 Gr.
1759 1505 1798 1537 L.

1038 1551 1065 1593 ᾗ
1103 1597 1263 1625 veritatem.
1294 1596 1502 1647 intuentgbus]
1548 1597 1667 1627 Ueritas
1700 1593 1798 1637 plane

1037 1638 1217 1680 respondet
1244 1638 1371 1669 Graeco
1405 1636 1514 1681 cil-12:2⁴3
1519 1651 1551 1672 α
1573 1639 1799 1682 significatque

1039 1694 1136 1724 saepe
1161 1694 1229 1714 16111
1253 1682 1377 1725 ipsam,
1414 1695 1524 1715 veram
1556 1684 1602 1715 rei
1625 1685 1798 1716 rationem.

1042 1727 1092 1757 Cf.
1121 1729 1175 1758 lll.
1199 1728 1253 1765 33,
1278 1727 1331 1760 7‘).
1369 1728 1543 1769 Eleganter
1565 1729 1798 1772 enucleateque

1039 1771 1080 1802 de
1102 1771 1163 1803 hac
1185 1784 1214 1804 V.
1240 1773 1393 1814 exposuit
1417 1776 1575 1805 Erneslius
1599 1774 1687 1806 Clav
1713 1774 1745 1806 h.
1767 1786 1798 1805 x.

1041 1816 1134 1847 Adde
1157 1819 1287 1848 Ellendt.
1308 1817 1348 1848 ad
1375 1819 1463 1848 Brut.
1482 1819 1536 1857 33,
1559 1818 1633 1850 ¹226.
1672 1821 1797 1851 Schiltz.

1041 1862 1119 1893 Lex.
1146 1861 1211 1893 Cic.
1235 1862 1308 1893 h.v.
1350 1864 1511 1902 Heindorf.
1532 1863 1573 1894 ad
1596 1863 1710 1894 Horat.
1728 1865 1796 1894 Sar.

1040 1907 1063 1937 I.
1077 1906 1108 1944 3,
1122 1905 1176 1939 97.
1200 1907 1247 1937 De
1263 1907 1390 1938 Graeco
1405 1919 1435 1937 v.
1449 1908 1492 1938 cf.
1506 1909 1746 1939 Slctllbaumium
1757 1909 1799 1940 ad

1039 1950 1120 1981 Plat.
1135 1951 1260 1982 Phileb.
1273 1963 1304 1994 p.
1316 1953 1405 1983 43AE
1410 1954 1476 1993 .(p.
1488 1954 1551 1984 Ζῶ-
1564 1964 1612 1994 sq.
1624 1953 1674 1984 ed.
1681 1953 1795 1994 Goth)

1108 1997 1135 2046 ᾗ.
1150 1997 1203 2028 53
1231 1998 1290 2034 Oui
1310 2006 1404 2036 quum
1423 1998 1642 2038 65561]Οα1ιη1
1662 1997 1695 2028 vi
1715 2009 1798 2029 con-

1040 2039 1162 2071 cessiv1
1184 2040 1319 2072 dictum.
1358 2042 1396 2071 V.
1412 2041 1531 2072 Adnot.
1548 2042 1581 2073 in
1607 2040 1795 2080 1.49‚117.

1103 2087 1185 2115 allus
1199 2088 1261 2116 ulio
1276 2085 1379 2127 modo]
1403 2085 1467 2116 Alii
1489 2086 1574 2117 enim
1592 2085 1704 2118 infimo
1721 2086 1797 2118 loco

1040 2140 1113 2159 eum
1136 2136 1246 2159 11111111]
1268 2141 1337 2160 esse
1359 2137 1508 2161 auctores
1530 2138 1616 2163 sunt.
1649 2134 1799 2163 Davisius

1038 2172 1136 2203 affert
1152 2174 1338 2204 Helladium
1358 2186 1408 2216 ap.
1423 2175 1574 2206 Photium
1596 2178 1641 2217 (p.
1653 2175 1730 2208 366.
1745 2175 1795 2208 ed

1040 2217 1348 2271 Hoesc11el.l,qui
1339 2219 1457 2249 tradit·
1485 2231 1536 2252 οτι
1562 2216 1721 2261 ὄνηλάτου
1738 2232 1797 2262 με)

1039 2259 1111 2299 υἱὸς
1135 2260 1302 2300 Διονυσιος
1322 2262 1375 2305 η’).
1411 2263 1509 2294 Diod.
1525 2263 1588 2295 Sic.
1613 2247 1662 2297 13.
1688 2276 1720 2306 p.
1732 2264 1795 2296 26:

1039 2304 1206 2344 Διονυσιος
1224 2306 1281 2349 μὲ)
1299 2306 1354 2340 οὖν
1370 2306 1408 2340 ἐκ
1424 2307 1651 2350 γραμματέως
1669 2308 1796 2342 καὶτοῦ

1037 2350 1193 2394 τυχόντος
1218 2351 1360 2385 ἰδιώτου.

1107 2398 1247 2428 credebat
1272 2416 1312 2420 —
1338 2397 1465 2440 nemini]
1504 2397 1565 2429 Alii
1597 2397 1710 2440 legunt
1734 2408 1797 2430 cre-

1040 2442 1131 2472 debat
1150 2451 1192 2479 se,
1215 2448 1249 2471 ut
1263 2448 1312 2472 est
1329 2441 1361 2472 in
1377 2442 1486 2473 Gne-ff.
1505 2446 1585 2484 Aug.
1601 2443 1675 2474 cod.
1691 2442 1797 2474 Bentl.

1043 2490 1083 2515 At
1103 2488 1258 2524 „credere
1268 2486 1462 2528 simpliciter
1480 2486 1600 2518 dicitur
1619 2498 1681 2529 pro
1702 2489 1798 2527 confi-

1038 2531 1128 2568 dere,
1154 2531 1248 2570 fidem
1266 2533 1395 2562 habere.-
1418 2531 1460 2562 de
1483 2543 1547 2574 quo
1570 2543 1627 2563 usu
1647 2531 1796 2574 disputa-

1038 2574 1086 2605 vit
1110 2576 1310 2606 Burmannus
1332 2575 1374 2606 ad
1397 2576 1506 2609 Valer.
1532 2577 1637 2608 Flacc.
1663 2577 1696 2614 1,
1720 2575 1796 2608 532.

1039 2625 1072 2649 et
1094 2618 1135 2649 ad
1160 2620 1282 2650 Lucan.
1307 2621 1330 2655 Ι,
1353 2620 1428 2653 227.
1457 2623 1596 2660 Temperi
1617 2622 1737 2652 credere
1752 2620 1797 2651 il-

1037 2663 1259 2694 lustraverunt
1272 2666 1382 2697 Graev.
1395 2665 1436 2695 ad
1451 2665 1484 2695 C.
1500 2664 1594 2696 Catil.
1609 2666 1630 2701 l,
1643 2664 1674 2696 9.
1688 2667 1797 2696 Burm-

1039 2707 1081 2739 ad
1103 2708 1258 2746 Quinctil.
1286 2708 1376 2740 Decl.
1398 2708 1438 2747 6,
1464 2708 1538 2741 16.“
1586 2711 1730 2740 Handius
1753 2709 1794 2741 ad

1038 2753 1222 2794 Wopkens.
1238 2754 1345 2785 Lectt.
1360 2753 1446 2784 Tull.
1463 2764 1494 2794 p.
1510 2750 1593 2791 149„
1613 2753 1667 2796 qui
1688 2764 1795 2796 comp.

1040 2797 1118 2828 Sall.
1144 2799 1210 2838 lug.
1235 2798 1297 2831 72:
1338 2809 1441 2840 neque
1463 2797 1539 2828 loco
1572 2809 1678 2840 neque
1701 2810 1794 2830 mor—

1040 2841 1097 2872 tali
1124 2842 1273 2884 cuiquam
1298 2848 1353 2873 ant
1375 2841 1517 2883 tempori
1541 2842 1619 2873 satis
1642 2844 1773 2875 credere.

1109 2896 1146 2917 esc
1161 2888 1290 2926 familiis
1306 2887 1514 2929 locupletium]
1541 2898 1579 2917 ex
1597 2887 1726 2918 famulis
1741 2887 1795 2918 di-

1042 2930 1196 2962 vitiorum
1218 2938 1274 2962 aut
1297 2930 1477 2962 beatiorum
1495 2931 1622 2963 civium.
1659 2932 1796 2975 CfiBre-
