1832 3137
657 89 681 120 1‘
690 88 1004 119 notAEssoMENA.
1555 77 1608 119 37

325 175 534 210 Smpmmzs
1145 169 1308 208 ΜῙΧΤΛΕ

128 259 164 281 a.
227 242 351 280 Nc'ln'l
373 240 546 283 bonum,
576 240 662 276 naiso·
687 237 807 274 lcone-
930 251 963 274 a.
1004 238 1100 276 Tria
1113 252 1263 289 genera
1280 237 1488 281 bonoram,
1509 240 1606 274 and-

43 321 151 350 stam
177 307 348 364 (Stoici).
846 308 902 341 mh
915 331 929 348 ‚
961 307 1141 356 corpori-5·
1153 333 1166 350 ,
1195 306 1398 354 fortunae
1419 304 1602 357 (Peripa-

126 380 164 418 b.
228 378 350 417 Nihil
376 376 548 419 bonum,
579 375 665 411 nisi
687 374 804 410 voltc-
842 371 950 409 tetici
973 379 1011 409 et
1033 371 1286 423 Academici).

40 456 139 499 pta-9
169 441 413 499 (Epicurus).
924 440 982 477 b.·
1032 441 1236 491 Voluptas
1267 455 1360 478 cam
1394 441 1601 478 hones-tate

126 529 160 553 c.
204 514 326 552 Nihil
347 512 496 549 bonam
506 537 519 555 ‚
550 511 634 546 nisi
658 509 803 545 vacui-
839 504 1126 558 (Dinomachus
1149 515 1187 545 et
1210 507 1450 561 Calliphon).

43 591 110 620 tas
142 582 297 620 dolori-9
327 575 641 631 (Hieronymus).
924 589 958 612 c.
1018 575 1251 614 Indolentia
1283 591 1374 613 eccm
1398 577 1602 614 honestate

125 649 164 688 d.
209 648 332 686 Nihil
361 646 531 689 bonum,
562 647 648 682 nisi
677 652 802 681 nata—
839 641 1088 694 (Diodorus).

42 732 112 755 rae
123 717 278 768 primis
294 714 411 751 bonis
429 719 502 748 aut
521 712 707 749 omnibus
731 720 804 749 aut

42 786 235 822 maximis
253 783 348 831 frui
371 777 634 831 (Carneades).

150 850 222 888 His
245 848 367 900 igitur
396 847 576 885 omnibus
607 860 626 884 e
651 847 862 900 principiis
887 848 969 886 suis
999 848 1129 885 dicere
1155 847 1266 895 licet,
1308 849 1427 886 witam
1453 850 1601 887 beatam

40 918 192 956 virtute
221 916 336 955 effici.
396 915 557 953 Omissis
591 914 754 965 Stoicis,
793 930 965 967 quorum
989 916 1197 967 superiore
1230 916 1502 967 disputatione
1530 917 1601 955 de-

40 987 147 1024 sensa
170 990 228 1023 est
251 982 464 1031 sententia,
495 982 666 1034 primuni
691 983 904 1035 attingitur
925 983 1279 1034 Peripateticorum
1303 985 1418 1022 ratio.
1476 985 1509 1022 Ii
1537 985 1603 1023 di—

41 1060 157 1102 cunt,
193 1051 346 1089 laudem
375 1051 489 1088 etiam
521 1064 608 1088 cum
639 1050 777 1088 dolore
806 1051 1013 1102 petendam
1046 1065 1145 1101 esse3
1183 1052 1251 1101 qui
1280 1058 1407 1089 autem
1439 1052 1603 1103 gloriam

19 1120 172 1172 *adepti
203 1120 302 1167 sint,
344 1119 476 1156 beatos
507 1131 606 1167 esse,
645 1118 809 1168 gloriam
838 1125 967 1156 autem
993 1132 1073 1155 una
1104 1118 1258 1156 virtute
1290 1119 1446 1169 acquiri
1476 1133 1603 1170 posse.

41 1189 144 1239 Ergo
171 1200 219 1225 ex
240 1187 399 1223 illorum
424 1186 579 1222 ratione
604 1186 805 1235 sequitur,
836 1187 987 1224 virtute
1012 1185 1136 1234 effici,
1169 1186 1202 1222 si
1224 1200 1304 1223 non
1332 1187 1602 1236 beatissimam,

41 1262 145 1294 certe
169 1255 319 1292 beatam
338 1253 474 1289 vitam.
495 1274 551 1279 --
579 1253 722 1289 Eadem
746 1253 1010 1304 Calliphontis
1029 1253 1107 1290 erit
1132 1253 1377 1303 Diodorique
1397 1255 1603 1292 sententia.

41 1337 75 1361 c.
97 1325 165 1361 50.
190 1325 257 1360 51.
287 1318 327 1371 §.
345 1323 411 1358 86.
437 1323 504 1358 87.
562 1320 639 1356 Iam
669 1320 806 1357 Cicero
839 1320 1031 1371 reliquam
1052 1320 1362 1371 disputationem
1385 1321 1440 1358 ita
1466 1335 1601 1372 perse-

39 1390 188 1441 quitur,
219 1394 276 1436 ut,
307 1387 456 1425 omissis
475 1386 638 1436 reliquis
658 1387 921 1439 philosophis,
951 1388 1081 1439 ipsum
1099 1376 1336 1439 Epicurum,
1369 1402 1482 1438 quem
1499 1390 1600 1426 mol-

39 1458 113 1495 lem
138 1464 175 1494 et
191 1455 465 1507 voluptarium
486 1454 769 1506 philosophum
790 1456 944 1504 dicant,
972 1456 1066 1493 satis
1086 1457 1127 1493 in
1147 1456 1301 1494 virtute
1318 1456 1508 1507 praesidii
1524 1470 1602 1494 esse

39 1525 89 1562 ad
114 1526 260 1562 beatam
289 1523 410 1561 vitam
436 1536 592 1560 censere
617 1523 811 1561 ostendat.
871 1523 1057 1574 Epicurei
1083 1523 1184 1561 enim
1208 1531 1468 1562 contemnunt
1492 1539 1600 1562 mor—

42 1601 117 1630 tem
144 1599 182 1630 et
206 1592 384 1640 dolores,
423 1589 464 1642 §-
489 1594 556 1630 88.
580 1594 647 1629 89.
678 1605 806 1642 parvo
833 1592 1010 1629 contenti
1042 1598 1157 1642 sunt,
1200 1592 1285 1643 ipsa
1310 1599 1452 1629 natura
1477 1607 1601 1643 pauca

43 1660 252 1698 desiderat.
310 1659 416 1696 Haec
434 1659 625 1696 sententia
646 1659 832 1710 exemplis
852 1660 1104 1708 Anacharsis,
1134 1660 1321 1708 Socratis,
1354 1661 1601 1707 Xenocratis,

43 1728 223 1779 Diogenis
243 1727 484 1764 illustratur.
515 1741 545 1764 c.
579 1731 647 1765 52.
664 1749 721 1754 —
751 1728 914 1776 Dicunt,
946 1728 1182 1779 cupiditates
1206 1728 1350 1779 partim
1377 1741 1456 1765 esse
1478 1735 1597 1765 natu-

40 1796 141 1833 rales
168 1802 206 1833 et
231 1795 483 1843 necessarias,
514 1796 660 1846 partim
684 1796 884 1833 naturales
909 1803 946 1833 et
970 1810 1051 1833 non
1075 1796 1332 1843 necessarias,
1364 1796 1509 1846 partim
1534 1809 1604 1833 nec

41 1863 240 1902 naturales
270 1877 340 1900 nec
367 1863 622 1912 necessarias,
656 1863 889 1900 necessarias
912 1863 1048 1900 satiari
1075 1877 1187 1913 posse
1210 1877 1332 1914 paene
1357 1862 1506 1912 nihilo,
1538 1877 1599 1900 se-

41 1932 214 1969 cundum
233 1938 363 1968 autem
388 1943 508 1980 genus
532 1931 795 1981 cupiditatum
818 1944 885 1968 nec
902 1931 951 1968 ad
969 1931 1205 1981 potiendum
1224 1931 1384 1968 difficile
1401 1944 1499 1979 esse,
1530 1944 1603 1967 nec

41 2012 138 2036 vero
166 1999 215 2036 ad
240 1998 476 2047 carendum,
507 1999 666 2047 tertias,
696 1999 803 2048 quod
830 2006 956 2036 essent
982 1999 1098 2050 plane
1123 1999 1277 2047 inanes,
1319 1998 1503 2036 funditus
1527 1998 1599 2035 eii-

43 2066 200 2104 ciendas
221 2079 312 2103 esse.
343 2080 376 2104 c.
396 2069 463 2104 55.
494 2064 534 2117 §-
555 2069 622 2105 95.
672 2067 806 2117 Itaque
831 2081 963 2104 omnes
983 2067 1064 2104 eius
1080 2067 1188 2104 modi
1207 2067 1435 2117 voluptates
1452 2066 1600 2117 Epicu-

43 2147 112 2172 rus
135 2140 337 2171 extenuat.
367 2132 408 2185 §.
426 2137 490 2173 94.
512 2137 580 2172 95.
610 2135 738 2172 Porro
757 2141 975 2172 extenuant
993 2135 1321 2186 magnificentiam
1342 2142 1380 2172 et
1402 2141 1602 2185 sumptum

41 2202 269 2254 epularum,
301 2202 409 2252 quod
431 2216 557 2253 parvo
580 2203 692 2240 cultu
716 2210 858 2240 natura
882 2211 1067 2241 contenta
1089 2204 1152 2241 sit.
1212 2203 1399 2254 Exempla
1422 2202 1602 2240 afferun-

41 2277 130 2319 tur,
161 2271 304 2321 quibus
331 2271 543 2320 probetur,
575 2271 863 2308 iucunditatem
887 2273 1016 2309 victus
1040 2285 1118 2309 esse
1142 2272 1182 2308 in
1207 2271 1424 2318 desiderio,
1454 2283 1536 2306 non
1559 2269 1601 2305 in

41 2338 229 2374 satietate.
262 2351 295 2374 c.
320 2342 387 2376 54.
409 2342 477 2376 55.
508 2336 548 2389 §.
572 2342 664 2377 101.
724 2341 992 2377 Contemnunt
1018 2339 1203 2386 divitias,
1233 2337 1273 2389 §-
1301 2342 1394 2376 102.
1415 2336 1602 2385 honores,

43 2419 76 2443 c.
108 2408 174 2443 56.
200 2404 401 2452 exsilium,
442 2419 475 2441 c.
503 2409 572 2444 57.
594 2406 765 2457 itemque
789 2407 970 2458 corporis
990 2406 1257 2451 infirmitates,
1295 2412 1340 2443 ut
1364 2405 1601 2452 caecitatem,

42 2472 289 2510 surditatem.
312 2486 346 2510 c.
366 2475 434 2510 58.
452 2475 520 2510 59.
539 2476 605 2511 40.
635 2472 675 2524 §-
704 2479 797 2513 116.
858 2474 1045 2523 Denique,
1077 2473 1109 2510 si
1133 2480 1399 2524 congerantur
1418 2474 1459 2510 in
1478 2486 1600 2510 unum

43 2540 192 2589 omnia,
221 2546 267 2578 ut
287 2540 388 2578 idem
413 2540 540 2578 oculis
565 2547 601 2578 et
626 2542 788 2580 auribus
811 2548 950 2592 captus
972 2542 1044 2589 sit,
1077 2548 1283 2592 prematur
1306 2542 1422 2579 etiam
1442 2540 1599 2578 dolori-

42 2609 116 2647 bus
133 2609 332 2647 acerrimis
354 2609 548 2660 corporis,
579 2623 660 2646 non
681 2623 760 2646 esse
781 2610 934 2657 dicunt,
966 2609 1073 2660 quod
1088 2609 1321 2658 laboremus,
1351 2623 1472 2660 quum
1496 2622 1601 2645 mors

43 2683 230 2728 tanquam
257 2683 401 2728 portus
427 2684 586 2728 praesto
612 2677 684 2725 sit,
724 2683 925 2715 aeternum
950 2678 1053 2715 nihil
1075 2678 1271 2716 sentiendi
1296 2677 1601 2729 receptaculum.

43 2742 83 2796 ᾗ.
108 2748 201 2785 117.
232 2759 266 2783 e.
289 2749 355 2784 41.
377 2746 508 2797 princ.

156 2813 222 2852 IV.
253 2815 470 2852 Coxcmssm
501 2827 618 2851 umus
650 2827 771 2850 1213121.
829 2815 932 2865 Ergo
951 2814 984 2852 si
1006 2814 1213 2866 Epicurei,
1246 2826 1418 2865 quorum
1440 2824 1483 2849 ca
1509 2823 1601 2846 scn—

46 2880 167 2918 tentia
194 2889 270 2931 est,
309 2889 356 2921 ut
377 2882 510 2921 virtus
532 2895 603 2934 per
627 2894 666 2920 se
688 2882 771 2935 ipsa
795 2881 893 2920 nihil
916 2882 1062 2933 valeat,
1094 2895 1306 2932 omneque,
1347 2879 1454 2931 quod
1475 2877 1602 2915 hone-
