1863 3221
226 156 278 199 76

221 244 472 300 Tyndaridae
503 245 665 292 fratres,
710 241 772 295 qui
796 256 873 282 non
903 243 1016 283 modo
1041 243 1238 282 adiutores
1260 242 1296 282 in
1321 243 1479 297 proeliis
1504 243 1693 284 victoriae
1715 258 1780 299 po-

223 319 297 373 puli
317 316 502 366 Romani,
536 316 603 355 sed
623 315 736 354 etiam
759 316 880 355 nuntii
905 315 1024 355 fuisse
1047 315 1311 369 perhibentur.
1358 315 1488 369 Quid?
1521 315 1608 368 luo,
1643 314 1780 357 Cadmi

220 391 314 441 lilia,
337 404 465 430 nonne
484 387 698 428 Λευκοθέα
712 391 729 414 ⁹
753 388 950 428 nominata
971 403 993 429 a
1008 388 1191 437 Graecis,
1212 386 1364 429 Matuta
1387 389 1551 430 habetur
1568 404 1589 430 a
1608 389 1781 430 nostris?

221 462 351 516 Quid?
383 470 501 503 totum
527 475 643 516 prope
667 462 837 512 caelum,
873 475 920 502 ne
946 462 1077 516 plures
1100 475 1333 516 persequar,
1369 477 1496 503 nonne
1522 463 1689 503 humano
1714 475 1781 516 ge-

815 163 974 195 LissEss
1002 165 1026 195 1.
1055 161 1115 203 13.
1142 162 1196 195 29.

220 550 315 577 nere
347 536 577 589 completum
611 536 698 575 est?

330 607 451 648 XIII.
514 614 583 648 29.
620 606 661 649 Si
686 621 781 648 vero
804 608 969 648 scrutari
995 615 1130 648 vetera
1153 615 1192 648 et
1217 621 1269 648 ex
1292 607 1339 648 iis
1361 610 1373 634 ¹
1403 622 1464 659 ea,
1498 622 1595 662 quae
1619 609 1781 663 scripto-

218 695 282 722 res
309 680 537 722 Graeciae2
558 681 824 736 prodiderunt,
857 695 996 721 eruere
1025 695 1166 733 coner3
1201 681 1273 735 ipsi
1295 680 1365 731 illi,
1397 681 1586 721 maiorum
1608 682 1781 736 gentium

218 755 269 794 dii
293 755 356 809 qui
376 755 581 805 habentur,
609 754 695 794 hino
717 755 868 795 anobis
888 754 1050 809 profecti
1072 755 1110 794 in
1131 755 1280 794 eaelum
1296 754 1558 809 reperientur.
1603 753 1778 807 Quaere,

305 869 328 903 9
350 871 404 903 Sic
424 874 479 903 Or.
504 884 529 903 e.
554 872 590 903 R.
614 872 701 903 Gud.
728 872 754 903 1.
780 873 818 904 ll.
853 872 989 915 aliisque

220 915 235 947 1
263 916 317 948 Sic
338 918 426 949 Mon.
439 916 470 949 2.
499 917 602 948 Rehd.
618 920 649 948 S.
666 919 722 954 E.;
749 920 802 949 Or.
825 929 851 949 c.
874 918 959 960 vulg.
983 919 1040 949 his.

217 961 289 992 fere
313 961 412 993 codd.
432 962 553 992 omnib.
577 962 652 994 edd.
680 968 759 994 vett.
786 969 818 994 et
840 963 991 994 Lactant-

217 1017 285 1046 res,
309 1017 385 1046 quos
408 1009 539 1038 Graecia
563 1009 687 1047 9εήιιίἰ,ι
712 1008 789 1038 Ern.
813 1007 932 1050 aliique
959 1019 986 1039 c.

216 1083 303 1115 inter
323 1084 479 1116 barbaros
502 1087 647 1116 celebrem
671 1095 761 1123 esse,
792 1084 977 1127 Philippum

216 1127 370 1159 occisum.
412 1131 458 1160 De
477 1129 610 1171 propria
628 1128 660 1159 vi
675 1140 792 1160 vocum
810 1132 978 1169 celebritas,

214 1175 349 1212 celeber,
375 1176 488 1205 celebro
513 1185 543 1203 v.
570 1173 693 1205 Adnot.
717 1173 749 1204 in
773 1175 809 1205 V.
837 1174 876 1212 3,
900 1172 931 1206 9.

281 1239 342 1260 non
368 1232 459 1261 modo
484 1229 654 1272 adiutores]
684 1229 726 1260 N.
754 1230 791 1260 D.
816 1231 855 1262 ΙΙ.
880 1228 911 1267 2,
937 1227 975 1261 (Ξῖ

214 1273 434 1316 praesentiam
459 1285 556 1315 saepe
592 1274 657 1304 divi
683 1286 773 1305 suam
799 1274 976 1313 declarant,

215 1325 250 1349 ut
284 1325 317 1349 et
348 1319 435 1361 apud
467 1318 627 1360 Regillum
659 1319 746 1349 bello
773 1319 975 1357 Latinorum,

213 1374 313 1406 quum
338 1366 375 1394 A.
396 1363 578 1395 Postumius
606 1363 749 1395 dictator
776 1376 846 1394 cum
874 1367 975 1395 Oeta-

214 1408 268 1438 vio
294 1408 442 1439 Mamilio
469 1408 655 1439 Tusculano
687 1409 812 1450 proelio
836 1409 975 1439 dimica—

212 1459 285 1489 ret,
319 1452 352 1483 in
377 1460 489 1484 nostra
514 1452 583 1483 acie
611 1454 719 1484 Castor
743 1460 775 1484 et
800 1456 912 1484 Pollux
937 1464 975 1483 ex

215 1496 305 1540 equis
331 1509 476 1539 pugnare
511 1497 569 1528 visi
601 1504 694 1533 suut3
734 1505 767 1529 et
791 1498 975 1529 recentiore

212 1542 370 1573 memoria
386 1542 486 1573 iidem
504 1544 701 1581 Tyndaridae
718 1543 835 1574 Persen
854 1543 974 1574 victum

212 1587 446 1618 nuntiaverunt
481 1593 556 1619 cett.
617 1588 669 1629 (V.
703 1587 747 1618 ibi
783 1589 889 1619 Davis.
923 1599 975 1629 ap.

216 1634 323 1664 Creuz.
349 1631 460 1674 p.212
477 1631 601 1663 ——2lf).
627 1638 659 1662 et
685 1632 725 1662 ad
749 1632 781 1663 h.
805 1632 842 1673 l.)
892 1633 972 1664 lbid.

215 1677 269 1708 HI.
303 1677 342 1713 5,
380 1676 540 1708 11-13,
592 1677 639 1707 De
673 1676 795 1718 duplici
827 1677 974 1719 genitivo

212 1723 359 1753 victoriae
374 1724 481 1761 populi
497 1724 533 1753 R.
555 1733 592 1751 ex
616 1733 645 1752 v.
663 1724 819 1753 adiutores
835 1734 974 1764 suspen—

212 1777 248 1797 so
273 1777 302 1797 v.
326 1766 367 1797 ad
391 1768 427 1797 ll.
458 1766 516 1803 15»,
539 1766 594 1797 35.
647 1767 822 1808 Eleganter
842 1769 975 1799 Kernius

211 1810 329 1842 vertit:
357 1813 600 1851 Sie9esyehi‘etfen
622 1813 674 1843 <tes
694 1814 728 1843 R.
752 1813 867 1852 Fontes,
892 1824 972 1844 sou-

210 1855 292 1887 dem
316 1855 399 1887 auch
423 1856 647 1898 Siegesboten.

279 1914 332 1943 Ino
356 1931 400 1935 —-
426 1914 562 1952 Matura]
591 1913 629 1944 V.
655 1913 695 1944 N.
720 1913 757 1943 D.
776 1914 832 1950 Ill,
864 1913 914 1944 15.
941 1920 974 1943 et

210 1967 293 1998 quae
312 1956 355 1988 ibi
377 1956 476 1987 docte
497 1956 669 1987 adnotavit
687 1959 816 1988 Creuzer
853 1969 882 1999 p.
896 1957 972 1990 547.

213 2001 264 2033 Cf.
298 2001 443 2033 Iudicem
478 2001 554 2032 hist.
591 2014 619 2032 v.
656 2004 718 2033 Ino.
779 2002 970 2033 Sententia:

210 2056 320 2076 nonne
348 2047 423 2084 Ino,
458 2045 572 2076 Cadmi
596 2046 680 2083 filia,
707 2045 819 2077 divino
844 2047 972 2078 honore

211 2089 357 2120 fruitur?

277 2136 412 2165 humano
434 2144 541 2174 yenere
560 2134 755 2176 completum]
783 2135 884 2166 Recte
905 2138 970 2167 Mo-

209 2189 257 2210 ser
288 2190 347 2220 per
373 2178 666 2221 breviloquentiam
700 2178 824 2209 dictum
856 2180 971 2211 statuit

208 2234 270 2266 pro
291 2225 353 2254 diis
373 2226 411 2254 ab
428 2225 586 2254 hominurn
609 2234 715 2263 yenere
734 2226 874 2255 oriundis
890 2235 971 2256 com-

209 2270 336 2308 pletum.

277 2324 354 2356 CAP.
377 2325 472 2354 ΧΙΠ.
496 2325 523 2362 δ.
543 2322 596 2355 29.
631 2327 666 2356 Si
689 2342 732 2348 —
757 2335 860 2356 eruere
884 2335 972 2357 coner

208 2388 250 2392 -
262 2370 464 2409 reperientur]
482 2369 518 2399 V.
531 2380 589 2399 uos
602 2369 632 2400 in
647 2370 791 2401 Gramm.
806 2371 841 2400 L.
855 2372 881 2414 ᾗ.
900 2367 969 2407 154,

207 2412 240 2445 3.
284 2414 334 2444 Cf.
359 2414 422 2444 Off.
446 2415 500 2444 [ll.
523 2413 555 2451 ὃ,
577 2413 638 2445 23:
667 2414 717 2445 cui
743 2414 831 2456 (legi)
856 2426 971 2457 parere

210 2457 264 2499 qui
284 2460 365 2493 velit,
387 2477 429 2481 --
448 2470 613 2500 nunquam
637 2462 809 2499 committet,
834 2467 869 2490 ut
888 2460 971 2491 alie-

211 2512 287 2532 num
312 2509 459 2543 appetat.

276 2559 431 2588 maiorum
454 2561 591 2597 gentium
615 2561 660 2590 dii
683 2560 749 2603 qui]
786 2560 839 2591 Sic
869 2560 970 2592 Acad.

208 2602 250 2640 ΙΙ,
276 2598 330 2632 41.
353 2600 444 2633 init.:
471 2603 680 2641 „Cleanthes,
707 2605 761 2646 qui
784 2605 872 2647 qnasi
897 2617 971 2636 ma-

208 2646 313 2677 iorum
336 2652 386 2676 est
407 2646 552 2687 gentium
578 2648 740 2679 Stoicus.¹‘
790 2651 862 2681 Hoc
885 2650 969 2681 deo-

208 2701 280 2723 rum
314 2701 431 2721 nomen
467 2702 484 2721 a
519 2691 662 2732 patriciis
692 2695 884 2726 translatum
910 2703 969 2727 est.

212 2736 349 2767 Constat
383 2734 485 2771 enim,
525 2742 693 2767 senatores
728 2737 801 2768 illos
827 2747 967 2779 centum,

209 2791 292 2823 quos
314 2778 394 2821 legit
413 2779 579 2816 Romulus,
605 2781 788 2822 appellatos
811 2795 880 2815 esse
900 2795 969 2816 ma-

207 2828 309 2856 iorum
331 2826 483 2864 yentiumz
511 2831 641 2855 centum
666 2825 751 2863 illos,
783 2838 863 2868 quos
888 2829 967 2871 legit

207 2868 403 2911 Tarquinius
439 2869 589 2910 Priscus,
634 2872 789 2901 minorum
823 2876 968 2911 gentium.

208 2913 440 2955 Intelliguntur
462 2913 493 2946 h.
513 2913 547 2952 l.‚
572 2913 619 2944 uti
635 2921 724 2946 recte
740 2917 888 2947 Davisius
903 2917 967 2948 do-

209 2965 281 2995 cet,
316 2961 366 2990 Dii
394 2960 553 2991 Consentes
574 2959 661 3001 apud
687 2959 846 2990 Ennium:
881 2963 967 3000 Iuno,

212 3004 320 3042 Vesta,
355 3005 513 3043 Minerva,
552 3005 658 3043 Ceres,
694 3006 820 3044 Diana,
858 3007 969 3045 Venus,

1449 873 1487 904 V.
1511 872 1553 903 ad
1582 884 1608 904 c.
1634 870 1700 911 24,
1725 870 1779 904 57.

1020 884 1080 914 pro
1106 872 1193 915 vulg.
1220 874 1400 904 Leucothea.

1402 915 1423 948 2
1448 917 1502 949 Sic
1526 919 1580 948 Or.
1604 929 1631 948 e.
1656 917 1779 949 omnib.

1089 918 1127 949 V.
1154 917 1196 949 ad
1217 929 1243 948 c.
1265 916 1296 955 3,
1323 917 1354 948 5.

1015 964 1092 993 lust.
1118 963 1147 1001 Ι,
1178 962 1227 993 15.
1278 963 1401 999 Recte3
1438 969 1488 993 est
1510 961 1615 993 enim:
1650 964 1779 1002 scripto-

1014 1007 1125 1039 Guelf.
1152 1006 1248 1039 Vind.
1277 1006 1305 1038 1.
1334 1010 1455 1039 Graeci.

1014 1087 1118 1124 Mars,
1159 1085 1171 1128 {l
1190 1087 1371 1123 Mercurius,
1402 1087 1487 1124 Iori’,
1512 1087 1681 1124 Neptunus,
1710 1086 1777 1115 Vol-

1013 1140 1122 1169 canus,
1145 1132 1254 1170 Apollo
1268 1131 1333 1172 (ap.
1348 1129 1499 1172 Appulei.
1515 1129 1556 1160 de
1574 1129 1637 1160 deo
1650 1131 1778 1160 Socrat.

1013 1185 1049 1216 p.
1068 1173 1140 1205 121.
1167 1177 1207 1207 T.
1222 1174 1254 1204 2.
1283 1174 1497 1216 Oudendorp)
1561 1175 1608 1204 De
1630 1173 1775 1205 colloca-

1014 1219 1106 1249 tione
1131 1217 1260 1251 relativi
1285 1221 1337 1258 qui
1362 1231 1391 1249 v.
1418 1219 1459 1249 ad
1491 1220 1529 1249 ΙΙ.
1556 1217 1596 1256 4,
1626 1218 1677 1249 12.

1082 1266 1222 1303 Quaere,
1256 1274 1385 1303 quorum
1420 1266 1669 1295 demonstrantur
1698 1273 1722 1295 s.
1752 1265 1774 1294 ἱ.

1015 1311 1072 1348 G.;
1107 1312 1317 1346 reminiscere,
1341 1320 1369 1348 q.
1395 1319 1418 1340 e.
1443 1311 1483 1348 i.,
1508 1318 1586 1348 quae
1611 1310 1776 1339 tradantur

1013 1353 1068 1395 nr]
1096 1355 1216 1384 Omnes
1240 1353 1336 1383 codd.
1359 1360 1392 1383 et
1414 1353 1488 1385 edd.
1509 1359 1589 1383 vett.
1611 1352 1774 1384 mordicus

1011 1403 1127 1428 tenent
1146 1397 1359 1429 indicativum
1378 1399 1647 1431 demonstrantur:
1669 1409 1775 1439 neque

1011 1441 1106 1473 aliter
1139 1442 1218 1484 legit
1257 1442 1408 1472 Lactant.
1441 1442 1511 1472 Div.
1538 1444 1615 1472 lust.
1643 1443 1675 1480 l,
1702 1442 1774 1479 15.;

1011 1493 1044 1517 at
1072 1487 1239 1528 Augustini.
1264 1486 1305 1516 de
1331 1487 1428 1517 Cous.
1456 1488 1514 1517 Ev.
1540 1488 1563 1524 I,
1589 1486 1642 1517 23.
1670 1486 1770 1517 habet

1011 1533 1274 1570 demonstrentur,
1300 1531 1388 1573 quod
1414 1533 1491 1563 Ern.
1514 1532 1569 1561 W.
1596 1532 1652 1562 Tr.
1677 1542 1771 1562 rece—

1010 1583 1147 1618 perunt3
1172 1576 1413 1608 coniunctivum
1432 1578 1598 1607 trudantur
1617 1575 1773 1607 exhibent

1010 1621 1125 1663 optimi
1150 1622 1188 1653 R.
1216 1628 1247 1652 et
1271 1620 1356 1652 Gud.
1383 1621 1410 1652 l.
1438 1621 1556 1663 aliique
1580 1621 1672 1651 multi
1696 1620 1772 1651 libri

1011 1673 1043 1696 et
1067 1666 1180 1708 scripti
1213 1672 1246 1697 et
1280 1665 1359 1696 editi
1384 1666 1529 1708 itemque
1555 1665 1723 1707 Augustin.
1750 1665 1771 1696 l.

1010 1710 1063 1747 d.;
1086 1713 1139 1741 Or.
1160 1717 1298 1753 utroque
1318 1710 1392 1741 loco
1415 1723 1440 1743 e.
1463 1710 1550 1752 vulg.
1573 1718 1604 1741 et
1626 1712 1772 1741 Lactan-

1010 1755 1057 1786 tio
1078 1755 1097 1786 l.
1118 1756 1149 1787 d.
1171 1755 1273 1786 edidit
1293 1755 1517 1786 indicativum.
1568 1756 1647 1797 Ego,
1673 1766 1771 1797 quum

1011 1806 1044 1830 et
1076 1800 1273 1831 indicativus
1309 1807 1341 1830 et
1366 1800 1590 1831 coniunctivus
1624 1800 1656 1830 in
1682 1800 1771 1830 eius-

1009 1844 1098 1875 modi
1123 1845 1202 1876 loeis
1226 1851 1314 1876 recte
1338 1856 1409 1875 sese
1424 1845 1554 1883 habeat,
1581 1856 1597 1874 e
1613 1844 1771 1876 librorum

1009 1890 1205 1920 auctoritate
1236 1892 1484 1921 demonstrantur
1525 1896 1559 1920 et
1605 1892 1771 1921 tradantur

1007 1934 1216 1965 scribendum
1241 1934 1344 1973 duco,
1382 1935 1502 1965 nullam
1538 1940 1656 1976 putans
1692 1934 1770 1966 ido-

1008 1991 1102 2010 neam
1127 1991 1197 2010 esse
1226 1991 1380 2017 caussam,
1409 1991 1473 2017 cur,
1499 1979 1524 2009 si
1554 1980 1692 2021 primum
1718 1979 1770 2010 le-

1007 2031 1102 2066 gatur
1135 2027 1402 2064 demonstrantur,
1437 2024 1555 2055 deinde
1585 2024 1768 2055 necessario

1007 2070 1104 2100 etiam
1136 2071 1301 2100 traduntur
1330 2069 1503 2112 legendum
1537 2069 1588 2100 sit.
1638 2071 1768 2108 Quaere,

1006 2124 1137 2153 quorum
1171 2116 1420 2145 demonstrantur
1451 2116 1612 2153 sepulchra
1644 2114 1768 2145 dictum

1007 2165 1057 2188 est
1081 2169 1159 2200 pro:
1198 2169 1317 2199 quaere
1349 2170 1422 2195 eos,
1461 2170 1598 2200 quorum
1623 2159 1766 2189 ‹lemon-

1006 2209 1153 2233 strantur
1176 2202 1358 2244 sepulchra.
1405 2203 1444 2234 V.
1470 2202 1511 2232 ad
1537 2204 1574 2232 V.
1599 2202 1663 2240 41,
1692 2202 1764 2234 121.

1008 2246 1106 2284 Quod
1130 2254 1237 2277 nutem
1263 2247 1373 2288 paullo
1396 2253 1471 2287 post
1497 2258 1561 2277 nou
1589 2247 1688 2278 dixit:
1719 2257 1765 2278 re-

1006 2293 1187 2330 miniscere,
1212 2301 1290 2331 quae
1313 2293 1479 2322 traduntur
1503 2294 1655 2329 mysteriis
1681 2292 1714 2333 (i.
1739 2302 1767 2321 e.

1007 2347 1085 2367 rem.
1111 2348 1166 2373 ea,
1202 2347 1284 2378 quae
1309 2336 1517 2375 traduntur),
1550 2336 1607 2366 sed
1634 2336 1766 2378 obliqua

1006 2381 1155 2412 oratione
1180 2392 1253 2411 usus
1278 2387 1344 2417 est3
1370 2381 1403 2411 id
1429 2380 1503 2411 ideo
1527 2380 1649 2411 factum
1669 2381 1764 2412 vide-

1006 2432 1076 2463 tur,
1115 2426 1203 2467 quod
1236 2427 1321 2456 inter
1353 2425 1489 2456 verbum
1513 2428 1703 2458 reminiscere
1733 2431 1765 2456 et

1006 2471 1178 2502 relativum
1203 2470 1302 2501 verba
1326 2474 1473 2510 quoniam
1497 2480 1528 2502 es
1549 2473 1688 2502 initiatus
1711 2470 1764 2502 in-

1009 2515 1145 2546 teriecta
1169 2522 1253 2547 sunt.

1073 2560 1228 2603 sepulcra]
1256 2560 1305 2591 Cf.
1331 2560 1395 2591 Cic.
1421 2560 1461 2590 N.
1487 2561 1526 2591 D.
1554 2558 1676 2597 111.22‚
1698 2558 1762 2599 57„

1005 2604 1113 2647 ibique
1140 2608 1244 2637 Davi&
1267 2617 1297 2647 p.
1315 2602 1391 2635 613.
1419 2605 1497 2646 (Cr.)
1514 2630 1520 2642 ,
1548 2612 1580 2635 et
1607 2605 1664 2635 lul.
1689 2605 1763 2636 Fir-

1005 2650 1079 2681 mic.
1106 2650 1158 2692 (ab
1177 2652 1267 2681 Orell.
1286 2649 1387 2689 allat.)
1414 2661 1444 2690 p.
1460 2648 1514 2680 33.
1563 2651 1668 2680 Μὶίιιῐ.
1694 2649 1762 2691 (ubi

1007 2695 1103 2726 Ceres
1128 2694 1278 2725 Eleusine
1301 2694 1433 2724 humata
1459 2694 1760 2735 commemoratur),

1004 2739 1036 2770 in
1060 2739 1172 2782 primis
1196 2738 1383 2770 Callimach.
1400 2739 1521 2780 Hymn.
1545 2739 1576 2769 in
1594 2740 1663 2769 Iov.
1688 2739 1761 2770 ικὸ.

1004 2785 1043 2816 V.
1067 2795 1161 2827 quem
1184 2785 1282 2814 Moser
1311 2782 1422 2813 laudat
1455 2785 1592 2814 Creuzer.
1613 2781 1759 2825 Symbol.

1004 2840 1033 2861 u.
1052 2828 1193 2871 Mythol.
1215 2829 1254 2859 T.
1270 2828 1322 2857 lV.
1345 2839 1376 2869 p.
1389 2825 1454 2858 423
1468 2826 1595 2859 ——433.
1623 2829 1761 2859 Klotzius

1003 2873 1096 2904 addit
1109 2874 1235 2904 Lobech.
1254 2871 1413 2913 Aglaoph.
1427 2873 1501 2902 T.1.
1524 2883 1556 2914 p.
1576 2870 1646 2903 138.
1663 2873 1703 2904 T.
1720 2873 1758 2903 Π.

1003 2929 1036 2959 p.
1057 2916 1135 2949 993.
1197 2919 1229 2949 C.
1255 2918 1332 2947 Keil.
1361 2915 1505 2946 Analect.
1531 2915 1698 2959 epigraph.
1725 2922 1758 2947 et

1004 2968 1149 2993 onomat.
1177 2960 1280 3004 (Lips.
1303 2958 1413 3001 1842.)
1441 2972 1473 3003 p.
1487 2959 1519 2991 4.

1068 3016 1147 3046 quae
1179 3007 1345 3037 tradantur
1377 3005 1543 3048 mysteriis]
1579 3005 1691 3037 Cicero
1724 3010 1757 3036 et
