1863 3221
272 127 327 169 29
875 132 1219 165 PROLEGOMENA.

271 217 346 256 tias
364 223 492 255 tamen
517 215 678 253 illorum
697 213 943 265 potissimum
965 213 1008 251 in
1030 227 1144 252 usum
1165 226 1277 251 suum
1298 221 1516 263 convertat,
1547 215 1641 265 quia
1662 217 1827 253 maxime

273 284 371 322 sorti
402 290 440 322 et
469 282 579 321 virili
604 287 780 319 utuntur
806 281 962 318 ratione
994 287 1110 331 atque
1137 280 1343 318 sententia.
1362 303 1419 309 —
1474 282 1828 333 Peripateticorum
1862 282 1863 285 ’

273 351 401 399 ratio,
432 350 500 400 qui
520 349 806 386 mediocritates
829 349 1178 399 perturbationum
1199 348 1317 385 animi
1338 350 1526 399 probent,
1556 349 1752 388 reiicitur.
1773 372 1829 378 ——
1860 361 1863 365 ⁴

273 417 476 456 vocabula
495 411 631 460 πάθος
652 422 690 453 et
717 416 932 467 aegritudo
955 416 1061 454 inter
1085 429 1124 453 se
1149 421 1442 466 comparantur.
1467 438 1519 445 —
1545 417 1616 454 His
1636 417 1828 468 praemis-

275 484 347 535 sis,
377 484 504 521 omnis
527 483 747 534 disputatio
771 474 967 521 dividitur
992 484 1035 521 in
1060 483 1155 520 duas
1175 489 1326 534 partes:
1368 496 1533 532 quarum
1558 485 1680 522 altera
1703 491 1760 522 est
1784 485 1830 522 de

274 551 427 603 origine
446 556 485 589 et
505 564 638 589 caussa
659 550 938 601 aegritudinis,
968 550 1091 588 altera
1121 550 1170 587 de
1193 550 1275 588 eius
1303 550 1518 588 curatione.
1547 549 1587 602 ᾗ.
1611 556 1678 590 22.
1706 555 1774 590 25.

639 688 673 712 a.
731 674 887 712 PRIOR
917 673 1040 711 PARS
1074 672 1462 711 DISPUTATIONIS.

1024 755 1081 778 DE

764 797 952 834 CAUSSA
982 797 1199 834 AEGRITU
1209 797 1286 834 DIN
1293 797 1349 834 [S.

389 886 532 922 Caussa
559 899 639 923 non
660 887 918 937 aegritudinis
938 887 1084 934 solum,
1117 886 1184 923 sed
1209 886 1325 922 etiam
1349 886 1591 935 reliquarum
1617 887 1832 936 perturba-

275 952 431 990 tionum
452 953 493 990 in
519 953 707 1004 opinione
733 954 805 991 sita
829 961 899 991 est.
954 954 1207 991 Perturbatio
1232 959 1359 990 autem
1386 960 1442 989 est
1466 953 1585 990 animi
1608 960 1736 990 motus
1764 967 1832 990 ra-

278 1019 397 1057 tionis
424 1033 582 1071 expers,
613 1009 724 1071 i⁸sque
750 1028 819 1058 aut
843 1021 938 1058 boni
960 1028 1030 1058 aut
1050 1021 1138 1057 mali
1161 1021 1349 1071 opinione
1376 1021 1584 1058 excitatur.
1645 1021 1748 1058 Hinc
1767 1020 1836 1058 bi-

278 1085 417 1122 fariam
456 1094 648 1136 quattuor
685 1089 1006 1138 perturbationes
1038 1088 1253 1136 aequaliter
1293 1088 1528 1125 distributae
1560 1094 1662 1125 sunt.
1708 1101 1742 1124 c.
1771 1092 1836 1126 11.

279 1153 312 1200 §.
331 1157 398 1193 24.
422 1157 489 1192 25.
547 1155 644 1192 Nam

884 1219 1240 1260 Parim-bationes

959 1289 1155 1326 exsistunt

398 1380 455 1406 aut
479 1386 518 1406 ex
543 1375 699 1418 opinione
724 1342 1409 1409 ΜΚ
1435 1362 1591 1419 opinione
1616 1376 1693 1407 mali

273 1425 948 1449 >VW·=X,
1158 1427 1817 1448 -f‘d-sz

278 1460 335 1486 aut
358 1466 397 1485 ex
422 1455 579 1498 opinione
671 1464 727 1489 aut
748 1470 787 1488 ex
812 1457 968 1500 opinione
1150 1464 1206 1489 aut
1231 1469 1270 1489 ex
1296 1458 1450 1500 opinione
1542 1464 1597 1488 aut
1622 1468 1661 1487 ex
1686 1456 1838 1499 opinione

342 1514 516 1550 praesentis
710 1515 913 1554 impendentis
1205 1515 1377 1554 praesentis
1584 1514 1788 1553 impendentis

381 1568 472 1598 bom.-
771 1573 861 1602 bom':
1243 1572 1339 1601 mali:
1637 1571 1736 1600 mali.-

355 1622 502 1654 Laetitia.
732 1627 907 1666 Cupiditas.
1205 1627 1383 1666 Aegi-itudo.
1629 1626 1735 1656 Metus.

394 1692 463 1729 His
482 1695 853 1743 perturbationibus
872 1694 1050 1732 ommibus
1070 1696 1223 1733 viribus
1241 1696 1540 1745 repugnandum
1562 1700 1637 1741 est,
1669 1694 1699 1731 si
1718 1695 1839 1731 vitam

282 1760 500 1808 tranquille
527 1761 758 1811 placideque
787 1764 996 1799 traducere
1027 1764 1222 1800 volumus.
1280 1761 1385 1799 Huic
1415 1768 1543 1798 autem
1579 1761 1838 1811 disputationi

281 1826 534 1876 propositum
556 1834 629 1875 est,
667 1835 712 1865 ut
735 1830 952 1880 aegritudo
978 1830 1219 1880 depellatur:
1257 1827 1296 1880 Β.
1320 1833 1385 1866 25.
1408 1843 1522 1878 quam
1545 1829 1719 1865 omnium
1742 1841 1837 1879 per-

282 1893 558 1931 turbationum
582 1896 848 1943 gravissimam
872 1910 969 1945 esse,
1000 1897 1152 1947 aliquot
1178 1896 1362 1947 exemplis
1384 1897 1593 1947 probatur.
1627 1910 1658 1932 c.
1687 1900 1750 1933 12.
1776 1899 1838 1933 15.
1860 1925 1861 1928 ¹

281 1960 412 2010 princ.
471 1961 627 2008 Quibus
648 1964 888 2014 praemissis,
920 1965 1071 2001 Tullius
1091 1965 1194 2001 redit
1214 1964 1263 2000 ad
1284 1964 1554 2014 explicandam
1577 1976 1749 2000 caussam
1772 1976 1839 2000 ae·-

281 2027 498 2076 gritudinis
534 2036 589 2077 et,
628 2038 881 2080 posteaquam
902 2045 981 2068 eain
999 2033 1184 2068 exsistere
1212 2031 1333 2079 dixit,
1373 2045 1490 2081 quum
1519 2031 1612 2080 quid
1635 2030 1688 2067 ita
1714 2030 1840 2068 visum

283 2100 401 2142 esset,
442 2102 488 2132 ut
508 2109 689 2147 magnum
714 2098 913 2146 quoddam
937 2099 1080 2135 malum
1105 2098 1235 2135 adesse
1260 2105 1297 2134 et
1320 2111 1458 2148 urgere
1480 2098 1705 2146 videretur,
1743 2110 1836 2134 exa-

283 2161 407 2199 minat
429 2164 604 2213 Epicuri
629 2171 666 2201 et
695 2165 1009 2216 Qut-eszcn‘coram
1038 2165 1085 2202 de
1115 2165 1361 2215 aegritudine
1389 2165 1550 2215 eiusque
1583 2178 1718 2201 caussa
1747 2178 1838 2202 sen-

283 2229 459 2268 tentiam.
518 2231 685 2281 Utrique
705 2232 746 2268 in
779 2246 824 2268 eo
859 2233 1130 2280 consentiunt,
1175 2233 1282 2281 quod
1315 2232 1598 2282 aegritudinem
1629 2231 1669 2267 in
1696 2232 1863 2268 natura'

281 2296 393 2333 sitam
418 2311 497 2335 esse
520 2306 696 2348 censent3
735 2313 778 2336 eo
804 2306 930 2338 tamen
960 2301 1172 2348 differunt,
1212 2300 1316 2349 quod
1344 2300 1523 2350 Epicurei
1555 2288 1863 2362 aegritudinem}

282 2365 446 2403 omnino
469 2366 659 2417 opinione
682 2367 792 2415 mali,
830 2369 936 2417 quod
963 2368 1133 2416 accidat,
1174 2367 1275 2404 effici
1297 2367 1494 2414 sentiunt,
1531 2366 1738 2417 Cyrenaici
1763 2378 1836 2402 au-
1859 2386 1862 2437 Ξ

281 2436 358 2467 tem
383 2446 463 2470 non
488 2447 538 2471 ex
559 2434 665 2471 omni
686 2434 807 2483 malo,
844 2435 910 2472 sed
938 2436 1141 2486 insperato
1166 2441 1204 2471 et
1231 2435 1467 2484 necopinato
1499 2434 1600 2471 malo
1627 2447 1708 2471 eam
1740 2431 1837 2469 oriri
1858 2443 1861 2481 ζ

281 2503 478 2537 statuunt.
536 2502 672 2540 Cicero
693 2503 891 2551 concedit,
923 2503 1069 2550 omnia,
1101 2516 1198 2552 quae
1217 2502 1312 2538 mala
1334 2508 1546 2552 putentur,
1577 2501 1782 2551 repentina
1801 2504 1838 2536 et
1856 2501 1861 2555 2

279 2564 496 2615 improvisa
529 2570 713 2617 graviora
749 2584 848 2618 esse,
890 2584 1003 2620 quam
1035 2571 1196 2621 provisa
1231 2576 1269 2606 et
1298 2569 1595 2620 praemeditata,
1625 2565 1664 2618 §-
1687 2570 1753 2605 28.
1785 2571 1834 2615 et,
1851 2568 1860 2640 ξ

281 2631 431 2670 etiamsi
450 2647 529 2671 non
548 2634 643 2673 haec
660 2651 738 2674 una
755 2651 817 2674 res
832 2638 974 2674 efficiat
989 2638 1192 2675 maximam
1210 2635 1507 2687 aegritudinem,
1540 2642 1677 2682 tamen,
1703 2647 1834 2684 quon·
1850 2653 1858 2661 -v

1854 2669 1858 2706 l

278 2697 355 2735 iam
382 2701 548 2738 multum
570 2703 699 2741 valeat
721 2705 903 2754 provisio
927 2705 1045 2742 animi
1069 2712 1107 2741 et
1131 2703 1385 2755 praeparatio
1410 2703 1456 2739 ad
1483 2702 1737 2739 minuendum
1759 2701 1833 2738 do·
1850 2720 1858 2771 ‘f

278 2765 422 2815 lorem,
460 2770 719 2818 aegritudinis
748 2771 993 2819 medicinam,
1035 2786 1150 2822 quam
1176 2771 1233 2808 illi
1267 2769 1500 2817 adhibeant,
1542 2770 1857 2820 lai-aecipienteS‚?

278 2846 429 2884 semper
458 2836 588 2872 omnia
611 2836 761 2874 homini
790 2837 959 2875 humana
985 2839 1168 2876 meditata
1191 2850 1268 2874 esse
1291 2837 1449 2884 debere,
1489 2837 1735 2887 probandam
1765 2835 1832 2871 iu-

277 2900 397 2938 dicat.
428 2915 458 2939 c.
479 2906 543 2941 14.
571 2908 634 2941 15.
663 2902 702 2955 ᾗ.
717 2908 784 2943 51.
842 2905 918 2941 lam
941 2905 989 2941 ad
1010 2905 1219 2955 utriusque
1242 2903 1397 2942 scholae
1417 2903 1648 2942 sententiam
1671 2901 1854 2940 uberius

275 2970 548 3018 exponendam
578 2971 883 3024 diligentiusque
912 2973 1206 3010 examinandam
1237 2971 1395 3010 transit.
1852 3022 1853 3026 Ἰ

1851 3045 1852 3099 l

1850 3113 1852 3140 l
