1832 3137
1537 48 1585 90 91

30 177 127 206 vero
158 160 256 202 situs
284 167 325 200 et
356 159 479 213 ligura
509 154 685 210 corporis
722 166 866 193 vacans
900 149 1028 189 animo
1063 159 1173 201 quam
1207 142 1330 199 possit
1353 138 1594 181 harmoniam

621 75 834 108 LIBERI.
866 68 1003 109 18,-'1-1.

33 238 216 287 efficere,
258 248 336 275 non
368 232 499 273 video.
563 227 643 271 Sed
666 227 727 267 hic
759 226 935 279 quidem,
977 219 1152 276 quamvis
1178 217 1352 259 eruditus
1381 213 1455 265 sit,
1495 212 1597 252 sicut

33 318 116 362 est,
159 310 254 350 haec
280 306 468 361 magistro
499 301 688 344 concedat
714 297 945 347 Aristoteli3
988 307 1129 335 canere
1158 293 1239 347 ipse
1270 291 1425 330 doceat.
1486 284 1596 327 Bene

35 384 135 426 enim
165 383 232 423 illo
264 379 508 422 Graecorum
541 373 748 431 proverbio
779 369 1040 425 praecipitur:

239 458 355 506 Quam
385 452 539 505 quisque
567 451 669 488 norit
695 442 837 491 drlem,
872 446 909 482 ὑλ
939 444 1011 480 hac
1040 456 1080 479 se
1108 442 1296 478 exerceat.

36 539 106 576 42.
140 529 249 572 lllam
265 542 363 569 vero
384 524 553 566 funditus
572 520 770 562 eiiciamus
789 515 1076 557 individuorum
1095 525 1299 565 corporum
1320 509 1462 550 levium
1481 513 1521 548 et
1537 520 1601 546 ro-

38 606 244 648 mundorum
264 599 562 643 concursionem
583 593 802 634 fortuitam:
838 603 951 643 quam
969 594 1098 626 tamen
1113 583 1362 625 Democritus
1381 580 1603 622 concalefa-

39 687 138 721 ctam
170 684 208 718 et
233 674 478 731 spirabilem,
518 669 557 710 id
579 674 640 709 est
671 664 905 706 animalem¹
932 693 941 711 ‚
977 672 1067 700 esse
1091 658 1230 698 vultl.
1293 654 1331 695 ls
1367 661 1496 694 autem
1522 652 1606 692 ani-

42 766 151 803 mus,
186 750 248 805 qui
263 781 273 800 ‚
308 748 340 788 si
359 753 418 787 est
441 745 576 785 horum
598 747 781 795 quattuor
799 749 1003 791 generum,
1038 746 1092 773 ex
1112 731 1250 786 quibus
1272 729 1401 769 onmia
1424 732 1606 766 constare

45 827 249 874 dicuntur,
292 835 342 862 ex
365 820 599 860 inflammata
628 813 754 854 anima
783 816 960 858 constat,
1002 814 1042 847 ut
1072 805 1316 861 potissimum
1342 799 1467 843 videri
1492 798 1608 838 video

42 898 260 946 Panaetio,
300 893 503 949 superiora
531 893 710 944 capessat
732 897 897 925 necesse
931 888 1007 922 est.
1067 878 1178 920 Nihil
1210 878 1311 918 enim
1340 875 1484 916 liabent
1515 872 1610 912 haec

45 974 120 1014 duo
143 983 289 1027 genera
310 966 421 1024 proni
440 972 479 1005 et
499 975 642 1018 supera
661 971 816 1014 semper
832 962 982 1012 petunt.
1046 952 1106 994 lta
1127 952 1211 994 sive
1228 950 1487 1005 dissipantur,
1522 959 1611 1000 pro-

141 1080 156 1111 l
184 1091 214 1110 v.
242 1076 325 1109 Adn.

48 1151 159 1180 iaceal.
192 1146 218 1176 E
236 1141 444 1176 coniunctivo
463 1142 561 1171 iaceat
578 1142 726 1180 apparet,
752 1146 813 1178 pro

50 1203 104 1225 nec
128 1190 302 1233 legendum
328 1198 396 1218 esse
416 1195 463 1218 ne.
512 1183 680 1225 Scriptura
705 1186 814 1212 autem

51 1248 106 1270 ‘nec
129 1256 174 1261 —
201 1238 276 1267 iacet*
308 1232 412 1263 multo
449 1229 553 1260 minus
588 1228 717 1269 elegans
753 1231 813 1256 est.

54 1281 244 1324 Significat-e
268 1277 335 1308 vult
359 1275 493 1311 Cicero,
533 1272 591 1303 uisi
614 1272 730 1303 horum
752 1269 815 1301 ali—

54 1326 132 1370 quid
152 1325 294 1356 animum
318 1332 388 1353 esse
409 1326 608 1355 statuamus,
636 1315 815 1347 verendum

53 1383 136 1411 esse,
160 1382 201 1400 ne
224 1376 290 1400 tam
314 1372 428 1407 vegeta
453 1375 543 1394 mens
562 1381 605 1385 —
625 1361 739 1393 iaceat.
776 1361 816 1390 V.

54 1419 91 1449 R.
108 1417 262 1448 Klotzium
283 1413 314 1443 in
333 1413 466 1451 Quaest.
481 1407 568 1440 Tull.
592 1406 663 1438 Lib.
678 1407 700 1437 l.
722 1406 818 1448 p.‘.›1.

55 1461 153 1501 Quod
179 1460 365 1495 Wesenberq.
389 1455 420 1486 in
446 1452 582 1485 Emend.
610 1453 633 1482 I.
660 1463 692 1494 p.
709 1452 740 1483 2.
767 1449 818 1480 le—

54 1505 197 1550 gendum
218 1502 417 1546 suspicatur:
445 1501 569 1530 animus
592 1499 669 1536 sit,
701 1506 756 1528 nec
776 1513 820 1518 —

55 1554 177 1590 iaceat,
202 1560 267 1580 non
293 1547 412 1591 placet.

122 1598 155 1627 in
176 1596 265 1626 corde
289 1593 368 1633 etc]
396 1591 435 1621 V.
463 1601 490 1620 c.
507 1587 548 1628 9,
576 1585 627 1619 18.
652 1593 685 1617 et
712 1583 762 1618 19.

126 1641 205 1672 CAP.
218 1638 341 1670 XVIII.
374 1635 599 1668 Dicaearchum
615 1650 654 1655 —
671 1641 740 1663 cum
753 1632 823 1662 Ari-

57 1685 196 1726 sloxeno]
219 1684 260 1714 V.
279 1695 305 1714 c.
327 1683 374 1719 10,
393 1682 447 1712 20.
470 1686 503 1709 et
521 1680 574 1710 21.
598 1683 630 1707 et
653 1688 680 1707 c.
698 1677 747 1713 11,
766 1672 820 1706 24.

60 1732 274 1763 Condolescere
299 1734 347 1758 est
370 1723 557 1756 vehementi
580 1722 696 1753 dolore
722 1719 819 1751 affici.

60 1775 114 1807 Sic
136 1785 233 1816 saepe
256 1783 324 1805 cum
346 1770 520 1802 verborum
542 1766 737 1809 simplicium
758 1764 821 1795 vim

59 1826 157 1862 auget
179 1825 276 1861 atque
298 1815 452 1853 intendit,
478 1821 512 1844 ut
536 1814 726 1849 collaudare,
751 1820 822 1840 con-

59 1867 126 1898 niti.
151 1882 193 1888 —
240 1865 282 1894 ad
309 1864 382 1893 llaec
418 1871 462 1890 sc.
493 1858 535 1889 ad
566 1869 634 1894 res,
674 1865 756 1897 quae
790 1853 822 1883 in

61 1908 270 1953 philosophia
300 1911 504 1940 tractantur,
543 1909 577 1932 ut
607 1900 718 1943 paullo
748 1904 824 1941 post

61 1957 160 1986 haec
185 1954 329 1984 concedat
354 1952 512 1987 maqislro.

131 1999 337 2030 Harmoniam
360 2013 404 2018 -—
428 2003 465 2024 ex
491 1992 660 2023 intervallis
683 1997 829 2020 sonorum

62 2062 127 2082 -,
162 2051 293 2082 quorum
316 2042 406 2071 varia
437 2038 614 2076 compositio
638 2037 731 2066 eliam
755 2035 828 2064 har-

62 2090 185 2120 monias
209 2087 299 2126 effici!
321 2085 438 2124 plures}
478 2081 570 2112 Plato
596 2079 718 2111 Phileb.
745 2090 777 2121 p.
795 2077 828 2110 7.

66 2133 102 2165 C.
116 2133 173 2163 D.:
198 2128 330 2163 ἐπειδὰν
345 2126 452 2171 λάβῃς
470 2125 510 2160 τὰ.
532 2121 747 2166 διαστήματα
769 2125 828 2165 (in-

64 2179 194 2209 tervalla
208 2175 365 2207 sonorum]
388 2170 497 2206 ὁπόσα.
517 2170 589 2204 ἐστὶ
608 2168 664 2203 τὸν
687 2165 829 2211 ἅριὲῖμόν

45 2222 129 2264 »τῆς
152 2220 268 2263 φωνῆς
291 2215 454 2259 ἐξύτητός
481 2227 517 2249 τε
545 2215 620 2254 πέρι
647 2213 704 2247 καὶ
729 2209 829 2258 βαρύ-

67 2278 188 2307 τητος,
219 2264 275 2297 καὶ
307 2261 426 2303 ὁποῖα,
463 2260 521 2294 καὶ
543 2258 622 2296 τοὺς
643 2256 740 2300 ’όρευς
764 2257 829 2290 τῶν

69 2308 308 2350 διαστημάτων
330 2307 387 2340 καὶ
410 2305 452 2339 τὰ
475 2305 513 2338 ἐκ
534 2303 660 2338 τούτων
684 2300 751 2338 ὅσα
774 2313 830 2335 συ-

71 2351 228 2395 στήματα
263 2354 432 2393 (variorum
466 2360 609 2381 sonorum
640 2350 831 2388 compositio-

70 2399 135 2437 nes]
171 2396 324 2439 γέγενεν,
362 2391 383 2427 ἃ
412 2391 603 2429 κατιδόντες
628 2393 656 2425 οἱ
686 2391 832 2433 πρόσὲεν

70 2440 152 2485 ἧμῐν
174 2445 242 2478 τοῖς
266 2438 434 2481 ἑπομένοις
458 2437 592 2473 ἐκείνοις
615 2439 725 2470 καλεῖν
747 2434 832 2469 amir&

72 2486 230 2530 ἁρμονίας
266 2483 491 2528 lklzcrrmorn‘asy:
529 2481 581 2511 ubi
607 2481 649 2511 cf.
676 2483 833 2513 Stallbaa-

70 2536 168 2565 mium
192 2543 224 2574 p.
248 2532 361 2563 150-
378 2528 446 2561 13έ.
472 2526 522 2558 ed.
550 2525 652 2557 Goth.

138 2579 212 2608 haec
236 2577 385 2614 mayistro
409 2572 568 2612 concedat]
606 2570 647 2601 H.
672 2581 699 2600 e.
723 2569 835 2611 philo—

73 2621 220 2665 sophiam
249 2618 417 2651 Aristoteli
442 2617 624 2658 relinquat‚
661 2614 731 2656 ipse
757 2625 835 2644 vero

73 2667 135 2698 arti
172 2665 313 2697 musicae
346 2673 481 2706 operam
517 2661 572 2692 det
609 2670 711 2702 eaque
756 2657 837 2689 alios

75 2711 207 2742 imbuat.

144 2757 245 2794 Quam
262 2758 388 2795 quisque
400 2752 495 2796 norit]
519 2753 575 2782 Est
590 2749 737 2781 trimeter
750 2747 834 2778 iarn-

80 2799 180 2831 bicus.
227 2800 350 2831 Eadem
375 2797 538 2830 sententia
551 2797 676 2826 Graece
700 2804 836 2835 expres—

80 2855 132 2875 sa:
147 2839 272 2886 1Ἴέἶρδοι
290 2856 340 2882 τις
358 2840 400 2886 ἥν
421 2843 560 2879 ἕκαστος
582 2839 688 2881 εἰδείη
710 2838 836 2881 τέχνην.

82 2888 248 2930 Aristoph.
269 2890 367 2932 Vesp.
396 2887 490 2921 1422.
528 2883 638 2929 (1431.
669 2882 836 2923 Dindorf.)

83 2934 222 2966 Montius
238 2932 272 2964 in
284 2933 439 2965 Observv.
459 2931 547 2963 ined.
568 2934 737 2972 comparat
757 2928 838 2959 Hor.

850 1134 909 1175 Ep.
931 1133 953 1163 I.
976 1127 1026 1170 151,
1047 1127 1100 1163 4-1.
1133 1129 1284 1170 Propert.
1306 1127 1344 1158 II.
1370 1125 1398 1164 1,
1420 1122 1474 1157 46.
1502 1120 1614 1161 Quint.

851 1180 979 1220 Smyrn.
999 1177 1024 1213 I,
1044 1174 1108 1207 462
1123 1185 1194 1216 sqq.
1233 1172 1435 1203 Athenaeum
1453 1169 1541 1206 VIII,
1560 1164 1615 1198 44.

920 1223 945 1264 Q'.
964 1224 1017 1253 42.
1064 1220 1191 1259 levium]
1218 1218 1257 1248 V.
1283 1217 1324 1247 ad
1349 1227 1375 1247 c.
1401 1214 1458 1251 11,
1481 1214 1536 1245 22.

918 1267 1160 1305 concalefactam
1173 1267 1198 1294 el
1210 1262 1402 1302 spirabilem]
1421 1259 1460 1290 H.
1474 1270 1501 1289 e.
1514 1256 1618 1299 igneis

851 1318 884 1344 et
912 1310 1007 1342 aeriis
1031 1309 1177 1352 partibus
1207 1313 1426 1338 constantem.
1476 1304 1514 1333 V.
1544 1302 1617 1332 Ari—

851 1363 930 1387 stot.
968 1355 1008 1386 de
1043 1354 1159 1385 Anima
1186 1354 1217 1390 1,
1243 1352 1274 1383 2.
1335 1351 1385 1381 cf.
1411 1351 1618 1381 Tennemnnn.

855 1400 973 1434 Gesch.
999 1399 1031 1431 d.
1053 1398 1176 1430 Philos.
1201 1398 1241 1429 T.
1259 1397 1281 1427 I.
1308 1407 1340 1438 p.
1356 1395 1423 1428 27&
1436 1405 1483 1436 sq.
1519 1398 1553 1423 et
1579 1390 1620 1421 de

854 1445 1045 1488 Leucippo,
1071 1443 1123 1487 qui
1144 1443 1175 1474 in
1196 1442 1258 1473 hac
1279 1453 1313 1472 re
1333 1451 1406 1472 cum
1429 1436 1620 1470 Democrito

857 1490 1042 1528 consentit,
1072 1501 1104 1531 p.
1125 1487 1191 1521 ‘265
1209 1498 1256 1529 sq.

923 1538 957 1567 id
976 1539 1018 1567 esl
1039 1532 1223 1576 animalem]
1253 1532 1344 1562 Haec
1366 1529 1465 1561 verba
1490 1528 1535 1560 W.
1558 1537 1623 1557 uti-2

858 1582 901 1614 cis
922 1580 1041 1612 cinxit:
1078 1579 1193 1622 quibus
1219 1589 1255 1608 ea
1277 1582 1368 1608 recte
1392 1572 1546 1605 liberavit
1569 1574 1623 1604 Or.

859 1626 956 1670 „qnia
988 1625 1055 1656 hoc
1087 1623 1271 1666 significatu
1299 1633 1372 1653 voc.
1398 1620 1546 1651 animalis
1570 1616 1624 1647 vix

855 1670 1040 1704 intrusisset
1062 1669 1237 1711 glossator.
1284 1667 1411 1697 Neutra
1434 1675 1496 1695 vox
1526 1672 1624 1706 quum

856 1717 934 1749 satis
954 1728 1012 1758 per
1032 1726 1066 1745 se
1088 1714 1233 1756 placeret
1254 1710 1425 1747 Ciceroni,
1451 1716 1626 1749 utrumque

857 1761 978 1806 posuit.
1028 1759 1073 1790 Cf
1112 1758 1182 1789 Fin.
1212 1758 1269 1788 III.
1297 1756 1404 1790 §.1:3:
1443 1754 1515 1784 Erit
1540 1751 1626 1783 enim

859 1807 988 1843 notius,
1014 1803 1109 1847 quale
1132 1803 1192 1839 sit,
1218 1801 1365 1844 pluribus
1391 1806 1540 1830 notatum
1562 1807 1624 1826 vo-

860 1851 982 1883 cabulis
998 1849 1084 1879 idem
1103 1845 1355 1878 declarantibus.
1382 1847 1408 1882 ξ.
1423 1844 1500 1875 55.“
1535 1840 1628 1873 Idem

861 1909 887 1928 c.
913 1899 948 1927 D.
974 1900 1005 1925 et
1030 1895 1075 1924 W.
1099 1904 1159 1935 pro
1186 1891 1272 1932 vulg.
1297 1891 1393 1921 voluit
1415 1893 1504 1919 recte
1528 1885 1628 1918 resti-

862 1941 927 1972 tuit
950 1941 1033 1977 rull,
1060 1938 1104 1968 uti
1129 1944 1179 1967 est
1199 1937 1231 1967 in
1257 1936 1294 1966 R.
1316 1935 1347 1965 b.
1370 1933 1505 1975 aliisque
1529 1930 1627 1963 codd.

864 1987 1019 2018 Praesens
1045 1982 1076 2013 in
1106 1982 1169 2013 hac
1193 1993 1229 2012 re
1254 1980 1379 2022 optime
1412 1989 1483 2009 sese
1515 1977 1627 2008 habet.

864 2032 903 2063 V.
929 2029 1095 2061 Adnotata
1120 2027 1151 2058 in
1178 2027 1218 2058 H.
1247 2027 1309 2061 21,
1335 2022 1389 2056 49.

931 2078 961 2108 Is
984 2077 1087 2105 aulem
1111 2071 1250 2114 animus]
1288 2068 1453 2112 Expositis
1477 2067 1630 2110 philoso-

864 2121 1004 2164 phorum
1029 2118 1070 2149 de
1095 2117 1277 2149 animorum
1310 2121 1426 2146 natura
1460 2111 1631 2155 opinioni-

864 2167 943 2205 bus,
970 2164 1084 2195 Cicero
1106 2173 1195 2193 suam
1218 2159 1416 2192 sententiam
1438 2167 1632 2200 expromere

865 2209 1064 2254 aggreditur.
1136 2206 1298 2238 particula
1342 2208 1445 2236 aulem
1494 2200 1633 2232 inservit

864 2253 1073 2292 trunsitioni,
1107 2259 1140 2283 et
1162 2262 1260 2293 saepe
1284 2249 1350 2286 ita,
1386 2255 1419 2278 ut
1447 2245 1633 2277 sententia—

865 2313 937 2334 rum
962 2305 1153 2331 contextum
1172 2297 1391 2334 interruptum
1415 2296 1556 2333 repetat.
1591 2290 1631 2320 V.

866 2348 1022 2378 Bremium
1043 2342 1082 2373 ad
1109 2343 1143 2372 C.
1162 2341 1246 2381 Nep.
1269 2338 1364 2368 Dion.
1387 2337 1445 2374 III,
1459 2336 1489 2367 5.
1512 2347 1543 2377 p.
1561 2334 1634 2366 155.

867 2393 963 2423 Beier.
986 2388 1027 2418 ad
1050 2387 1151 2417 Cicer.
1167 2384 1264 2415 Offic.
1289 2383 1313 2420 1,
1336 2384 1367 2413 8.
1390 2393 1421 2423 p.
1439 2381 1492 2412 55.
1528 2380 1634 2411 Hand.

868 2433 1008 2466 Tursell.
1037 2433 1060 2461 I.
1098 2441 1129 2471 p.
1156 2426 1221 2461 564
1239 2439 1287 2470 sq.
1345 2428 1480 2457 Kiihner.
1506 2425 1545 2455 L.
1573 2424 1632 2455 Gr.

869 2480 897 2521 (i.
927 2478 1006 2514 136,
1031 2477 1063 2506 2.
1089 2474 1135 2510 sil.
1184 2472 1235 2505 Cf.
1268 2471 1308 2503 ad
1343 2471 1423 2503 c.‘2l
1443 2495 1450 2507 ,
1476 2467 1532 2501 49.
1580 2468 1635 2500 Sic

872 2524 927 2554 Gr.
955 2520 1012 2555 δέ.
1048 2520 1088 2550 V.
1113 2519 1236 2559 Pfluyk.
1260 2517 1301 2548 ad
1326 2517 1401 2547 Eur.
1427 2515 1509 2545 Hec.
1540 2514 1633 2546 1211.

949 2576 986 2597 ex
1022 2566 1219 2604 inflammata
1253 2561 1385 2603 anima]
1437 2558 1636 2601 Intelligitur

869 2611 1000 2652 πνεῦμα
1019 2607 1190 2650 πυροειδές
1213 2619 1230 2638 e
1252 2606 1438 2638 Stoicorum
1461 2603 1635 2635 sententia.

870 2657 910 2686 V.
935 2655 976 2686 de
1000 2654 1049 2686 his
1074 2660 1106 2684 et
1130 2651 1341 2695 sequentibus
1366 2649 1474 2681 verbis
1503 2651 1635 2688 Wytten-

871 2702 1013 2732 bachium
1040 2699 1080 2730 de
1107 2697 1355 2729 immortalitate
1389 2695 1498 2726 animi.
1546 2696 1634 2723 Sect.

872 2747 959 2777 VIII.
980 2744 1131 2787 Opuscul.
1157 2745 1198 2775 T.
1217 2744 1254 2774 II.
1289 2749 1322 2773 et
1350 2742 1496 2780 u'ynenb.
1523 2747 1634 2779 opusc.

871 2791 981 2822 select.
1005 2789 1055 2821 ed.
1076 2790 1293 2820 Friedemann.
1316 2786 1388 2817 Vol.
1406 2787 1445 2816 II.
1471 2795 1502 2825 p.
1518 2781 1635 2814 ¹278-

871 2836 948 2868 2250.
995 2836 1044 2866 De
1065 2833 1220 2866 Panaetio
1245 2844 1275 2863 v.
1298 2841 1360 2863 van
1382 2830 1520 2869 Lynden.
1542 2825 1635 2867 Disp.

873 2880 914 2912 de
939 2879 1095 2912 Panaetio
1122 2877 1242 2920 (Lugd.
1269 2878 1339 2907 Bai.
1366 2873 1475 2906 1502&
1503 2882 1536 2913 p.
1552 2868 1608 2902 69.

939 2927 998 2965 lta,
1020 2927 1082 2956 sive
1095 2921 1302 2963 dissipantur]
1328 2921 1562 2960 Exspectamus
1574 2916 1637 2946 sive
