1863 3221
244 83 328 126 376

245 180 284 213 et
306 185 421 228 posse
444 179 482 212 et
501 176 681 225 oportere
695 198 705 218 ,
740 167 981 207 enumeratio
1002 180 1158 218 eorum,
1191 167 1254 221 qui
1273 168 1458 209 tulerunt.
1519 167 1607 209 Etsi
1627 169 1799 224 aegritu-

247 246 349 287 dinis
373 243 520 285 sedatio
547 249 585 282 et
608 242 790 281 besterna
813 240 1072 294 disputatione
1099 239 1294 295 explicata
1323 248 1383 282 est
1412 249 1451 282 et
1481 241 1522 282 in
1552 239 1801 283 Consolatio-

250 319 309 358 nis
333 318 451 367 libre,
497 328 608 368 quem
641 313 680 353 in
715 313 841 353 medio
871 314 967 366 (non
992 313 1094 353 enim
1125 313 1321 368 sapientes
1351 314 1524 369 eramus)
1557 328 1735 355 maerore
1764 322 1804 355 et

820 88 981 120 Lissnu
1005 89 1061 121 iv.
1085 87 1151 129 30,
1175 86 1230 121 64.

251 390 382 430 dolore
414 386 739 442 conscripsimus,
780 386 956 440 quodque
990 393 1096 426 vetat
1128 384 1371 441 Chrysippus
1399 388 1447 428 ad
1479 394 1659 428 recentes
1695 387 1804 441 quasi

251 471 422 503 tumores
448 460 564 500 animi
585 445 796 500 remedium
824 459 1007 500 adhibere
1025 491 1035 509 ,
1077 459 1113 499 id
1139 473 1209 499 nos
1238 459 1424 510 fecimus,
1465 467 1704 514 naturaeque
1726 460 1804 500 vim

251 535 472 583 attulimus,
508 540 547 573 ut
578 532 829 586 magnitudini
856 518 1070 573 medicinae
1102 532 1246 573 doloris
1277 533 1501 586 magnitudo
1527 533 1775 574 concederet.

364 605 510 647 XXX.
554 612 624 647 64.
660 605 740 647 Sed
764 606 1022 660 aegritudini,
1055 606 1101 646 de
1127 620 1201 659 qua
1225 605 1320 646 satis
1344 612 1406 646 est
1431 606 1687 660 disputatum,
1721 605 1806 646 fini-

252 682 368 721 timus
393 687 453 720 est
476 686 626 730 metus,
670 679 717 719 de
743 694 817 733 quo
849 693 967 733 pauca
999 679 1160 719 dicenda
1182 685 1287 719 sunt.
1350 677 1424 719 Est
1452 679 1554 719 enim
1579 686 1727 730 metus,
1766 685 1808 720 ut

251 753 452 809 aegritudo
475 752 715 807 praesentis,
750 752 807 792 sie
833 752 898 792 ille
924 752 1041 792 futuri
1072 752 1177 792 mali.
1243 750 1375 806 Itaque
1400 752 1573 792 nonnulli
1598 752 1807 807 aegritudi-

253 828 311 867 uis
335 833 481 881 partem
508 826 698 879 quandam
721 833 863 865 metum
888 839 976 866 esse
999 825 1202 875 dicebant,
1235 824 1300 865 alii
1319 831 1446 865 autem
1470 831 1611 865 metum
1633 839 1809 880 praemo-

251 900 402 941 lestiam
430 899 694 953 appellabant,
737 898 836 951 quod
864 900 1000 938 esset¹
1027 898 1137 951 quasi
1171 898 1250 938 dux
1283 898 1559 952 consequentis
1589 898 1805 939 molestiae.

252 972 404 1026 Quibus
425 971 542 1025 igitur
570 971 785 1011 rationibus
807 970 992 1010 instantia
1016 971 1216 1021 feruntur,
1251 971 1396 1010 eisdem
1420 978 1720 1011 contemnuntur
1747 985 1809 1012 se-

250 1045 421 1099 quentia.
482 1043 585 1084 Nam
608 1043 814 1084 videndum
842 1042 961 1083 estin
986 1043 1182 1097 utrisque,
1227 1057 1275 1082 ne
1302 1043 1579 1097 quidbumile,
1623 1044 1803 1085 summis-

251 1132 352 1167 sum,
386 1117 517 1166 molle,
552 1115 832 1166 effeminatum,
868 1117 1031 1156 fractum
1049 1116 1315 1170 abiectumque
1338 1115 1539 1156 faciamus.
1594 1115 1672 1158 Sed
1691 1131 1810 1171 quan-

252 1205 364 1245 quam
399 1191 445 1230 de
467 1190 589 1244 ipsius
613 1196 738 1229 metus
770 1189 1055 1239 inconstantia,
1097 1189 1383 1240 imbecillitate,
1428 1190 1585 1231 levitate
1607 1190 1808 1231 dicendum

254 1271 337 1314 est,
381 1272 508 1303 tamen
541 1263 701 1303 multum
725 1263 883 1317 prodest
908 1275 976 1313 ea,
1018 1276 1114 1316 quae
1143 1269 1387 1312 metuuntur,
1429 1263 1510 1317 ipsa
1543 1270 1808 1305 contemnere.

251 1335 412 1390 Itaque,
455 1335 540 1378 sive
575 1350 666 1376 casu
693 1335 854 1386 accidit,
901 1337 985 1376 sive
1017 1335 1205 1386 consilio,
1249 1337 1519 1390 percommode
1554 1338 1696 1377 sactum
1732 1345 1807 1387 est,

341 1465 460 1497 XXX.
512 1464 527 1496 1
556 1465 610 1496 Sic
633 1467 687 1496 Or.
711 1477 728 1497 e
749 1464 854 1497 Bentl.
877 1465 961 1497 coni.
984 1471 1017 1497 et
1037 1465 1085 1497 sic
1107 1465 1203 1497 codd.
1228 1465 1326 1498 Vind.
1339 1464 1371 1498 2.
1396 1464 1533 1498 Mon.2.
1555 1477 1616 1509 pro
1642 1465 1727 1508 vulg.
1749 1469 1809 1498 est:

255 1509 345 1554 quod
369 1509 495 1553 recepit
518 1510 599 1549 KL,
624 1521 710 1542 nunc
734 1517 843 1542 autem
868 1510 902 1542 in
925 1510 1010 1542 Add.
1032 1521 1065 1553 p.
1084 1509 1159 1543 177.
1184 1510 1301 1543 reiicit.

251 1589 399 1620 laborem
418 1599 542 1620 summa
561 1599 634 1620 cum
657 1600 732 1620 cura
748 1591 858 1629 efferas
876 1588 1011 1621 nullum.

252 1634 387 1666 Lucret.
401 1634 424 1672 1,
450 1632 532 1666 142:
559 1633 705 1676 quemvis
722 1636 833 1674 ecferre
853 1633 1013 1665 laborem.

320 1677 399 1720 Etsi]
436 1680 499 1710 Etsi
532 1689 600 1709 non
633 1685 792 1721 sequente
817 1677 957 1720 apodosi
981 1678 1014 1709 vi

253 1722 438 1764 corrigendi
484 1729 659 1765 usurpatur
691 1734 752 1765 pro
787 1723 1014 1765 frequentiore

251 1777 443 1808 quanquam.
483 1767 533 1798 Cf.
555 1769 578 1798 I.
602 1766 657 1805 4⁴2,
671 1767 725 1800 99.
755 1769 793 1799 V.
819 1767 937 1806 13,3t5.
963 1768 1012 1807 19,

252 1814 304 1843 55.
330 1815 385 1850 20,
407 1812 460 1844 ὃὸ.
487 1814 592 1844 Hand.
613 1812 753 1844 Tursell.
779 1814 818 1844 ΙΙ.
839 1810 952 1855 p.604
965 1823 1013 1855 sq.
1049 1812 1148 1844 animi
1171 1832 1213 1836 —
1240 1824 1307 1844 non
1331 1813 1490 1845 tollerent
1510 1832 1548 1837 -
1568 1825 1730 1856 quumque
1754 1825 1808 1846 eas

252 1858 388 1888 Kilhner.
414 1857 450 1886 L.
474 1857 530 1889 Gr.
557 1860 585 1900 §.
605 1858 676 1890 155.
702 1858 783 1889 Not.
797 1855 829 1889 4.
1044 1860 1290 1898 perturbationes
1306 1877 1346 1882 —
1367 1858 1531 1890 naturales
1556 1870 1626 1889 esse
1650 1859 1808 1891 dicerent.

319 1904 350 1933 in
385 1903 486 1933 medio
519 1902 671 1945 maerore]
714 1908 854 1944 propter
886 1901 1013 1933 obitum
1048 1904 1091 1934 N.
1117 1904 1157 1934 D.
1181 1904 1205 1941 1,
1231 1903 1291 1936 ὅδε
1317 1902 1382 1935 hoc
1405 1903 1494 1934 idern
1518 1903 1586 1934 fieri
1608 1903 1640 1934 iu
1664 1906 1740 1935 deo:
1765 1923 1808 1928 —-

252 1945 348 1977 filiae.
395 1946 520 1984 „Diese
544 1947 623 1978 leise
637 1971 644 1985 ,
680 1947 741 1978 mit
764 1947 824 1978 der
846 1947 1012 1989 innigsten
1049 1959 1089 1979 ex
1100 1959 1164 1990 quo
1187 1958 1256 1979 esse
1276 1950 1355 1980 beati
1375 1954 1473 1991 atque
1495 1951 1611 1979 aeterni
1633 1950 1809 1989 intelliyan-

251 1991 378 2022 Trauer
401 2002 453 2021 um
473 1990 526 2022 die
547 1991 691 2033 geliebte
704 1992 852 2024 Tochter
867 1993 1013 2023 verbun-
1049 1996 1107 2024 tur.
1156 1994 1290 2024 Inverso
1324 1992 1439 2024 ordine
1472 1995 1568 2024 Tusc.
1596 1994 1634 2024 V.
1665 1994 1721 2031 15,
1743 1992 1805 2025 43:

1050 1600 1120 1620 esse
1138 1588 1334 1631 scripturam
1350 1588 1437 1631 vulg.
1450 1591 1712 1629 perturbationem
1730 1600 1810 1621 ceu—

1049 1640 1110 1665 set.
1159 1634 1244 1665 Nam
1267 1633 1356 1676 quod
1389 1634 1494 1665 oratio
1517 1646 1535 1665 a
1558 1633 1713 1676 singulari
1745 1646 1810 1667 nu-

1049 1689 1140 1710 mero
1171 1678 1213 1710 ad
1238 1678 1396 1721 pluralem
1422 1680 1538 1721 (omnes
1559 1681 1623 1720 eas)
1651 1679 1808 1718 deflectit,

1048 1723 1080 1754 id
1116 1723 1200 1755 male
1235 1735 1295 1755 nos
1326 1723 1447 1755 habere
1476 1735 1542 1755 non
1578 1731 1700 1766 potest.
1757 1725 1810 1756 Sic

1049 1768 1150 1800 Acad.
1172 1769 1196 1800 I.
1219 1769 1270 1807 10,
1284 1768 1346 1801 38:
1371 1780 1534 1811 quumque
1552 1771 1811 1808 perturbationem

253 2035 348 2072 dene,
379 2035 486 2066 Ironie
509 2035 583 2067 liess
604 2036 673 2067 sich
694 2036 786 2067 nicht
805 2037 1013 2079 anmuthiger

254 2078 469 2116 ausdriickeu,
496 2079 542 2110 als
564 2080 667 2111 durch
683 2080 755 2111 eine
777 2081 901 2117 solche,
920 2088 1014 2113 sonst

252 2123 305 2154 bei
329 2123 394 2155 Cic.
411 2124 688 2165 uugewo'huliche,
713 2125 912 2156 Parenthese
933 2125 1012 2156 zwi-

253 2168 351 2198 scheu
378 2168 410 2199 d.
437 2168 565 2209 Adject.
590 2179 620 2199 u.
648 2169 782 2201 Subst.“
831 2171 919 2209 Wolf.

320 2215 363 2244 ad
390 2218 522 2246 recentes
555 2216 645 2253 quasi
677 2218 809 2246 tumores
833 2216 911 2255 etc.]
963 2214 1012 2245 Cf.

253 2269 350 2298 supra
373 2259 430 2288 111.
452 2259 504 2295 51,
520 2258 572 2292 76.
600 2258 760 2301 Apposite
783 2261 883 2290 Moser
904 2270 1010 2301 comp.

252 2302 335 2334 Plin.
358 2314 408 2345 ep.
429 2304 467 2340 V,
494 2302 552 2335 16:
578 2309 614 2334 ut
637 2303 723 2334 enim
749 2303 883 2335 crudum
905 2303 1013 2335 adhuc

254 2347 369 2378 vulnus
411 2347 613 2379 medentium
648 2359 761 2379 manus
802 2348 1010 2387 reformidat,

256 2392 375 2424 deinde
401 2393 524 2435 patitur
548 2399 647 2435 atque
672 2393 758 2424 ultro
783 2393 937 2436 requirit3
966 2393 1013 2425 sic

256 2448 369 2468 recens
394 2437 493 2469 animi
516 2437 612 2470 dolor
642 2438 884 2470 consolationes
909 2438 1015 2470 reiicit

257 2492 295 2512 ac
321 2482 460 2524 refugit,
494 2493 560 2513 nou
585 2482 752 2514 desiderat
776 2489 810 2515 et
837 2483 1015 2515 clementer

256 2525 396 2557 admotis
421 2527 607 2568 acquiescit.

325 2569 400 2601 CAP.
419 2572 536 2602 XXX.
563 2570 658 2614 §.o-t.
691 2575 841 2605 instantia
863 2575 1015 2614 feruntur,

256 2633 297 2638 —
321 2618 554 2647 contemnuntur
576 2619 745 2659 sequentia]
782 2619 821 2651 V.
843 2618 885 2650 ad
915 2619 956 2650 11.
982 2616 1013 2658 4,

259 2659 307 2691 11.
354 2661 492 2690 medetur
515 2678 557 2683 —
581 2664 713 2694 timores.

326 2705 412 2743 Quae
434 2706 460 2735 si
480 2706 611 2743 probata
635 2707 718 2749 sunt]
745 2708 784 2738 V.
810 2707 852 2739 ad
876 2707 926 2747 11,
950 2708 1011 2741 ‘252

256 2750 294 2781 de
319 2751 462 2787 Timone,
486 2751 539 2787 qui
561 2766 605 2772 —
625 2753 832 2789 appellantur.

327 2793 404 2824 CAP.
428 2793 562 2824 XXXI.
589 2795 615 2834 ξ.
630 2793 682 2825 65.
719 2805 797 2834 quae
818 2799 947 2835 pertinet
971 2798 1015 2829 ad

255 2840 354 2870 animi
374 2839 650 2878 perturbationem]
678 2839 715 2869 D.
740 2840 814 2870 Ern.
835 2842 892 2871 W.
917 2843 970 2873 Or.
995 2853 1014 2872 e

255 2883 338 2915 coni.
377 2882 514 2914 Bentleii
543 2881 717 2914 ediderunt
749 2887 1014 2926 perturbationes;

252 2928 308 2959 sed
330 2930 383 2960 Or.
410 2927 442 2959 in
465 2927 516 2959 ed.
544 2926 637 2961 1829.
669 2933 759 2960 recte
793 2930 1011 2962 revocandam

1048 2048 1147 2080 quum
1175 2039 1420 2077 perturbationes
1450 2037 1548 2068 animi
1580 2037 1742 2069 miseriam
1764 2055 1809 2061 —

1048 2082 1214 2120 efficiant,
1249 2082 1434 2125 duplexque
1463 2082 1547 2114 ratio
1571 2085 1810 2122 perturbationis

1047 2126 1098 2157 sit.
1138 2126 1209 2157 Fiu.
1232 2128 1271 2158 11.
1294 2126 1345 2165 19,
1369 2128 1407 2159 61
1428 2139 1433 2157 z
1460 2127 1583 2170 aliquid
1604 2127 1644 2159 de
1666 2130 1808 2168 volupta-

1045 2173 1125 2201 tibus
1147 2173 1212 2201 suis
1236 2171 1430 2212 cogitabat?
1468 2183 1543 2202 nam
1575 2172 1629 2202 ubi
1659 2182 1727 2203 eam
1751 2183 1808 2203 ca-

1047 2221 1141 2257 peret
1165 2214 1235 2245 —?
1272 2216 1326 2247 ubi
1354 2227 1385 2247 v.
1406 2218 1601 2255 Mada-imum
1625 2228 1655 2258 p.
1677 2217 1742 2247 250
1755 2227 1805 2258 sq.

1048 2258 1192 2291 Primum
1223 2259 1256 2291 h.
1278 2260 1299 2291 l.
1323 2260 1449 2292 Tullius
1481 2260 1522 2290 de
1555 2270 1662 2300 genere
1686 2266 1742 2291 aut
1766 2260 1807 2291 de

1047 2303 1198 2335 universa
1238 2304 1336 2335 animi
1373 2304 1620 2346 perturbatione
1654 2305 1807 2347 loquitur,

1048 2356 1117 2380 tum
1138 2348 1309 2380 descendit
1327 2349 1368 2381 ad
1387 2354 1501 2389 partes.
1539 2352 1642 2392 Supra
1666 2350 1719 2389 27,
1745 2350 1804 2382 59:

1049 2401 1156 2426 utrum
1180 2393 1222 2425 ad
1247 2397 1424 2426 universam
1448 2394 1729 2437 perturbationem
1752 2413 1808 2437 —‚

1049 2451 1090 2470 an
1122 2438 1165 2470 ad
1203 2441 1344 2479 singulas
1378 2458 1418 2462 —
1455 2439 1651 2471 adhibeatur
1687 2439 1806 2471 oratio.

1049 2484 1103 2523 28,
1120 2483 1184 2516 60:
1210 2486 1309 2516 omnis
1324 2486 1513 2524 perturbatio
1533 2484 1631 2515 animi
1651 2503 1696 2509 —
1719 2484 1806 2525 ipsas

1045 2530 1299 2569 perturbationes.
1347 2529 1398 2561 Cf.
1419 2531 1523 2560 Hand.
1553 2528 1595 2559 ad
1618 2528 1740 2570 W'opk.
1772 2539 1805 2571 p.

1052 2574 1125 2605 118.
1147 2573 1253 2614 ipsum
1274 2575 1378 2613 Wopk.
1393 2584 1424 2614 p.
1436 2575 1537 2615 205q.
1562 2575 1662 2604 Klotz.
1674 2574 1807 2612 Quaest.

1049 2617 1136 2650 Tull.
1162 2619 1185 2649 Ι.
1205 2629 1238 2660 p.
1254 2615 1326 2650 114.
1368 2620 1499 2649 Wesenb.
1514 2619 1579 2648 Em.
1593 2618 1647 2650 ΙΙΙ.
1663 2629 1693 2660 p.
1709 2618 1743 2649 11
1757 2629 1807 2661 sq.

1051 2662 1103 2694 Cf.
1128 2673 1189 2694 nos
1220 2661 1263 2694 ad
1290 2663 1329 2694 ΙΙ.
1351 2662 1413 2700 23,
1440 2659 1500 2693 54:
1550 2662 1741 2704 corporibus
1762 2682 1806 2687 —

1048 2707 1184 2739 animus.
1229 2713 1262 2738 et
1282 2706 1324 2737 ad
1347 2707 1403 2739 IV.
1427 2705 1485 2745 11,
1506 2707 1566 2738 25:
1593 2706 1634 2738 de
1655 2707 1804 2746 Timone,

1049 2752 1103 2795 qui
1120 2770 1164 2776 —
1180 2751 1398 2794 appellantur.

1113 2806 1259 2829 caussam
1282 2796 1446 2837 continere]
1473 2795 1514 2827 V.
1536 2795 1578 2827 ad
1601 2797 1656 2828 III.
1673 2793 1726 2837 34,
1741 2796 1802 2830 58:

1048 2841 1137 2885 quod
1161 2853 1229 2872 rem
1255 2840 1411 2872 continet.

1115 2889 1172 2918 Hic
1196 2888 1289 2926 ἱρέων
1311 2885 1407 2927 error]
1448 2884 1581 2916 Brevius
1607 2885 1731 2917 dictum
1755 2893 1806 2918 est

1047 2942 1127 2974 pro:
1164 2941 1262 2973 quum
1285 2932 1378 2971 i9itur
1402 2940 1514 2961 omnes
1540 2930 1804 2973 perturbationes
