1863 3221
216 217 277 244 PssS
286 233 293 242 .

805 116 976 149 ‘LIBER
1004 118 1029 148 Ι.
1052 113 1093 155 6,
1124 115 1172 148 11.

798 196 861 237 Μ.
895 194 999 249 Quia
1029 195 1198 235 disertus
1227 207 1315 234 esse
1344 208 1520 247 possem,
1566 193 1597 233 si
1635 200 1770 233 contra

563 279 625 312 Η.
659 271 710 310 Α.
744 268 843 323 Quis
866 269 968 309 enim
995 283 1073 308 non
1104 267 1142 307 in
1174 267 1360 307 eiusmodi
1389 268 1556 307 caussa?
1586 273 1653 306 aut
1684 266 1772 319 quid

349 201 400 241 A.
435 198 542 242 Cur?
572 211 732 253 quaeso.

215 278 289 316 ista
310 275 493 315 dicerem.

217 348 361 403 negotii
390 355 451 389 est
470 347 566 387 baec
587 351 788 399 poctarum
820 349 859 382 et
883 341 1070 397 pictorum
1099 347 1276 395 portenta
1308 340 1570 380 convincere?
1610 338 1674 379 M.
1698 338 1772 378 At-

217 421 281 475 qui
307 421 409 476 pleni
441 420 526 460 libri
553 419 678 458 suntl
707 423 842 456 contra
873 415 946 456 ista
983 415 1063 469 ipsa
1097 413 1369 454 disserentium
1402 412 1715 467 philosophorum
1731 414 1769 450 2.

222 494 268 534 Α.
301 492 438 547 Inepte
462 505 572 532 sanc.
636 488 734 543 Quis
764 497 823 529 est
846 488 949 528 enim
967 491 984 514 ³
1017 495 1092 527 tani
1117 500 1285 536 excom,
1329 499 1440 539 quem
1467 486 1540 526 ista
1567 485 1775 526 moveant?

220 568 282 608 M.
306 566 349 608 Si
374 580 467 620 crgo
492 564 589 619 apud
616 564 762 604 inferos
788 562 918 602 miseri
951 575 1027 601 non
1055 567 1166 610 sunt,
1211 573 1259 599 ne
1283 565 1374 598 sunt
1403 558 1554 612 quidem
1588 558 1688 610 apud
1717 557 1776 596 in-

492 638 544 678 A.
577 635 635 677 lta
662 649 822 690 prorsus
859 634 1058 675 existimo.

221 642 323 681 seros
350 639 429 680 ulli.
1124 633 1186 673 M.
1224 631 1297 673 Ubi
1320 638 1410 672 sunt
1432 634 1563 685 ergo4
1596 630 1645 681 ii,
1680 644 1776 684 quos

218 713 383 753 miseros
405 711 527 752 dicis?
558 717 624 751 aut
645 723 756 764 quem
779 711 901 748 locum
921 707 1123 747 incolunt?
1154 706 1184 745 si
1207 706 1306 745 euim
1329 712 1439 754 sunt,
1475 717 1660 758 nusquam
1689 716 1776 742 essc

311 841 325 873 1
353 841 407 872 sic
427 841 465 872 R.
490 840 518 873 1.
534 839 565 872 2.
585 839 618 871 b.
642 845 674 870 et
697 837 846 869 nonnull.
871 836 946 868 edd.
971 842 1052 867 vett.
1078 836 1120 878 (v.
1142 835 1226 866 Mos.
1251 834 1292 865 ad
1316 834 1348 865 h.
1363 833 1385 865 1.
1409 840 1441 865 et
1460 833 1494 864 in
1517 832 1642 874 Corrig.
1666 833 1706 864 T.
1723 833 1777 862 ΙΙΙ.

218 884 377 930 p.-'138.);
405 888 458 916 Or.
474 897 500 916 c.
519 884 650 926 reliquis
670 883 759 914 libris
776 885 858 922 pleni
881 885 950 913 sunt
973 883 1050 913 libri.
1098 879 1119 911 2
1144 892 1172 911 v.
1193 879 1273 910 Adn.
1321 878 1342 911 3
1367 879 1406 912 R.
1423 876 1585 910 1.2.3.4.
1611 877 1642 908 b.
1669 877 1776 908 Marb.

224 931 326 963 Rehd.
352 929 485 962 Gu‹l.2.
514 929 625 961 Duisb.
652 929 742 960 Mon.
770 927 845 958 edd.
870 932 951 958 vett.
978 927 1019 959 H.
1040 931 1074 956 et
1097 926 1136 957 D.
1185 927 1261 963 Quis
1285 926 1366 956 enim
1389 927 1450 955 esl:
1476 920 1565 965 qnod
1590 932 1695 963 nuper
1724 932 1779 952 re·-

221 976 308 1019 cepit
331 978 387 1008 Tr.
437 976 476 1007 V.
500 974 584 1006 Adn.
604 974 638 1004 in
662 985 688 1005 c.
712 971 766 1013 27,
792 969 845 1003 66.
894 970 916 1003 4
940 971 994 1002 Sic
1019 970 1054 1002 R.
1078 969 1207 1001 Gud.1.
1223 967 1288 1000 2b.
1314 968 1474 1009 multique
1495 967 1548 998 alii
1570 972 1602 997 et
1623 965 1779 1008 permult.

220 1021 296 1052 edd.
320 1027 422 1057 vett.;
449 1022 502 1050 Or.
529 1031 555 1050 c.
579 1018 650 1050 aliis
673 1028 744 1058 ergo
766 1020 845 1048 sunt.
893 1016 1072 1058 Comparat
1091 1016 1230 1046 Klotzius
1255 1013 1352 1055 (Add.
1375 1012 1464 1054 pe.)
1489 1010 1596 1054 §.121
1623 1013 1708 1050 Quid
1731 1012 1780 1042 di-

221 1069 264 1098 cis
283 1067 402 1106 igilur?
426 1071 459 1095 et
482 1071 572 1095 recte
597 1063 714 1101 docet,
740 1072 872 1093 omnem
891 1060 1076 1092 sententiae
1099 1059 1167 1090 vim
1190 1069 1260 1089 esse
1282 1058 1316 1089 in
1343 1060 1395 1089 ubi
1420 1061 1501 1089 sunt.

221 1133 308 1162 Bene
340 1130 451 1162 hercle
485 1141 606 1161 narras.
656 1130 696 1160 V.
722 1129 846 1159 Schizcz.
871 1126 982 1158 Lexic.

220 1175 322 1207 Cicer.
351 1175 382 1206 h.
411 1187 439 1205 V.

287 1232 315 1266 G.
334 1230 384 1264 11.
420 1232 496 1270 Quis
518 1228 612 1271 enim]
639 1228 680 1259 H.
696 1239 721 1259 e.
744 1227 841 1259 facile
864 1225 982 1263 credo3

222 1271 297 1320 quis,
314 1276 399 1307 enim
422 1276 454 1306 in
477 1273 684 1305 confutandis
706 1271 866 1304 eiusmodi
890 1283 981 1302 com-

221 1321 339 1353 mentis
361 1320 502 1351 disertus
524 1329 594 1349 esse
615 1329 681 1349 non
701 1316 840 1360 posset?
877 1318 983 1357 Saepe

222 1379 238 1398 a
264 1365 429 1397 veteribus
453 1362 667 1405 scriptoribus
692 1361 871 1404 particulae
903 1363 983 1392 enim

223 1419 255 1442 et
279 1421 354 1442 nain
378 1410 422 1440 itu
449 1414 632 1451 ponuntur,
668 1413 703 1437 ut
727 1406 779 1445 id,
815 1405 902 1437 cuius
926 1417 983 1436 ra—

221 1457 346 1487 tionem
365 1454 517 1491 reddunt,
542 1451 744 1494 cogitatione
765 1449 984 1493 supplendum

222 1501 273 1532 sit.
311 1499 361 1530 Cs.
386 1499 471 1530 iufra
495 1509 520 1528 c.
540 1498 590 1533 13,
609 1496 662 1529 30.
691 1508 717 1527 c.
733 1495 788 1534 31,
807 1495 859 1528 76.
886 1507 912 1525 c.
929 1495 984 1532 32,

222 1546 275 1578 78.
303 1545 355 1576 [V.
385 1544 432 1581 17,
456 1541 517 1574 40:
545 1541 599 1572 ubi
619 1553 649 1573 v.
669 1540 794 1572 Aduot.
829 1539 870 1570 de
893 1541 983 1570 Orat.

222 1592 263 1621 ΙΙ.
286 1588 319 1628 6,
343 1586 397 1620 2-1».
436 1589 515 1618 Post
535 1585 828 1627 interrogationem
854 1585 909 1615 IV.
930 1582 984 1622 26,

222 1634 281 1667 56:
321 1632 374 1664 ubi
411 1645 441 1664 v.
477 1631 561 1663 Adn.
609 1633 707 1662 Kritz.
742 1629 784 1661 ad
814 1629 890 1660 Sall.
918 1629 985 1669 lug.

222 1678 322 1714 XlX,
346 1678 378 1709 2.
403 1690 433 1719 p.
456 1676 527 1708 119.
560 1676 599 1706 V.
625 1676 809 1706 Ramshorn.
830 1675 905 1704 Lat.
928 1673 985 1704 Gr.

225 1726 252 1761 ᾁ,
272 1723 343 1756 191.
395 1724 527 1753 Ki'chncr.
551 1721 589 1751 L.
615 1720 672 1751 Gr.
700 1720 849 1752 &135st
872 1719 903 1750 ’2.

289 1778 444 1818 porlenlct]
473 1777 526 1808 Sic
550 1786 648 1818 saepe
674 1774 827 1806 dicuutur
849 1772 987 1804 mirabi-

224 1824 266 1855 lia
301 1828 497 1854 commenta.
547 1821 586 1851 N.
615 1822 654 1852 D.
689 1821 710 1850 Ι.
735 1819 776 1858 δ,
805 1818 864 1851 18:
904 1829 987 1860 por-

226 1874 316 1900 tenta
339 1874 371 1897 et
391 1866 546 1898 miracula
566 1876 633 1896 non
655 1863 884 1895 disserentium
908 1862 986 1905 phi-

225 1913 451 1955 losophorum,
476 1910 534 1942 sed
553 1908 796 1941 somniantium.
848 1907 899 1946 16,
925 1906 985 1940 43:

226 1963 380 2001 portenta
412 1966 593 1997 magorum.
648 1954 719 1985 Fin.
735 1990 738 1991 .
756 1954 813 1984 1V.
838 1952 902 1991 25,
926 1952 986 1984 TO:

225 2009 380 2046 portenta
412 2001 502 2032 dicit.
551 1999 601 2031 Cf.
639 2001 782 2031 Ochsner.
817 1997 886 2029 Ecl.
920 1996 987 2028 Cic.

227 2060 257 2090 p.
274 2047 305 2080 3.
330 2053 362 2077 et
387 2046 548 2077 forcellini
573 2044 671 2075 Thes.
701 2043 772 2073 Lat.
801 2042 832 2073 h.
857 2053 887 2072 v.

302 2103 386 2141 pleni
418 2101 502 2140 libri]
543 2101 631 2130 Plem'
666 2097 814 2129 absolute
846 2096 990 2139 positum

226 2148 334 2190 plane,
360 2152 395 2176 ut
416 2156 476 2187 pro
489 2144 587 2175 Arch.
610 2140 711 2186 §.142
739 2143 800 2174 Sed
818 2143 903 2181 pleni
923 2144 993 2172 sunt

226 2201 330 2224 ovines
353 2192 423 2221 libri
458 2187 582 2231 (nobis:
619 2190 681 2218 voll
705 2186 844 2228 davon).·
882 2186 935 2217 ubi
961 2197 990 2217 v.

227 2238 427 2274 Slilrenbury.
455 2245 487 2276 p.
511 2231 582 2265 104.

283 2292 497 2322 disserentium
505 2289 771 2328 philosophorum]
793 2287 826 2317 R.
839 2287 870 2319 ¹2.
882 2286 989 2317 Marb.

227 2338 321 2368 Mon.
349 2336 372 2367 1.
397 2333 496 2365 Vind.
516 2336 546 2365 2.
574 2333 650 2364 edd.
674 2333 767 2364 Grut.
795 2332 897 2362 Gron.
920 2331 988 2362 Alt.

229 2385 335 2413 contra
358 2383 416 2411 ista
438 2382 508 2418 ipsa
527 2380 603 2417 phil.
626 2379 720 2409 diss..-
757 2376 846 2419 quod
871 2375 991 2417 probat

233 2428 391 2464 Wopkens.
414 2424 523 2455 Lectt.
547 2423 634 2454 Tull.
660 2424 684 2453 Ι.
707 2422 738 2460 9,
761 2422 833 2459 50.;
858 2421 990 2462 plerae-

230 2481 292 2511 que.
316 2469 390 2500 edd.
415 2475 496 2499 vett.
519 2469 596 2507 phil.
617 2478 642 2498 c.
666 2470 686 2498 i.
709 2469 729 2497 i.
751 2468 826 2498 diss.
862 2467 908 2496 Ex
930 2465 991 2496 hac

230 2513 401 2544 verborum
457 2512 712 2553 transpositione
761 2513 904 2542 Handz'us
949 2509 991 2541 ad

230 2558 354 2599 Wopk.
382 2556 403 2587 l.
426 2556 457 2586 d.
483 2557 678 2587 vocabulum
701 2558 950 2596 philosophorum
975 2567 992 2585 a

232 2601 369 2633 librariis
404 2601 616 2641 importatum
654 2601 858 2643 suspicatur:
906 2600 992 2630 unde

233 2649 330 2678 Moser
362 2645 394 2676 id
429 2645 518 2675 uncis
544 2645 698 2676 coercuit.
752 2646 857 2684 Quam
881 2656 940 2675 nos
964 2657 993 2676 c.

234 2692 272 2722 D.
292 2692 347 2722 W.
373 2692 426 2720 Or.
449 2689 583 2729 aliisque
604 2689 764 2719 edidimus
786 2689 991 2731 scripturam,

232 2747 270 2767 ea
298 2742 331 2766 ct
354 2735 390 2765 R.
417 2734 501 2765 Gud.
527 2740 550 2766 l.
582 2734 784 2775 aliorumque
809 2735 906 2765 codd.
932 2746 992 2765 au—

234 2779 388 2811 ctoritate
419 2778 554 2815 nititur,
593 2784 625 2808 et
660 2778 901 2819 elegantissima
930 2786 989 2809 est.

231 2826 318 2856 Nam
338 2823 532 2855 vocabulum
552 2824 802 2862 philosophorum
824 2823 939 2854 Cicero
961 2824 992 2853 in

233 2869 379 2900 ultimam
400 2867 632 2900 enuntiationis
652 2866 763 2897 sedern
785 2866 905 2898 reiecit.
927 2879 990 2909 quo

233 2914 354 2945 maiore
391 2913 419 2944 vi
454 2912 646 2945 efferretmw
685 2911 872 2952 philosophi
906 2912 991 2942 onim

234 2965 446 3001 opponuntur
468 2957 573 3001 poetis
596 2963 624 2986 c!
649 2955 838 2997 pictoribus.
888 2956 990 2993 Quam

1020 1125 1248 1157 collocationis
1273 1123 1468 1166 elegantiam
1492 1134 1591 1165 quum
1613 1134 1680 1154 non
1702 1134 1782 1165 per·-

1019 1170 1183 1212 spicerent
1207 1168 1349 1206 librarii,
1377 1179 1450 1199 voc.
1475 1169 1646 1207 philosoph.
1670 1174 1782 1199 trans-

1019 1220 1208 1258 posuerunt.
1259 1213 1415 1245 Geminus
1436 1212 1526 1243 locus
1553 1213 1608 1243 IV.
1631 1212 1692 1251 28,
1717 1211 1781 1245 61:

1020 1259 1165 1291 omnium
1190 1258 1289 1290 etiam
1323 1258 1364 1289 de
1393 1257 1511 1289 ceteris
1535 1257 1632 1288 rebus
1657 1257 1782 1289 discre-

1019 1304 1166 1346 pantium
1186 1304 1447 1343 philosophorum.
1483 1301 1577 1333 Adde
1602 1303 1624 1332 Ι.
1652 1302 1701 1341 16,
1720 1301 1781 1334 36:

1018 1349 1077 1379 sub
1102 1355 1189 1379 terra
1218 1348 1398 1378 censebant
1422 1346 1581 1388 reliquam
1605 1346 1706 1378 vitam
1730 1346 1781 1388 agi

1018 1397 1219 1425 mortuorum.
1256 1404 1282 1423 c.
1299 1392 1353 1429 ⁴21,
1372 1389 1431 1422 48:
1457 1390 1548 1422 soleo
1562 1402 1659 1433 saepe
1673 1391 1782 1422 mirari

1019 1437 1252 1469 nonnullorum
1280 1435 1490 1467 insolentiam
1519 1437 1781 1475 philosophorum.

1021 1494 1047 1513 c.
1064 1483 1128 1518 50,
1154 1481 1215 1514 72ῑ
1252 1487 1426 1522 essentque
1450 1479 1482 1510 in
1506 1479 1696 1522 corporibus
1719 1480 1783 1511 liu-

1020 1526 1122 1557 manis
1146 1526 1246 1557 vitam
1265 1525 1383 1556 imitati
1405 1527 1543 1556 deorum.
1573 1524 1623 1555 Cf.
1640 1528 1782 1556 Goerrvz.

1021 1571 1063 1602 ad
1087 1571 1188 1602 Acad.
1215 1572 1260 1608 ΙΙ,
1285 1571 1338 1603 55.
1366 1581 1397 1612 p.
1413 1567 1488 1601 L'Ol».
1523 1576 1555 1600 et
1578 1568 1619 1600 ad
1644 1569 1715 1599 Fiu.
1744 1570 1783 1605 Π,

1020 1616 1075 1648 21.
1100 1627 1134 1657 p.
1151 1616 1227 1647 222.
1258 1621 1292 1646 et
1316 1625 1374 1645 nos
1398 1614 1431 1644 in
1458 1614 1514 1645 Gr.
1543 1614 1577 1644 L.
1603 1614 1630 1655 ξ.
1653 1613 1724 1652 107,
1752 1614 1781 1645 1.

1088 1670 1124 1692 ne
1146 1664 1215 1691 sunt
1236 1661 1375 1701 quidem]
1401 1658 1583 1690 Particulae
1607 1668 1643 1689 ne
1658 1674 1702 1680 —
1716 1660 1785 1698 qui-

1021 1707 1092 1736 dem
1118 1716 1183 1736 non
1207 1705 1435 1746 gradationem
1459 1702 1693 1746 (nichteinmal)
1716 1703 1747 1733 h.
1764 1702 1785 1733 l.

1022 1749 1218 1792 significant,
1244 1749 1312 1787 sed,
1338 1748 1386 1780 uti
1405 1759 1515 1790 saepe,
1541 1759 1613 1778 eam
1637 1747 1700 1777 vim
1724 1748 1785 1778 ha-

1021 1794 1111 1831 bent,
1137 1800 1172 1824 ut
1195 1792 1464 1825 antecedentibus
1487 1791 1611 1834 aliquid
1634 1792 1786 1834 negative

1021 1839 1219 1881 adiungant,
1258 1845 1292 1869 ut
1316 1844 1465 1870 nostrum
1484 1839 1564 1869 anch
1586 1838 1690 1876 nicht,
1728 1837 1787 1868 Gr.

1021 1881 1111 1917 ου’δέ.
1161 1883 1212 1914 Cf.
1239 1885 1266 1927 ᾗ.
1290 1884 1339 1915 12.
1374 1895 1401 1914 e.
1421 1882 1452 1921 7,
1481 1879 1531 1914 14.
1564 1881 1627 1920 23,
1654 1882 1707 1914 53.
1732 1880 1786 1913 54.
1816 1884 1818 1886 ’

1022 1930 1062 1960 V.
1085 1930 1281 1968 Madvigium
1307 1927 1349 1958 ad
1370 1927 1441 1958 Fin.
1468 1937 1538 1958 cxc.
1561 1927 1619 1957 111.
1653 1938 1685 1968 p.
1708 1925 1785 1959 816.

1025 1979 1058 2004 et
1083 1984 1143 2004 nos
1167 1971 1199 2003 in
1227 1973 1282 2005 Gr.
1307 1974 1346 2004 L.
1372 1975 1400 2016 ᾗ.
1419 1971 1499 2009 135,
1524 1972 1556 2002 5.

1091 2027 1246 2057 nusquam
1271 2027 1333 2049 esse
1355 2028 1416 2049 non
1437 2017 1579 2057 possunt]
1606 2016 1644 2046 H.
1662 2027 1691 2046 e.
1718 2015 1788 2046 ficri

1025 2074 1091 2094 non
1114 2069 1243 2104 potest,
1270 2062 1346 2104 quin
1368 2072 1502 2104 usquam
1523 2060 1604 2098 sint3
1632 2060 1703 2092 vel:
1730 2072 1786 2091 us-

1026 2118 1122 2150 quam
1146 2113 1210 2137 smt
1234 2118 1366 2137 necesse
1390 2113 1450 2137 est.

1092 2153 1189 2191 Lqilur
1208 2161 1244 2182 ne
1267 2160 1330 2182 esse
1351 2152 1487 2191 quidem]
1523 2152 1621 2189 Igitur
1642 2149 1675 2180 in
1694 2149 1788 2181 initio

1026 2194 1261 2227 enuntiationis
1293 2195 1454 2226 rarissime
1487 2194 1574 2235 apud
1596 2194 1788 2225 Ciceronem

1023 2239 1187 2282 reperitur
1224 2239 1282 2281 (cf.
1317 2238 1473 2278 Quinctil.
1508 2240 1587 2268 Inst.
1620 2250 1668 2269 or.
1705 2240 1728 2269 1.
1756 2240 1787 2275 ἶ),

1025 2285 1114 2323 39.);
1147 2284 1205 2315 sed
1226 2286 1368 2315 Bremius
1392 2283 1434 2314 ad
1457 2282 1527 2313 Fin.
1550 2284 1573 2321 Ι,
1598 2282 1649 2315 18.
1677 2294 1708 2324 p.
1724 2286 1786 2314 ὅδῑ

1023 2332 1144 2369 „1quer
1156 2339 1192 2360 ne
1212 2331 1373 2360 stultorum
1393 2331 1559 2368 quisquam
1579 2329 1710 2358 beatus“
1733 2338 1787 2357 re·-

1026 2381 1078 2405 cte
1101 2379 1230 2410 monet,
1265 2384 1320 2404 eos
1343 2373 1434 2405 locos
1458 2377 1615 2413 exceptos
1639 2383 1726 2409 esse,
1755 2371 1786 2402 in

1026 2419 1140 2461 quibus
1155 2418 1268 2449 Cicero
1291 2418 1332 2449 ad
1353 2416 1536 2461 syllogismi
1552 2417 1692 2448 formam
1706 2428 1787 2448 cou-

1027 2464 1204 2494 clusionem
1229 2463 1348 2499 faciat3
1383 2462 1472 2505 quod
1493 2468 1622 2499 autem,
1653 2462 1678 2492 si
1706 2472 1788 2492 con-

1029 2508 1129 2540 clusio
1153 2508 1195 2539 sit
1226 2508 1404 2550 generalis,
1443 2518 1502 2537 nec
1526 2506 1661 2538 rationis
1686 2517 1787 2548 quae-

1027 2553 1103 2584 dam
1141 2553 1281 2584 formula
1317 2552 1526 2594 proferatur,
1576 2550 1789 2592 corrigendos

1029 2610 1097 2629 esse
1126 2599 1152 2629 si
1176 2598 1231 2640 qui
1256 2598 1343 2629 forte
1375 2596 1462 2638 apud
1484 2595 1627 2627 Tullium
1659 2595 1723 2626 loci
1747 2595 1788 2626 ab

1027 2643 1088 2675 ista
1116 2643 1275 2686 particula
1307 2641 1500 2683 incipientes
1533 2640 1787 2681 deprehendan—

1028 2695 1101 2725 tur,
1136 2688 1222 2719 idem
1254 2686 1303 2719 vir
1336 2685 1453 2717 doctus
1486 2691 1616 2721 censet,
1653 2684 1787 2715 calidius

1028 2733 1106 2764 mihi
1129 2733 1258 2764 videtur
1282 2729 1444 2761 statuisse.
1483 2729 1561 2768 Quis
1585 2730 1669 2760 enim
1692 2740 1788 2771 supra

1029 2790 1056 2809 c,
1075 2778 1114 2815 2,
1140 2775 1171 2809 4.
1203 2783 1331 2807 tentare
1361 2774 1441 2805 velit
1464 2774 1656 2805 lectionem:
1693 2776 1787 2814 igilur

1029 2829 1061 2854 et
1090 2819 1333 2865 Epaminondas
1360 2818 1465 2850 ceth?
1515 2818 1604 2849 Lael.
1635 2818 1696 2857 ll,
1720 2816 1787 2853 39..

1028 2867 1080 2897 ubi
1108 2880 1136 2898 v.
1165 2867 1303 2905 Seyffert.
1330 2875 1349 2905 p
1380 2863 1455 2895 ⁴261.
1507 2864 1540 2893 in
1576 2861 1787 2894 conclusione

1030 2913 1081 2943 lv.
1110 2912 1156 2947 18,
1177 2909 1229 2942 42.
1263 2908 1333 2938 Fiu.
1359 2910 1380 2938 Ι.
1413 2908 1457 2941 19¹⁴,
1479 2906 1516 2939 (il
1537 2919 1541 2936 :
1568 2907 1620 2938 ubi
1645 2919 1672 2939 v.
1696 2907 1786 2938 Mad-

1026 2958 1141 2994 viqinm
1170 2967 1198 2995 p.
1225 2953 1290 2985 116.
