1832 3137
664 86 828 118 LIBER
856 88 878 118 1.
912 87 950 125 1,
977 85 1007 119 2.

1560 73 1616 116 43

55 165 258 218 Graecos,
293 173 358 207 aut
383 172 541 220 acceptu
561 164 606 205 ab
627 164 702 205 illis
726 163 868 205 fecisse
891 165 1050 206 meliora
1065 197 1075 216 ,
1111 178 1206 220 quae
1229 165 1380 220 quidem
1400 164 1516 219 digna
1535 170 1613 204 sta-

54 240 235 290 tuissent,
262 240 300 280 in
321 239 458 294 quibus
481 239 742 280 elaborarent.
795 245 836 278 2.

870 238 974 279 Nam
999 252 1129 280 mores
1152 246 1191 280 et
1212 239 1385 280 instituta
1404 237 1507 280 vitae
1531 251 1616 279 res-

55 328 128 369 que
159 314 392 355 domesticas
423 328 467 354 ac
490 313 699 354 familiares
733 325 804 352 nos
832 313 1006 366 profecto
1038 320 1075 353 et
1104 313 1242 354 melius
1266 320 1443 363 tuemur,
1477 311 1616 352 etlan-

55 388 157 439 tius;
190 401 272 428 rem
306 401 402 429 vero
427 387 615 442 publicam
645 385 768 426 nostri
794 385 964 426 maiores
990 394 1096 426 certe
1123 386 1346 427 melioribus
1370 393 1616 441 temperave-

52 468 144 502 runt
163 468 201 502 et
221 461 408 502 institutis
429 468 468 502 et
491 460 656 515 legibus.
712 456 815 512 Quid
834 458 971 512 loquar
991 459 1037 499 de
1057 473 1100 499 re
1125 460 1309 501 militari?
1339 460 1377 500 in
1403 474 1475 514 qua
1500 473 1614 514 quum

55 535 200 577 virtute
225 535 347 576 nostri
371 535 528 575 multum
553 533 774 583 valuerunt,
808 538 886 572 tuni
908 532 992 587 plus
1015 532 1128 572 etiam
1153 533 1370 588 disciplina.
1425 531 1507 574 Iam
1533 534 1614 583 illu⁷

58 653 193 685 mentali
218 652 386 685 habendus
411 657 480 689 est3
516 662 591 683 nam
615 650 714 682 etiam
737 662 818 693 per-

58 710 157 737 sona,
184 698 237 730 ubi
259 697 338 729 nihil
358 696 420 728 nisi
439 696 694 728 instrumentum
712 695 817 738 signi—

58 744 153 782 ficat,
190 753 423 786 nonnunquam
445 741 477 772 in
502 741 647 773 ablativo
671 741 817 784 ponitur.

59 789 97 821 V.
123 800 182 820 uos
213 787 247 818 iu
279 787 335 820 Gr.
361 788 399 818 L.
429 785 546 828 §.115.
571 786 657 818 Adn.
683 786 712 818 1.
760 789 819 818 El-

55 835 176 865 lendlus
195 832 236 864 ad
255 832 321 864 Cic.
342 831 384 863 de
405 833 459 863 Or.
475 832 500 863 Ι.
523 829 576 869 57,
590 830 666 864 243.
689 830 764 863 Vol.
778 832 818 863 11.

57 889 88 921 p.
106 875 180 911 143.
206 884 240 909 et
262 879 304 909 M.
318 879 488 918 Seyffertus
510 876 552 908 ad
572 876 663 908 Lael.
690 873 742 915 14,
764 875 817 908 51.

55 934 87 966 p.
100 920 178 955 3-10.
198 922 231 955 h.
246 922 266 954 l.
288 933 423 964 zeugma
442 921 597 953 rectionis
615 928 817 965 agnoscunt3

56 968 196 1011 priorem
213 967 299 999 enim
316 966 494 999 ablativum
511 978 581 999 esse
598 967 817 1005 instrumenti,

56 1013 194 1046 alterurn
218 1023 283 1045 non
306 1013 404 1045 item:
429 1023 512 1055 quae
536 1012 621 1045 ratio
645 1012 726 1044 mihi
751 1023 817 1043 non

56 1058 225 1102 probatur.
247 1077 290 1082 ——
331 1058 485 1088 Ceterum
508 1059 624 1090 litterae
645 1057 687 1088 de
709 1057 819 1089 omni—

56 1104 116 1135 bus
134 1104 200 1146 eis,
226 1114 309 1146 quae
332 1102 374 1133 de
398 1101 506 1144 aliqua
530 1114 565 1134 re
588 1102 711 1144 scripta
732 1108 819 1140 sunt,

58 1148 240 1185 dicuntur„
268 1148 309 1179 V.
333 1148 529 1188 Madvigium
557 1146 599 1179 ad
621 1147 655 1179 C.
680 1146 721 1178 de
745 1146 817 1178 Fin.

60 1195 84 1225 Ι.
109 1192 150 1231 4,
177 1192 228 1225 12.

125 1240 313 1279 sapientius,
334 1247 429 1278 quam
451 1240 604 1277 Graecos,
630 1238 688 1279 ct.]
725 1238 821 1269 Hanc

59 1283 173 1314 Cicero
197 1282 395 1314 sententiam
423 1281 524 1313 nimio
557 1283 685 1325 patriae
708 1292 821 1314 amore

59 1327 253 1360 obcaecatus
278 1333 312 1359 et
334 1326 476 1358 fortasse
501 1337 539 1358 eo
563 1326 702 1359 consilio
723 1326 818 1359 vide-

57 1380 108 1404 tur
129 1371 316 1416 protulisse,
339 1374 376 1403 iit
388 1372 610 1404 Romanorum
630 1371 757 1404 animos
778 1370 820 1404 ad

56 1417 240 1450 litterarum
252 1416 396 1449 studium
414 1417 677 1460 persequendum
697 1417 819 1449 exhor--

58 1469 193 1497 taretur.
242 1462 294 1496 Cf.
316 1464 369 1495 Or.
394 1463 475 1501 VII,
500 1462 555 1495 23.
602 1462 706 1502 Vide,
736 1474 820 1506 quae

57 1508 99 1540 de
121 1508 304 1541 litterarum
328 1514 362 1539 et
386 1507 617 1550 philosophiae
637 1507 725 1551 apud
747 1509 819 1540 Ro-

59 1564 173 1586 manos
197 1553 308 1585 studio
333 1552 501 1585 docuimus
526 1553 558 1584 in
584 1554 605 1585 1.
632 1554 665 1585 d.
691 1555 729 1586 de
756 1556 818 1587 Cic.

58 1601 92 1631 tn
112 1600 165 1639 ph.
186 1608 262 1631 mer.
293 1609 326 1641 p.
345 1595 367 1630 6
381 1609 452 1641 sqq.

60 1643 138 1675 tiam
150 1643 310 1687 expressit
333 1643 374 1675 de
387 1645 474 1677 Orat.
500 1644 522 1676 1.
542 1643 575 1683 4,
599 1642 658 1676 15:
685 1644 820 1688 ‚ingenia

60 1698 151 1728 vero,
173 1695 208 1720 ut
228 1687 337 1720 multis
356 1688 452 1720 rebus
474 1700 645 1732 possumus
664 1690 820 1730 iudicare,

59 1740 245 1771 nostrorum
266 1733 436 1766 hominum
456 1734 595 1766 multum
618 1735 734 1767 ceteris
754 1736 820 1768 ho-

59 1777 197 1811 minibus
222 1778 366 1812 omnium
390 1779 538 1822 gentium
571 1781 820 1823 praestiterunt.

83 1844 85 1848 ,
123 1827 154 1857 in
173 1826 284 1865 quibus
301 1827 508 1868 elaborarent]
534 1827 718 1869 Utrumque
730 1832 821 1858 recte

57 1868 193 1902 dicitur:
217 1872 377 1902 elaborare
393 1876 426 1901 et
442 1872 584 1902 laborare
599 1870 632 1902 in
649 1871 757 1914 aliqua
772 1882 819 1909 re,

58 1921 92 1946 ut
111 1914 144 1946 in
167 1914 296 1956 studiis,
320 1914 449 1953 litteris,
475 1915 533 1946 sed
550 1915 662 1958 aliquo
682 1922 818 1947 senten-

56 1959 122 1992 tiae
143 1959 339 1992 discrimine.
373 1961 531 1992 Laborare
555 1960 642 1992 enim
661 1967 710 1992 est
730 1961 763 1992 in
785 1973 820 1993 re

57 2005 166 2048 aliqua
188 2004 335 2036 studiose
358 2010 457 2048 atque
483 2005 576 2037 enixe
600 2006 727 2048 agenda
748 2013 819 2038 tra-

59 2050 242 2093 ctandaque
266 2050 406 2087 versari,
433 2049 572 2082 notione
593 2051 746 2084 adiuncta
768 2052 820 2083 vel

56 2095 244 2134 molestiae,
272 2094 323 2127 vel
350 2094 575 2134 difficultatis,
601 2096 653 2128 vel
677 2097 821 2129 frustra-

56 2140 176 2179 tionis,
200 2140 253 2172 vel
275 2151 370 2172 curae
395 2140 686 2180 sollicitudinisve3
714 2145 819 2175 elabo-

57 2195 127 2218 rare
151 2192 264 2218 contra
285 2192 334 2217 est
353 2196 367 2218 e
387 2188 490 2219 labore
510 2187 542 2219 in
565 2188 672 2231 aliqua
691 2200 726 2220 re
748 2188 820 2220 col-

57 2231 168 2264 locato
181 2231 272 2274 quasi
289 2241 438 2272 emergere
461 2238 493 2263 et
515 2233 566 2264 vel
589 2234 631 2264 ad
654 2240 820 2277 speratum

58 2277 201 2308 fructum
237 2276 288 2308 vel
329 2276 371 2308 ad
408 2278 615 2320 propositum
649 2279 819 2311 consilium

57 2321 229 2363 pervenire
262 2321 460 2364 omninoque
491 2322 673 2355 laborando
696 2324 819 2367 aliquid

60 2365 209 2397 efficere:
246 2365 323 2396 hinc
344 2377 474 2408 semper
497 2365 651 2409 pouitii'r,
678 2370 730 2401 ubi
755 2381 817 2401 non

60 2409 164 2449 anxia,
190 2409 248 2441 sed
267 2409 401 2441 liberior
421 2412 580 2453 quaedam
600 2414 718 2456 agendi
734 2415 818 2446 ratio

61 2461 345 2487 commemoratur.
396 2455 448 2486 Cf.
476 2458 646 2489 Gernhard.
681 2459 721 2491 ad
747 2461 818 2491 Cat.

59 2500 135 2532 Mai.
160 2501 232 2538 VH,
254 2499 309 2532 24.
345 2501 489 2532 Ochsner.
510 2501 580 2533 Ecl.
605 2503 670 2536 Cic.
695 2515 727 2547 p.
743 2503 818 2537 207.

61 2543 175 2587 (1820)
191 2571 198 2583 ,
234 2547 333 2578 Beier.
368 2545 409 2577 ad
434 2545 530 2578 Offic.
555 2547 579 2579 Ι.
609 2546 646 2586 1,
670 2548 703 2581 3.
732 2561 763 2592 p.
785 2548 817 2581 8.

60 2592 189 2622 Ellendt.
213 2590 255 2622 ad
282 2591 369 2622 Brut.
396 2591 423 2634 §l-
441 2588 495 2623 26.
523 2603 554 2634 p.
573 2590 626 2623 25.

126 2633 197 2679 §.2
235 2637 281 2667 De
305 2640 342 2675 el,
367 2645 436 2677 que,
462 2646 499 2668 ac
524 2649 554 2667 v.
579 2637 621 2669 ad
644 2639 667 2669 Ι.
689 2635 744 2677 40,
767 2636 821 2670 95.

125 2685 152 2713 et
169 2683 279 2713 melius
299 2685 432 2721 tuemur,
450 2685 478 2714 ec
491 2684 620 2724 lautius]
638 2683 822 2715 Attendant

60 2725 181 2757 tirones
202 2725 243 2757 ad
256 2726 341 2758 hanc
355 2726 539 2769 elegantem
554 2728 728 2759 verborum
750 2728 822 2759 col-

60 2769 267 2809 locationem,
292 2771 323 2803 in
346 2783 408 2815 qua
426 2772 552 2804 solutae
566 2773 723 2806 orationis
745 2785 822 2806 cae-

63 2825 136 2847 sura
162 2816 321 2849 cernitur:
360 2828 423 2860 qua
453 2817 615 2857 efficitur,
653 2825 687 2849 ut
715 2819 821 2851 oratio

63 2861 262 2893 numerosius
285 2861 399 2895 cadat:
424 2863 514 2895 cuius
528 2863 656 2906 generis
672 2864 820 2908 exempla

61 2904 147 2955 apud
172 2905 381 2950 Ciceronem,
414 2907 571 2951 imprimis
596 2908 627 2940 in
651 2908 718 2941 eius
743 2921 819 2942 ora—

63 2948 202 2982 tionibus
224 2958 256 2983 et
277 2952 365 2984 libris
387 2953 570 2988 rhetoricis.
596 2955 818 2987 innumerabi—

500 1598 647 1630 Eandem
681 1605 819 1631 senten-
864 1603 869 1609 ‘

852 650 896 683 lia
916 650 1137 694 reperiuntur.
1184 652 1263 683 Mox
1280 650 1312 690 3,
1337 650 1376 682 ὅς
1403 651 1456 694 qui
1480 664 1534 683 eus
1559 664 1618 683 noc

853 696 1029 740 disponere
1052 708 1113 728 nec
1134 696 1298 728 illustrare
1320 699 1434 736 possit,
1469 708 1529 727 nec
1556 696 1616 727 de-

853 742 1032 774 lectatione
1046 742 1153 784 aliqua
1167 741 1300 773 allicere
1321 741 1491 780 lectorem,
1527 745 1558 779 4,
1576 740 1596 772 Τ
1612 754 1617 771 1

856 787 1091 830 (philosophia)
1114 798 1196 831 quae
1218 787 1259 819 de
1279 786 1427 818 maximis
1448 786 1618 829 quaestio—

852 832 947 864 nibus
971 832 1105 875 copiose
1134 836 1255 873 posset,
1291 838 1472 874 ornateque
1496 831 1617 863 dicere.

854 878 885 916 5,
913 877 964 909 10.
1002 877 1052 916 15,
1077 877 1133 910 33.
1181 879 1220 909 V.
1248 876 1301 919 13,
1325 875 1389 909 37:
1416 883 1452 908 ut
1474 883 1531 909 aut
1553 876 1618 908 sso-

853 934 904 955 res
930 929 985 954 aut
1006 923 1117 965 fruges
1140 925 1275 964 fundat,
1299 929 1356 954 aut
1375 922 1484 954 bacas.
1522 920 1619 961 Quod

853 975 961 1000 autem
976 970 1217 1009 scuranum-mus
1229 967 1271 999 ad
1285 979 1332 1000 or.
1346 979 1379 1011 p.
1391 968 1488 1000 Arch.
1501 979 1534 1010 p.
1546 966 1619 999 112.

854 1014 939 1045 hanc
964 1014 1136 1045 verborum
1160 1013 1413 1045 collocationem
1427 1013 1619 1044 Ciceronem

855 1070 1012 1100 usurpare
1040 1058 1141 1097 dicit,
1176 1058 1231 1090 ubi
1260 1059 1360 1090 tertia
1384 1070 1436 1090 res
1460 1069 1528 1089 non
1552 1064 1619 1088 tam

855 1103 962 1146 gravis
986 1103 1048 1142 sit,
1078 1114 1176 1146 quam
1197 1102 1325 1145 priores
1347 1103 1452 1139 duae,
1479 1103 1513 1134 id
1537 1102 1619 1134 sub-

855 1148 963 1187 tilius,
998 1159 1095 1191 quam
1114 1147 1220 1179 verius
1241 1147 1366 1179 dictum
1387 1154 1447 1179 est.
1495 1149 1535 1179 V.
1559 1157 1619 1178 nos

855 1193 887 1224 in
914 1194 972 1226 Gr.
993 1194 1031 1224 L.
1055 1193 1081 1236 §.
1102 1190 1175 1233 167,
1194 1193 1227 1224 5.
1264 1193 1416 1224 Ceterum
1438 1198 1530 1224 recte
1544 1194 1620 1224 Nei-

855 1240 926 1270 dius
948 1237 1177 1270 docet-melius
1206 1237 1249 1269 ad
1270 1249 1379 1269 mores
1403 1244 1436 1269 et
1456 1237 1619 1277 instituta,

855 1285 971 1315 lautius
1001 1282 1043 1314 ud
1073 1294 1125 1314 res
1156 1282 1356 1314 domesticas
1385 1289 1420 1314 et
1442 1282 1620 1314 familiares

855 1339 926 1360 esse
946 1327 1168 1359 referendum.
1216 1329 1346 1368 Melius,
1378 1333 1416 1359 ut
1433 1327 1480 1359 ita
1502 1327 1620 1366 dicam,

853 1379 985 1416 spectat
1005 1372 1047 1404 ad
1068 1372 1168 1404 animi
1185 1372 1333 1412 virtutes,
1359 1375 1476 1405 lautius
1496 1372 1539 1404 ad
1561 1384 1619 1404 ex-

853 1425 985 1450 ternum
995 1417 1219 1462 splendorem,
1230 1418 1518 1461 magnificentiam,
1534 1429 1621 1461 opu-

854 1463 1002 1496 lentiam.
1053 1463 1107 1495 Sic
1129 1464 1267 1496 Terent.
1289 1463 1431 1507 Adelph.
1452 1464 1494 1496 V.
1519 1462 1556 1503 1,
1580 1462 1619 1494 2:

854 1510 1026 1552 Lauteque
1047 1520 1164 1541 munus
1181 1508 1420 1541 administrasti
1433 1515 1544 1541 tuum:
1568 1508 1621 1540 ubi

854 1566 884 1586 v.
908 1555 1020 1598 Iutpp.

923 1601 1016 1642 certe]
1041 1599 1247 1643 lungendum
1265 1606 1315 1632 est
1337 1612 1410 1632 cum
1422 1600 1524 1632 verbo
1544 1604 1621 1632 lem-

853 1654 917 1685 per.
941 1645 1170 1689 significatque
1189 1645 1279 1677 idem
1302 1645 1372 1677 fere
1395 1646 1428 1678 h.
1452 1645 1473 1677 1.
1489 1670 1496 1683 ,
1531 1643 1622 1688 quod

855 1690 1055 1722 antecedens
1087 1692 1246 1731 profecto5
1282 1702 1413 1734 semper
1437 1691 1522 1723 enim
1545 1694 1622 1722 certe

854 1736 956 1767 habet
980 1735 1046 1767 vim
1071 1736 1322 1774 affirmativam,
1361 1735 1457 1779 ponit
1484 1735 1621 1779 aliquid,

855 1791 920 1812 non
944 1781 1119 1820 concedit3
1144 1780 1205 1813 sed
1218 1781 1396 1813 affirmatio
1411 1787 1523 1824 potest
1539 1792 1620 1817 esse,

857 1833 891 1857 ut
914 1825 1054 1858 barbare
1075 1826 1211 1869 loquar,
1244 1832 1301 1858 aut
1322 1828 1511 1865 subiectiva,
1544 1825 1565 1857 i.
1592 1837 1620 1856 e.

856 1870 898 1902 ad
920 1871 1084 1914 loquentis
1106 1870 1261 1902 iudicium
1291 1871 1415 1911 relata,
1450 1877 1507 1903 aut
1536 1873 1622 1903 obie-

854 1918 957 1957 εἰὶυα,
981 1915 1002 1949 i.
1018 1927 1046 1947 e.
1075 1916 1117 1948 ad
1140 1917 1266 1948 factum
1289 1916 1411 1955 relata3
1440 1916 1495 1948 illa
1516 1915 1619 1958 signi-

856 1961 970 1993 ficatur
984 1961 1147 1994 vocabulo
1162 1966 1250 2002 certe,
1268 1961 1352 1993 haec
1365 1961 1527 1994 vocabulo
1547 1971 1621 2001 pro—

854 2008 941 2047 fecto.
991 2006 1042 2038 cf.
1066 2008 1091 2038 Ι.
1118 2006 1170 2047 11,
1196 2005 1251 2039 24.
1283 2005 1338 2045 32,
1362 2004 1417 2039 78.
1464 2007 1509 2040 N.
1530 2007 1572 2038 D.
1598 2006 1621 2037 1.

855 2050 894 2091 2,
921 2051 960 2085 5:
994 2052 1135 2084 alterum
1157 2052 1227 2084 fieri
1248 2054 1386 2093 profecto
1420 2058 1551 2096 potest,
1587 2057 1620 2082 ut

855 2108 966 2129 earum
993 2097 1213 2141 (opinionum)
1240 2097 1349 2138 nulla,
1386 2097 1525 2129 alterum
1546 2100 1623 2129 certe

856 2154 922 2175 non
946 2149 1071 2186 potest,
1095 2149 1131 2175 ut
1149 2143 1223 2187 plus
1248 2154 1311 2175 una
1333 2153 1411 2175 vera
1431 2142 1487 2175 sit.
1535 2144 1622 2174 Certo

855 2188 1020 2231 significat
1039 2189 1222 2228 rationem,
1249 2199 1312 2231 qua
1333 2188 1405 2231 quis
1423 2188 1466 2220 ad
1487 2187 1622 2220 alicuius

856 2234 903 2265 rei
937 2233 1160 2276 cognitionem
1183 2233 1236 2266 vel
1268 2233 1424 2266 iudicium
1457 2231 1621 2275 pervenit.

856 2280 895 2311 V.
922 2291 981 2311 nos
1002 2279 1036 2310 in
1062 2279 1119 2311 Gr.
1145 2280 1183 2312 L.
1207 2281 1233 2323 §-
1254 2277 1340 2318 133,
1365 2277 1396 2309 2.
1422 2278 1461 2318 A)
1488 2278 1532 2318 a).
1568 2275 1619 2306 Cs.

855 2323 1129 2367 elegantissimam
1144 2323 1408 2355 observationem
1421 2324 1565 2362 Herzoyii
1580 2320 1619 2352 ad

855 2370 993 2409 Quintil.
1019 2371 1064 2401 X.
1089 2381 1121 2411 p.
1135 2367 1189 2400 91.
1237 2369 1286 2399 De
1317 2366 1504 2399 discrimine
1525 2366 1620 2398 locu-

855 2415 982 2446 tionum
1017 2418 1095 2446 cerle
1124 2415 1187 2445 scio
1226 2418 1260 2445 et
1293 2416 1372 2445 cerlo
1407 2415 1470 2445 scio
1514 2422 1621 2455 expo—

855 2459 919 2492 suit
941 2461 1141 2499 Stizrenburq.
1175 2458 1218 2490 ad
1241 2468 1287 2492 or.
1311 2470 1372 2502 pro
1395 2458 1492 2490 Arch.
1519 2458 1548 2501 §-
1565 2456 1621 2491 32.

856 2517 887 2547 p.
912 2502 969 2535 191
992 2515 1042 2546 sq.

924 2551 1185 2592 temperaverunt]
1213 2551 1252 2582 V.
1279 2549 1321 2581 ad
1348 2551 1369 2580 l.
1400 2549 1461 2588 10,
1484 2547 1538 2581 21.

925 2595 961 2625 de
993 2603 1026 2626 re
1051 2596 1195 2637 militari]
1231 2597 1331 2628 Moser
1357 2601 1527 2636 comparat
1560 2606 1619 2636 pro

857 2639 943 2670 Mur.
974 2635 1013 2678 9,
1039 2637 1092 2671 22.
1131 2646 1164 2672 et
1199 2640 1299 2673 Corn.
1326 2641 1411 2682 Nep.
1437 2639 1493 2672 23.
1524 2639 1562 2678 l,
1590 2638 1617 2671 1.

857 2683 966 2728 ibique
998 2685 1143 2729 Interpp.
1179 2705 1222 2710 —-
1277 2688 1471 2726 Disciplina,
1506 2683 1619 2716 virtuti

857 2729 1031 2773 opposita,
1080 2737 1128 2762 est
1168 2731 1343 2774 prudentia
1381 2730 1427 2762 rei
1470 2728 1619 2761 militaris

859 2775 1245 2818 (Kriegswissenschaft).

924 2823 990 2853 Iam
1022 2822 1092 2863 illa]
1133 2824 1222 2862 lam,
1260 2828 1294 2853 ut
1325 2821 1525 2853 Graecorum
1559 2817 1617 2860 δή,

856 2866 944 2909 quod
978 2868 1141 2908 flartunyo
1180 2866 1327 2910 (Gricch.
1352 2865 1471 2909 Pan-tic.
1505 2864 1569 2896 Th.
1595 2865 1616 2895 Ι.

855 2922 886 2954 p.
898 2909 989 2954 230.)
1005 2923 1076 2944 cum
1088 2912 1208 2944 Latina
1222 2911 1381 2955 particula
1395 2913 1459 2942 iam
1479 2909 1617 2942 eandem

855 2956 984 2989 videtur
1012 2957 1134 2990 habere
1159 2958 1316 3000 stirpem,
1351 2954 1538 2988 transitioni
1562 2955 1615 2987 in»
