1863 3221
259 108 341 154 404

268 207 399 251 tuant,
432 199 524 240 nihil
545 204 757 252 angantur,
791 196 885 236 nihil
903 195 1201 251 concupiscant,
1235 196 1340 237 nulla
1358 197 1558 252 impotenti
1581 199 1727 240 laetitia
1748 213 1812 240 ec-

269 275 443 314 ferantur
457 276 493 322 1,
525 270 628 311 beati
649 270 749 321 sint3

848 117 1012 149 LIBER
1036 114 1141 158 v.7‚
1169 116 1218 150 18.

788 268 915 323 itaque
941 269 978 310 id
1005 270 1069 310 tibi
1093 270 1288 321 conced03
1322 271 1483 312 alterum
1504 279 1631 312 autem
1653 273 1729 313 iam
1753 273 1810 313 in-

708 340 983 398 Superioribus
1020 343 1121 383 enim
1157 343 1479 398 disputationibus
1515 346 1692 385 effectum
1733 353 1809 396 est,

1316 423 1383 458 18.
1418 418 1480 458 Μ.
1512 417 1708 458 Nimirum
1741 418 1814 472 igi-

268 500 329 532 tur
344 492 520 532 confecta
536 504 599 530 res
618 497 699 541 est3
720 490 872 531 videtur
888 489 989 530 enim
1008 491 1053 530 ad
1073 491 1219 530 exitum
1237 491 1394 531 venisse
1413 492 1604 545 quaestio.
1645 490 1696 531 A.
1717 490 1816 532 Pro-

271 355 417 402 tegrum
453 359 530 385 non
563 350 638 384 est.

268 433 409 461 vacare
431 417 534 459 omni
558 417 672 457 animi
700 416 990 471 perturbatione
1024 417 1252 471 sapientem.

267 565 468 620 pemodum
492 565 527 604 id
549 564 715 618 quidem.
779 563 842 604 M.
876 562 1144 604 Veruntamen
1163 563 1523 604 mathematicorum
1541 564 1613 605 istc
1634 578 1717 605 mos
1739 571 1813 616 est,

269 653 344 678 non
369 645 428 678 est
449 638 776 693 philosophorum.
838 636 939 677 Nam
962 644 1186 690 geometrae
1208 652 1323 691 quum
1342 637 1482 692 aliquid
1506 639 1645 678 docere
1663 638 1814 689 volunt,

269 711 302 752 si
330 711 418 766 quid
437 711 483 752 ad
507 725 590 752 eam
614 725 695 752 rem
716 711 881 766 pertinet
907 725 1062 760 eorum,
1098 724 1194 765 quac
1219 718 1308 751 ante
1335 711 1569 762 docuerunt,
1602 711 1639 751 id
1662 718 1818 752 sumunt

271 799 338 839 pro
372 799 561 825 concesso
591 791 629 824 et
658 785 846 840 probato,
886 785 976 824 illud
1010 785 1122 824 modo
1158 784 1377 838 explicant,

613 856 836 911 Philosophi
852 889 861 907 ,

270 946 377 982 eain,
421 945 517 985 quae
544 931 801 981 conveniunt,
847 938 1063 984 congerunt
1095 931 1246 981 omnia,
1291 932 1362 972 etsi
1393 932 1468 971 alio
1507 932 1593 972 loco
1629 932 1821 985 disputata

1420 785 1465 825 de
1497 800 1571 838 quo
1602 792 1691 825 ante
1724 785 1819 825 nihil

269 858 451 913 scriptum
479 865 552 898 est.
905 871 1171 911 quamcunque
1195 872 1275 898 rem
1305 858 1447 898 habent
1472 858 1511 898 in
1538 858 1738 910 manibus,
1778 857 1818 898 in

270 1013 373 1045 sunt.
438 1002 550 1057 Quod
575 1004 614 1044 ni
636 1004 687 1043 ita
716 1011 844 1054 esset,
885 1017 953 1042 cur
978 1001 1159 1053 Stoicus,
1201 1005 1233 1044 si
1261 1012 1366 1044 esset
1391 1004 1629 1058 quaesitum,
1670 1004 1818 1045 satisne

270 1079 315 1118 ad
345 1078 457 1118 beate
485 1077 692 1117 vivendum
719 1077 843 1116 virtus
871 1083 1025 1131 posset,
1065 1077 1181 1116 multa
1206 1077 1378 1117 diceret?
1418 1077 1478 1117 cui
1503 1077 1596 1118 satis
1625 1085 1731 1118 esset
1758 1092 1819 1118 re-

270 1151 484 1205 spondere,
519 1164 561 1190 se
581 1157 670 1190 ante
696 1149 874 1190 docuisse
890 1153 935 1200 2,
970 1149 1062 1189 nihil
1082 1149 1224 1189 bonum
1247 1164 1359 1201 esse,
1393 1151 1468 1191 nisi
1491 1151 1589 1205 quod
1614 1151 1818 1191 honestum

272 1231 391 1276 esset,
426 1225 497 1264 hoc
521 1224 698 1279 probato,
733 1237 975 1277 consequens
996 1236 1106 1275 esse,
1140 1223 1289 1264 beatam
1313 1224 1428 1265 vitam
1450 1224 1592 1266 virtute
1616 1238 1704 1265 esse
1727 1239 1819 1264 con-

360 1338 432 1369 VII.
481 1335 498 1368 1
525 1336 579 1368 Sic
599 1338 638 1368 D.
660 1342 693 1368 et
714 1337 752 1367 R.
766 1337 801 1367 P.
828 1335 902 1378 (sed
920 1335 954 1366 hi
976 1342 1130 1379 corrupte
1153 1336 1310 1379 ecferant.)
1338 1339 1392 1369 Or.
1413 1349 1439 1368 c.
1462 1336 1549 1379 vulg.
1574 1339 1656 1378 effer.
1701 1336 1723 1369 2
1745 1337 1820 1369 Vat.

268 1383 362 1415 Mon.
379 1381 451 1414 1.2.
475 1381 541 1413 duo
566 1384 646 1413 Oxx.
668 1383 695 1413 si
716 1384 786 1413 ante
806 1383 976 1420 docuissem
999 1381 1038 1412 R.
1052 1382 1086 1412 P.
1109 1381 1194 1413 Gud.
1211 1381 1240 1413 1.
1265 1384 1305 1413 11.
1328 1383 1381 1414 sed
1403 1386 1473 1414 ante
1496 1384 1668 1422 docuisset5
1691 1389 1725 1414 at
1745 1382 1821 1413 vul-

270 1433 346 1470 gata
368 1438 446 1458 sana
470 1432 529 1459 est.

337 1496 496 1534 impotenti
517 1493 648 1537 laetitia]
683 1495 724 1526 H.
750 1505 776 1526 e.
812 1494 911 1532 laet.‚
947 1505 1029 1537 quae

270 1539 443 1582 imperare,
466 1546 650 1581 temperare
666 1539 727 1570 sibi
748 1551 815 1571 non
836 1545 957 1582 potest,
984 1538 1030 1570 uti

270 1590 360 1616 recte
382 1584 617 1626 interpretatur
631 1586 807 1616 Mercierius
827 1584 870 1615 ad
888 1583 1030 1615 Nonium

271 1641 302 1672 p.
327 1629 425 1666 65¹2„
459 1628 513 1671 qui
537 1636 683 1660 nostrum
707 1629 834 1668 locum,
869 1629 927 1661 sed
953 1641 1028 1660 cor—

270 1680 387 1716 rupte,
422 1673 544 1704 attulit.
594 1673 644 1705 Cf.
670 1676 724 1706 IV.
752 1676 811 1715 15,
831 1673 894 1708 34:
929 1677 1031 1715 impo-

269 1721 364 1751 tentia
387 1717 495 1749 animi.

336 1766 488 1803 integrum
509 1774 571 1795 ¹non
593 1765 650 1805 est]
676 1765 714 1795 V.
736 1764 778 1796 ad
802 1765 906 1803 c.21,
932 1764 986 1797 62.

340 1810 366 1849 ᾧ.
385 1810 434 1840 lo.
460 1818 673 1848 quamcunque
694 1819 757 1840 rem
778 1812 887 1841 habent
907 1812 939 1841 in
963 1819 1032 1840 ma-

269 1852 373 1895 nibus]
398 1852 451 1883 Sic
474 1853 599 1884 Graece
622 1853 707 1897 ἔχειν
726 1853 758 1887 ἐν
776 1854 898 1897 χερσίν.
933 1856 1032 1885 Schu-

269 1900 356 1930 chius
388 1909 495 1941 comp.
524 1900 666 1930 Valcken.
700 1899 742 1930 ad
773 1899 936 1931 Herodot.
958 1900 1030 1935 Vll,

275 1942 324 1975 16.
351 1944 390 1974 T.
409 1944 464 1974 Vl.
496 1944 529 1974 P.
549 1945 573 1974 Ι.
608 1955 640 1985 p.
657 1942 733 1976 ἰδ’-’1.
770 1944 822 1975 ed.
847 1943 1029 1985 Schweigh.

272 1987 326 2018 Sic
350 1986 405 2021 διὰ
433 1986 545 2031 χειρὸς
580 1988 724 2031 (χειρῶν)
760 1988 863 2032 ἔχεινῑ
902 1989 944 2020 (16
968 1999 1031 2031 quo

273 2039 442 2074 comparat
468 2033 666 2072 Β61916Υ.ει(1
687 2033 878 2075 Alciphron.
905 2046 936 2076 p.
958 2035 1030 2066 105.

274 2079 401 2108 Dorvill.
432 2076 473 2107 ad
499 2077 664 2108 Cha1iton.
694 2078 820 2119 p.·.73.
870 2081 963 2110 Reilz.
989 2078 1031 2109 ad

273 2120 408 2152 Luci-an.
429 2123 467 2153 T.
485 2123 515 2153 ὅ.
536 2120 658 2163 113164.
695 2121 746 2152 ed.
771 2122 841 2164 Bip.
889 2125 1030 2154 Abresch.

274 2172 307 2196 et
338 2167 450 2197 Locell.
483 2165 524 2196 ad
555 2166 644 2197 Xen.
669 2166 787 2207 Ephes.
823 2179 855 2209 p.
885 2166 954 2199 166.
989 2186 1030 2190 -

275 2210 386 2242 Paullo
418 2217 494 2253 post
527 2212 660 2243 Wesenb.
684 2211 829 2242 Em.111.
864 2211 1029 2242 distinxit:

273 2257 305 2287 i‘n
328 2266 398 2287 eam
419 2265 498 2295 quae
521 2266 546 2287 c.

340 2302 500 2340 disputata
520 2302 603 2342 sunt]
630 2302 668 2332 V.
692 2301 733 2332 ad
758 2303 813 2333 ΙΙΙ.
833 2300 874 2341 9,
903 2301 953 2334 18.

340 2347 395 2377 hoc
423 2348 461 2377 sit
489 2345 684 2389 consequens]
713 2347 841 2378 Mutata
870 2353 919 2377 est
948 2357 1032 2378 con—

274 2389 431 2427 structio;
466 2390 555 2432 sequi
580 2390 665 2421 enim
690 2391 850 2423 debebat:
882 2394 935 2423 hoc
960 2395 1034 2423 esset

273 2445 454 2474 consequens
474 2453 518 2458 —
535 2440 672 2467 contenta
692 2441 776 2476 esset,
798 2439 858 2468 nisi
877 2439 1035 2468 honestum

273 2481 355 2519 quod
374 2484 457 2518 esset,
481 2482 556 2511 nihil
576 2483 664 2512 aliud
683 2486 757 2513 esset
777 2484 898 2513 bonum.
924 2482 1035 2513 Oratio

275 2530 383 2554 autem
408 2524 452 2554 ita
475 2525 680 2557 conformata
705 2533 766 2566 est,
791 2539 829 2558 ac
849 2527 875 2557 si
896 2527 1030 2558 verbum

268 2570 354 2599 dicet
376 2568 532 2600 inscitum
554 2577 649 2601 esset.
690 2572 762 2603 Hoc
783 2572 902 2603 modo.
929 2576 954 2603 el
976 2572 1030 2602 di-

277 2618 347 2650 cet,
381 2616 531 2652 quomodo
555 2616 609 2646 hoc
632 2619 670 2647 sit
693 2627 875 2657 consequens
896 2619 943 2648 illi
967 2624 1030 2648 etc.

345 2660 372 2700 ᾗ.
398 2656 448 2689 19.
491 2660 630 2698 Propriis
652 2665 678 2692 et
701 2662 778 2705 suis]
805 2663 844 2693 V.
868 2661 1030 2700 ad1.›9‚

273 2701 345 2734 init.

341 2750 375 2778 ut
393 2750 466 2778 esset
482 2765 521 2770 —
538 2751 692 2790 armatus]
720 2750 974 2783 Coniunctivus'
966 2763 1030 2783 irn-

274 2791 416 2834 perfecti
437 2791 560 2843 positus
584 2800 632 2823 est
657 2801 690 2824 ut
712 2794 743 2824 in
767 2797 929 2828 sententia
953 2794 1029 2830 ὑπο

275 2838 418 2874 ἓετικῶς
439 2837 616 2868 enuntiata.
675 2839 817 2870 Protasis
842 2841 925 2872 enim
950 2842 1031 2873 latet

272 2881 305 2913 in
329 2882 555 2924 propositione
574 2882 710 2913 relativa
729 2883 794 2914 hoe
807 2886 926 2917 modo:
953 2887 1030 2929 phi—

272 2926 422 2969 losophia
446 2927 638 2970 profitetur,
662 2927 883 2970 perfecturam
905 2942 956 2970 se,
983 2937 1030 2969 ut,

275 2974 301 3003 si
332 2972 401 3015 quis
435 2971 559 3015 legibus
591 2972 655 3004 suis
686 2972 864 3017 paruisset,
899 2974 925 3005 is
956 2980 1031 3008 esset

1065 1499 1181 1525 contra
1203 1494 1370 1526 fortunam
1390 1506 1518 1537 semper
1545 1502 1698 1526 armatus.
1746 1496 1821 1526 Klo-

1063 1541 1140 1570 tzius
1164 1539 1341 1582 praeterita
1364 1551 1401 1570 ex
1424 1552 1462 1571 eo
1483 1539 1677 1581 explicanda
1701 1546 1823 1579 censet,

1064 1583 1292 1626 philosophiae
1314 1584 1565 1627 promissionem
1587 1585 1620 1616 in
1642 1584 1822 1627 praeterito

1064 1635 1215 1671 tempore
1233 1641 1302 1660 esse
1321 1629 1525 1667 collocatam,
1550 1636 1585 1661 ut
1602 1629 1711 1672 paullo
1728 1635 1820 1660 ante:

1067 1685 1143 1704 cave
1165 1680 1258 1716 putes
1283 1674 1380 1705 ullam
1402 1674 1434 1705 in
1458 1674 1513 1716 ph.
1536 1686 1649 1706 vocem
1678 1677 1822 1706 emissam

1067 1718 1237 1750 clariorem
1256 1719 1397 1750 ullumve
1415 1731 1484 1750 esse
1502 1719 1730 1762 philosophiae
1748 1730 1822 1759 pro-

1065 1766 1193 1795 missum
1215 1764 1342 1795 uberius
1363 1771 1418 1795 aut
1439 1764 1550 1796 maius.
1580 1767 1738 1796 Ellendtus
1760 1764 1822 1795 dc-

1066 1808 1163 1851 nique
1185 1809 1226 1840 ad
1252 1809 1291 1840 de
1317 1811 1370 1841 Or.
1396 1811 1420 1840 Ι.
1442 1807 1495 1847 42,
1524 1809 1595 1841 190.
1620 1813 1692 1841 esset
1716 1819 1823 1841 arma-

1065 1857 1113 1885 tus
1131 1854 1172 1885 ob
1186 1854 1415 1896 interpositum
1432 1857 1585 1894 paruisset
1603 1855 1725 1885 dictum
1741 1865 1823 1885 esse.

1066 1902 1109 1930 At
1127 1899 1188 1930 hac
1207 1899 1423 1942 explicatione
1440 1899 1520 1930 nihil
1538 1899 1727 1941 proficitur,
1748 1910 1823 1930 nam

1067 1944 1233 1986 evulgari
1255 1945 1383 1976 ratione
1407 1944 1505 1976 etiam
1534 1947 1675 1985 paruerit
1706 1944 1824 1976 dicen—

1066 1988 1142 2020 dum
1168 1996 1249 2021 erat.

1135 2037 1162 2077 §.
1180 2035 1233 2066 20.
1275 2036 1336 2067 Sed
1357 2034 1478 2078 videro]
1504 2036 1544 2067 V.
1568 2034 1610 2066 ad
1630 2036 1670 2066 11.
1697 2033 1746 2073 11,
1767 2033 1823 2067 26.

1068 2081 1228 2118 Tantisper
1258 2082 1405 2119 „indess3
1438 2083 1553 2112 interea
1582 2086 1654 2121 sagt
1685 2090 1760 2110 man
1785 2090 1822 2110 so

1065 2123 1191 2154 nicl1t.“
1242 2126 1330 2164 Wolf.
1378 2125 1496 2163 Recte;
1528 2136 1604 2156 nam
1631 2127 1746 2156 interea
1770 2123 1822 2155 di-

1067 2167 1150 2198 citur
1172 2167 1212 2198 de
1234 2180 1290 2207 re,
1321 2180 1402 2211 quae
1428 2170 1483 2207 fit,
1513 2169 1590 2200 dum
1610 2169 1672 2200 alia
1696 2168 1822 2211 agitur3

1064 2215 1214 2252 tantisper
1246 2220 1374 2251 autem,
1410 2213 1499 2255 quod
1530 2213 1663 2255 proprie
1685 2225 1752 2244 non
1775 2216 1823 2245 in-

1065 2259 1153 2295 dess,
1177 2260 1354 2297 unterdess,
1386 2258 1444 2289 sed
1466 2269 1498 2290 so
1521 2261 1628 2298 langle,
1658 2260 1703 2289 bis
1725 2260 1822 2289 dahin

1065 2301 1244 2344 significat,
1274 2302 1394 2334 dicitur
1414 2302 1455 2334 de
1474 2315 1527 2341 re,
1554 2315 1636 2345 quae
1658 2314 1757 2345 usque
1780 2302 1822 2334 ad

1067 2353 1190 2378 certum
1215 2347 1380 2390 quoddam
1402 2355 1531 2391 tempus
1555 2348 1709 2390 pertinet.

1134 2394 1214 2424 Nam
1231 2394 1347 2424 Xerxes
1368 2393 1504 2436 quidem]
1530 2394 1578 2424 De
1599 2405 1628 2424 v.
1649 2394 1773 2432 quidem
1792 2403 1822 2424 v.

1068 2437 1109 2469 ad
1134 2438 1157 2467 Ι.
1184 2440 1244 2474 2²,
1270 2438 1322 2469 51.
1369 2438 1558 2469 Sententiae
1590 2438 1636 2469 sic
1666 2449 1701 2468 se
1731 2437 1822 2468 exci-

1068 2482 1180 2525 piunt:
1216 2482 1427 2525 Philosophia
1456 2482 1533 2525 quid
1567 2482 1709 2521 efficiat,
1746 2489 1822 2524 post

1066 2527 1257 2559 videbimus.
1304 2531 1347 2559 At
1370 2528 1453 2559 vel'
1445 2540 1549 2571 ipsum
1579 2528 1645 2558 eius
1670 2527 1822 2578 ‘promis-

1066 2584 1154 2611 sum,
1194 2572 1413 2623 perfecturam
1446 2585 1498 2610 se,
1536 2580 1589 2611 ut,
1625 2572 1678 2614 qui
1701 2583 1735 2602 se
1759 2571 1821 2603 sibi

1066 2597 1205 2655 dederit,
1230 2617 1272 2648 sit
1291 2629 1419 2659 semper
1441 2618 1564 2655 beatus,
1589 2616 1696 2658 magni
1718 2616 1820 2648 aesti—

1065 2662 1219 2693 mandam
1244 2669 1303 2693 est.
1349 2662 1434 2693 Nam
1461 2673 1542 2705 quae
1567 2662 1628 2693 alia
1653 2673 1702 2692 res
1727 2667 1819 2694 tanta

1066 2714 1177 2749 potest
1201 2706 1371 2750 polliceri?
1416 2711 1465 2738 An
1490 2712 1623 2737 externa
1646 2706 1751 2745 bonam
1778 2718 1820 2738 au

1064 2751 1241 2794 voluptas?
1288 2751 1424 2783 Minime
1456 2762 1544 2783 vero.
1592 2753 1674 2783 Nam
1697 2751 1724 2782 si
1748 2751 1818 2794 quis

1063 2797 1095 2828 in
1131 2797 1168 2828 iis
1204 2797 1298 2828 rebus
1331 2797 1430 2828 vitam
1462 2796 1591 2828 beatam
1624 2803 1745 2838 ponat,
1785 2796 1819 2828 iu

1063 2843 1151 2873 omhi
1172 2842 1336 2885 copiarum
1357 2841 1526 2873 affluentia
1548 2841 1818 2884 voluptatumque

1064 2886 1262 2918 abundantia
1286 2897 1448 2928 nunquam
1480 2886 1517 2917 iis
1551 2887 1613 2918 erit
1645 2892 1816 2918 contentus

1063 2943 1254 2974 semperque
1273 2930 1351 2962 alias
1372 2937 1468 2973 atque
1491 2931 1569 2963 alias
1595 2930 1816 2973 concupiscet,

1064 2983 1098 3007 ut
1121 2987 1282 3019 nunquam
1302 2975 1407 3018 possit
1429 2987 1499 3007 esse
1522 2976 1647 3009 beatus.
1696 2976 1816 3008 Contra
