1832 3137
1567 91 1649 134 463

870 176 944 218 Est
972 178 1170 232 praeclara
1210 178 1372 232 epistola
1397 176 1575 219 Platonis
1600 181 1647 220 ad

82 247 222 289 Dionis
252 248 513 303 propinquos,
548 249 586 289 in
610 263 682 303 qua
707 250 891 304 scriptum
916 257 977 290 est
1001 250 1059 290 bis
1086 251 1166 290 fere
1189 250 1344 291 verbis:
1381 249 1506 304 „Quo
1533 266 1648 305 quum

79 321 302 371 venissem,
335 321 506 361 vita'illa
528 322 662 372 beata,
698 336 797 376 quae
823 322 1040 372 ferebatur,
1086 323 1198 377 plena
1230 321 1453 364 Italicarum
1476 322 1648 379 Syracu-

617 99 777 131 LIBER
803 99 842 132 V.
867 97 1133 140 35,101.102.

82 177 200 218 multo
230 175 316 216 cibo
349 182 388 216 et
414 176 572 230 potione
600 177 811 232 completi?

80 394 334 447 siarumque¹
364 407 585 434 mensarum
602 427 612 445 ,
655 395 759 434 nullo
784 395 898 434 modo
924 395 1014 434 milii
1037 395 1200 448 placuit,
1250 396 1309 436 bis
1336 397 1373 436 in
1395 396 1455 437 die
1476 404 1649 438 saturum

83 467 167 506 lieri
196 480 269 507 nec
299 481 468 520 unquam
496 474 725 521 pernoctare
752 467 875 507 solum
904 473 1137 521 ceteraque,
1183 483 1281 521 quae
1306 469 1540 510 comitantur
1562 470 1650 510 huic

82 540 210 590 vitae,
243 539 282 579 in
311 553 383 592 qua
407 540 561 594 sapiens
585 553 697 580 nemo
721 539 909 580 efficietur
932 553 1094 592 unquam
1112 571 1122 590 ‚
1158 542 1380 581 moderatus
1406 556 1502 582 vero
1528 544 1648 584 multo

293 617 388 652 101.
425 611 538 665 Quae
564 612 666 652 enim
692 618 831 652 natura
857 618 931 651 tam
961 612 1190 653 mirabiliter
1218 615 1426 668 temperari
1459 617 1646 669 potest?“

83 684 172 737 Quo
193 685 306 724 modo
326 684 443 738 igitur
461 685 625 724 iucunda
648 685 727 723 vita
745 690 873 738 potest
894 697 999 735 esse,
1034 698 1054 724 a
1080 699 1153 738 qua
1175 686 1274 725 absit
1296 687 1515 739 prudentia,
1549 688 1651 729 absit

84 612 228 653 minus.

82 758 323 797 moderatio?
382 755 447 796 Ex
473 771 548 810 quo
569 755 848 811 Sardanapali,

883 757 1167 810 opulentissimi
1193 755 1336 812 Syriae
1362 759 1492 812 regis,
1535 774 1650 800 error

79 829 327 882 agnoscitur,
361 829 425 883 qui
455 829 573 868 incidi
604 828 717 869 iussit
747 828 786 869 in
819 829 958 869 busto:

283 905 385 941 Haec
406 903 522 940 habeo
538 932 547 949 ‚
582 916 677 953 quae
700 905 784 949 edi,
819 916 985 954 quaeque
1013 910 1234 942 ematurata
1266 905 1379 942 lz‘bz'do

284 978 447 1022 Hause'c,·
483 983 526 1013 at
553 977 618 1013 illa
651 978 775 1013 iacent
801 977 920 1013 multa
947 983 984 1013 et
1006 978 1211 1026 praeclara
1242 978 1390 1015 relicta.

81 1047 184 1100 Quid
207 1047 333 1097 aliud,
367 1047 491 1100 inquit
513 1046 775 1096 Aristotcles,
819 1047 856 1086 in
886 1046 1024 1098 bovis,
1060 1062 1136 1087 non
1164 1048 1202 1087 in
1230 1048 1359 1102 regis,
1394 1049 1573 1102 sepulcro
1589 1049 1650 1090 in-

80 1119 305 1160 scriberes?
364 1119 474 1160 Haec
507 1119 648 1159 babere
683 1133 725 1159 se
758 1126 951 1159 mortuum
979 1119 1093 1169 dicit,
1140 1133 1238 1174 quae
1269 1133 1318 1160 ne
1357 1120 1470 1160 vivus
1496 1122 1648 1175 quidem

80 1193 222 1233 diutius
249 1192 438 1243 habebat,
482 1206 594 1246 quam
632 1191 848 1232 fruebatur.

914 1197 1008 1232 102.
1045 1190 1128 1232 Cur
1159 1192 1280 1245 igitur
1312 1193 1470 1234 divitiae
1498 1194 1649 1235 deside-

83 1267 246 1305 rentur?
278 1272 345 1305 aut
368 1264 433 1305 ubi
455 1272 664 1320 paupertas
686 1264 821 1304 beatos
845 1278 932 1305 esse
957 1279 1032 1305 nou
1055 1265 1211 1305 sinit2?
1244 1264 1392 1319 Signis,
1427 1267 1560 1316 credo,
1596 1274 1650 1306 ta-

172 1382 322 1413 XXXV.
360 1381 375 1413 1
403 1381 503 1413 Vind.
522 1380 551 1413 1.
575 1381 665 1413 Mon.
685 1381 712 1414 1.
737 1388 804 1413 tres
827 1383 906 1412 Oxx.
928 1388 960 1412 et
982 1381 1127 1424 pleraeq.
1151 1382 1226 1413 edd.
1249 1389 1330 1414 vett.
1355 1385 1650 1422 syracusanarum-

84 1437 164 1467 quc‚
190 1433 224 1457 ut
246 1426 318 1457 Fin.
342 1427 381 1458 ΙΙ.
402 1424 466 1464 28,
491 1423 546 1457 92.
594 1424 615 1457 2
640 1426 717 1457 Sine
741 1437 853 1458 caussa
880 1427 956 1457 Ern.
982 1426 1066 1458 coni.
1093 1430 1184 1458 sinat.

86 1509 128 1536 At
149 1503 271 1536 rectius
290 1507 483 1544 praestantia
507 1503 547 1535 ad
570 1515 600 1535 v.
622 1507 720 1535 multa
743 1504 853 1535 refer-

86 1556 159 1587 tur,
196 1555 232 1579 ut
254 1556 392 1590 uterque
413 1549 475 1579 abl.
500 1551 590 1588 copia
613 1550 701 1589 facili
721 1555 755 1579 et.
778 1559 852 1580 sua-

84 1596 178 1625 vitate
200 1604 217 1624 a
240 1605 271 1624 v.
290 1596 484 1632 praestantia
506 1593 660 1634 pendeat.

157 1639 347 1679 siccitatem]
387 1637 631 1668 salubritatem:
674 1648 769 1675 nam,
805 1637 851 1668 uti

86 1689 175 1714 recte
199 1682 297 1713 docet
312 1684 469 1714 Erneslius
491 1682 580 1713 Clav.
604 1682 634 1713 h.
649 1694 690 1717 v..
715 1692 851 1724 corpora

85 1727 170 1758 sicca
194 1726 405 1758 saluberrima
433 1733 464 1757 et
488 1726 669 1757 firmissima
694 1733 789 1763 sunt,
819 1733 853 1757 et

84 1772 214 1803 siccitas
237 1772 342 1803 oritur
366 1783 383 1803 e
403 1771 605 1803 continentia
628 1778 660 1802 et
684 1771 797 1802 labore
819 1778 852 1802 et

85 1816 386 1849 exercitationibus.
421 1815 461 1846 de
475 1817 605 1847 Senect.
627 1827 653 1847 c.
678 1816 733 1848 10:
760 1827 852 1847 sum-

84 1873 169 1892 mam
188 1861 220 1892 in
243 1872 281 1892 eo
302 1872 372 1891 esse
392 1861 539 1903 corporis
566 1860 759 1891 siccitatem.
799 1861 849 1891 Cf.

86 1906 244 1947 Xenopli.
272 1906 346 1946 Cyr.
373 1907 396 1936 l.
420 1908 459 1942 2,
490 1905 540 1937 16.

155 1951 232 1981 Cap,
245 1950 393 1981 XXXV.
420 1952 446 1993 ξ.
468 1949 538 1981 100.
566 1951 764 1988 Timotheum,
788 1951 852 1980 cla-

85 2006 156 2027 rum
174 1996 326 2026 hominem
340 1993 476 2036 Athenis]
506 1995 552 2024 De
567 1996 718 2025 Timotheo
742 1993 853 2025 laudat

86 2042 285 2071 Klotzius
303 2040 475 2078 Koephium
497 2037 538 2069 ‹le
561 2038 718 2081 hypomn.
737 2039 853 2070 Graec.

87 2096 118 2126 p.
143 2084 197 2115 23.
236 2083 406 2115 Ablativus
430 2085 554 2114 Athenis
575 2090 730 2125 tanquam
754 2083 851 2114 attri-

85 2129 200 2159 butum
227 2139 298 2159 cum
324 2127 430 2159 verbis
455 2130 576 2159 clarum
598 2130 752 2160 hominem
776 2128 853 2159 iun-

87 2172 211 2215 gendus
243 2179 304 2204 est.
351 2173 391 2203 V.
426 2182 485 2202 nos
517 2172 550 2203 in
580 2172 636 2205 Gr.
662 2173 700 2203 L.
729 2172 852 2216 §.109.

86 2218 168 2249 Not.
198 2219 243 2249 10.

156 2264 285 2301 epistola
305 2262 460 2305 Platonis]
488 2262 550 2304 Ep.
568 2261 598 2294 7.
635 2263 683 2304 [p.
700 2260 777 2294 326.
800 2262 851 2303 8.]

88 2307 185 2338 Tom.
199 2307 259 2337 IX.
282 2318 313 2348 p.
325 2306 379 2339 97.
403 2305 455 2337 ed.
471 2307 541 2348 Bip.
566 2306 695 2348 Scripta
710 2312 759 2336 est
773 2306 855 2337 haec

89 2350 230 2392 epistola
260 2357 336 2392 post
360 2357 501 2381 mortem
526 2350 639 2381 Dionis
663 2350 787 2392 patriae
811 2350 855 2381 li-

89 2395 261 2426 beratoris.
309 2397 478 2426 Ernestius.

156 2442 201 2470 ln's
226 2442 256 2471 in
281 2441 331 2471 die
356 2443 498 2470 saturum
532 2438 613 2481 fieri]
648 2438 854 2480 praepositio

91 2487 122 2516 in
147 2483 292 2515 ablativo
318 2483 484 2515 nominum
511 2490 640 2525 tempus
665 2483 855 2524 significan—

91 2529 172 2559 tium
196 2540 325 2571 semper
348 2527 501 2564 additur,
539 2539 636 2570 quum
661 2527 749 2558 actio
773 2531 856 2558 intra

90 2575 217 2614 aliquod
239 2576 384 2612 temporis
402 2576 539 2612 spatium
563 2575 657 2611 repeti
688 2571 856 2613 signitica—

91 2624 154 2649 tur.
203 2619 240 2648 V.
275 2629 334 2648 nos
361 2617 391 2647 in
418 2619 474 2648 Gr.
498 2618 535 2647 L.
559 2617 577 2648 6
611 2617 678 2648 115.
704 2617 783 2647 Not.
800 2615 854 2649 23.

92 2663 168 2693 Non
190 2663 267 2694 satis
287 2669 437 2694 accurate
458 2673 525 2693 rem
544 2660 656 2691 delinit
671 2663 855 2692 Ramshorn.

96 2706 132 2737 [ι.
157 2707 212 2739 Gr.
240 2707 361 2750 §.14³2
386 2719 417 2749 p.
435 2706 510 2738 4525.
534 2705 585 2737 ed.
604 2707 636 2736 2.
685 2716 733 2747 pr.
756 2705 853 2735 Rosc.

94 2753 165 2782 Am.
197 2750 259 2786 46.
290 2751 368 2783 132:
404 2751 458 2782 vix
490 2754 533 2782 ter
564 2753 595 2781 in
625 2759 707 2781 anno
742 2748 855 2781 audire

94 2795 241 2826 nuntium
267 2802 413 2837 possunt.

162 2843 346 2872 comitantur
364 2842 434 2872 huic
452 2840 548 2880 vitae]
569 2839 608 2870 V.
628 2838 668 2869 ad
690 2850 716 2871 c.
732 2840 786 2876 2²4,
801 2837 858 2871 (5⁷3.

160 2886 189 2928 ᾗ.
211 2885 284 2916 101.
331 2884 519 2927 temperari]
545 2883 683 2914 misceri.

161 2929 286 2969 Syriae]
309 2929 476 2960 Ernestins
497 2935 632 2959 auctore
651 2926 800 2958 Con-ado
822 2926 853 2958 in

888 1504 1022 1542 Quaest.
1040 1515 1072 1546 p.
1087 1503 1163 1535 3123.
1184 1504 1314 1547 scripsit
1334 1507 1499 1544 Assyriae5
1523 1511 1557 1536 et
1571 1507 1652 1537 Sar·—

888 1547 1068 1590 danapalus
1091 1554 1160 1579 erat
1188 1560 1243 1579 rex
1266 1549 1437 1591 Assyriae3
1472 1549 1530 1581 sed
1553 1561 1652 1593 saepe

887 1593 974 1634 apud
998 1600 1125 1624 veteres
1150 1593 1329 1636 scriptores
1352 1596 1512 1633 Assyriam
1535 1600 1569 1625 et
1592 1596 1653 1634 Sy-

886 1640 969 1669 riam
992 1644 1193 1680 permutatas
1223 1638 1376 1680 reperiri,
1410 1638 1652 1670 demonstravit

886 1683 1044 1713 Davisius.
1091 1682 1141 1713 Cf.
1168 1682 1238 1712 Fin.
1266 1684 1303 1713 ll.
1328 1682 1382 1720 32,
1409 1682 1482 1715 106.
1522 1685 1654 1715 Orellius

888 1734 1049 1767 provocat
1071 1726 1112 1757 ad
1138 1729 1306 1757 Graeciam
1339 1733 1371 1757 et
1396 1729 1595 1767 Oudendorp.
1618 1727 1651 1758 in

887 1772 976 1801 Suet.
998 1771 1088 1802 Caes.
1105 1772 1166 1802 22:
1193 1770 1225 1801 in
1249 1770 1343 1813 Syria
1359 1790 1403 1793 —
1419 1782 1573 1813 regnasse
1589 1774 1652 1803 Se-

885 1826 1046 1847 miramin.

955 1861 1039 1892 Haec
1063 1859 1173 1902 habeo]
1212 1860 1286 1891 Hoc
1318 1860 1518 1902 epigramma
1553 1866 1586 1891 et
1610 1860 1650 1891 ab

887 1903 958 1934 aliis
978 1904 1115 1936 affertur
1136 1910 1167 1934 et
1194 1904 1234 1935 ab
1251 1903 1421 1935 Athenaeo
1445 1904 1477 1935 in
1495 1904 1650 1947 Deipnos.

887 1950 975 1980 vm.
1003 1961 1033 1990 p.
1050 1947 1132 1980 5536:

934 1990 1025 2026 Keiv'
1063 1992 1130 2037 ἔχω
1155 1989 1231 2026 ’ὄπ’
1256 1992 1378 2035 ἔφαγον
1403 1993 1461 2026 καὶ
1485 1992 1652 2038 ἐφύβρισα

1319 2037 1376 2070 καὶ
1403 2036 1460 2071 σὺν
1486 2037 1585 2079 ἔρωτι

934 2078 1056 2124 Τέρπν’
1074 2081 1214 2115 ἔπαξῑον·
1240 2080 1282 2115 τοὶ
1299 2080 1337 2115 δὲ
1355 2080 1459 2133 ’πολλοὶ
1480 2082 1537 2115 καὶ
1555 2078 1652 2126 ὄλβια

1318 2138 1424 2160 recma
1446 2126 1619 2160 λέλειπται.

891 2171 941 2203 Cf.
966 2170 1220 2202 eruditissimam
1255 2171 1506 2202 adnotationem
1531 2174 1653 2203 Davisii

888 2216 931 2248 ad
946 2216 1012 2247 hoc
1029 2216 1239 2257 epigramma.
1266 2215 1450 2256 Explicavit
1468 2216 1532 2246 hoc
1549 2216 1651 2258 epigr.

888 2263 1131 2298 Huefflnannus,
1171 2272 1188 2290 a
1215 2259 1352 2291 Klotzio
1388 2259 1558 2297 laudatus,
1595 2260 1650 2291 in:

890 2306 1003 2336 Neuen
1027 2304 1116 2335 Jhrb.
1140 2304 1163 2334 f.
1187 2304 1268 2336 Phil.
1287 2315 1316 2334 u.
1333 2303 1468 2345 Paedag.
1482 2303 1650 2346 Supplem.

893 2348 988 2381 1e35.
1011 2350 1051 2380 T.
1068 2349 1121 2378 lll.
1140 2349 1217 2379 fasc.
1237 2347 1462 2390 1.p.1·.’6sqq.
1492 2348 1542 2379 Cf.
1558 2351 1651 2380 Mad-

889 2396 951 2433 vigy.
973 2392 1014 2423 ad
1040 2392 1109 2423 Fin.
1139 2394 1176 2423 ll.
1199 2393 1252 2428 32,
1280 2392 1364 2428 loo..
1389 2392 1443 2423 ubi
1465 2392 1577 2424 eade-m
1600 2404 1650 2425 res

891 2443 1178 2471 commemoratur,
1204 2443 1236 2467 et
1254 2448 1349 2479 quern
1370 2436 1481 2468 attulit
1499 2439 1651 2469 Naekium

890 2482 931 2512 (le
946 2481 1100 2512 Clioerilo
1115 2481 1224 2512 Samio
1244 2482 1332 2523 LipS.
1352 2481 1443 2514 1³17.
1459 2493 1491 2524 p.
1508 2481 1650 2524 196sqq.

890 2526 998 2557 Verba
1023 2525 1210 2557 Aristotelis
1243 2532 1373 2568 sumpta
1405 2532 1480 2557 sunt
1509 2537 1526 2557 e
1551 2525 1650 2567 libro,

891 2571 944 2612 qui
969 2571 1128 2612 temporis
1152 2570 1268 2601 iniuria
1293 2570 1471 2601 intercidit.
1520 2571 1650 2601 Verba:

892 2616 973 2654 Quid
1000 2633 1041 2639 —
1064 2617 1270 2647 inscriberes?
1315 2614 1521 2657 parenthesis
1551 2615 1649 2657 signis

890 2671 908 2690 a
939 2670 1029 2701 seqq.
1055 2661 1139 2691 Haec
1158 2679 1201 2684 —
1225 2661 1385 2699 fruebatur
1412 2659 1528 2690 iniuria
1552 2659 1651 2690 Orel-

889 2703 968 2734 lium
994 2703 1191 2740 distraxisse,
1217 2711 1355 2746 apparet.
1379 2716 1417 2735 ex
1441 2704 1512 2734 Fin.
1536 2704 1573 2733 ll.
1593 2703 1648 2735 32.

894 2746 966 2781 106.
1015 2749 1053 2779 V.
1084 2751 1214 2780 ltsesenb.
1243 2751 1309 2780 Em.
1338 2750 1359 2779 l.
1387 2760 1416 2789 p.
1436 2748 1487 2779 32.

958 2792 1075 2826 «10¹2.
1100 2797 1154 2824 aut
1176 2796 1228 2825 ubi
1255 2812 1294 2818 —-
1318 2793 1431 2831 sinim}
1463 2793 1519 2822 Ubi
1544 2796 1592 2821 est
1617 2792 1649 2821 in

889 2831 1024 2877 qua're,
1051 2844 1086 2869 ut
1106 2839 1145 2870 v.
1169 2836 1223 2876 41,
1249 2838 1327 2869 121:
1354 2839 1404 2867 nm
1428 2835 1512 2865 cmm
1533 2834 1648 2865 melius

891 2881 939 2912 uti
963 2892 1131 2924 possumus
1155 2882 1219 2914 hoc
1244 2901 1286 2906 -—
1312 2879 1409 2911 otio?

959 2929 1075 2967 Sionis,
1099 2929 1200 2959 credo.
1223 2927 1347 2963 tabulis,
1360 2923 1455 2966 ludis]
1484 2923 1530 2954 Ad
1546 2923 1648 2965 signa,
