1863 3221
242 126 298 170 26
846 136 1190 171 PROLEGOMENA.

243 228 354 268 sunt,
385 220 508 257 serius
536 220 708 266 demum,
740 224 914 268 tempore
936 217 1027 265 illo,
1059 231 1189 267 quum
1210 217 1501 257 Atheniensium
1533 220 1666 270 legati,
1696 221 1795 257 Car-
1827 230 1835 235 ·

244 286 403 334 neades,
436 287 654 333 Critolaus,
686 284 897 335 DiogeneS,
934 291 1014 322 tres
1036 284 1266 335 philosophi
1289 286 1510 335 clarissimi,
1542 289 1700 324 Romam
1724 300 1794 324 ve-

243 361 390 391 nerunt
407 353 506 404 (156
525 369 557 391 a.
576 351 698 404 etun),
729 352 1059 402 praeclarissimae
1078 352 1184 388 illius
1207 352 1437 403 disciplinae
1458 354 1630 391 studium
1650 353 1796 390 'laetius

244 421 486 458 efflorescere
508 420 650 471 coepit.
710 419 896 470 Epicurei
917 425 1008 469 post
1030 421 1069 456 C.
1093 418 1328 456 Amafinium
1356 420 1474 470 primi
1502 422 1688 468 suerunt,
1727 420 1795 470 qui

242 487 538 539 philosophiam
555 500 663 524 suam
680 487 821 524 litteris
837 486 987 523 Latinis
1008 486 1304 537 consignarunt.
1335 501 1368 524 c.
1384 490 1424 525 5.
1480 489 1607 525 Pauca
1624 488 1796 525 subiun-

242 561 393 604 guntur
423 555 470 592 de
498 554 726 592 Academica
755 553 1065 604 philosophandi
1096 554 1262 591 ratione.
1293 568 1326 592 c.
1347 557 1385 592 4.
1408 555 1537 605 princ.

355 622 399 660 ΙΙ.
459 622 713 659 ΡΒοΡοεΙΤυΜ
743 618 900 672 (θέσις).
961 622 1053 658 Non
1084 623 1193 658 onmi
1230 624 1362 658 animi
1393 622 1696 672 perturbatione
1725 636 1796 659 sa-

235 690 354 738 piens
382 689 543 726 videtur
574 703 731 726 vacare.

354 756 457 793 Huic
478 756 692 794 sententiae
713 756 864 792 Tullius
885 755 940 791 ita
962 755 1196 806 respondet,
1226 762 1291 804 ut,
1322 755 1504 793 hesterna
1529 756 1798 806 disputatione

242 822 284 860 in
304 830 436 874 partes
460 830 621 870 vocata,
653 822 914 873 aegritudine
937 822 1092 871 quidem
1111 823 1323 873 sapientem
1343 837 1482 860 vacare
1504 823 1626 871 dicat,
1657 836 1700 860 ea
1719 836 1794 859 au-

239 896 316 927 tem
337 892 510 938 sublata,
548 890 657 940 sequi
677 890 812 936 etiam,
851 902 898 926 ne
922 896 1066 926 metum
1090 890 1248 939 quidem
1272 891 1410 927 cadere
1435 904 1549 941 posse
1570 890 1610 926 in
1633 889 1792 940 sapien-

239 963 334 1006 tem,
365 972 452 995 nam
477 964 621 994 metum
644 970 723 993 esse
749 970 882 993 earum
907 970 1040 993 rerum
1066 958 1304 1005 absentium,
1342 971 1508 1007 quarum
1535 957 1797 1008 praesentium

240 1025 292 1062 sit
315 1025 543 1075 aegritud03
582 1024 781 1074 reliquum
808 1023 932 1073 igitur
955 1037 1051 1071 esse,
1092 1029 1137 1060 ut
1157 1024 1470 1073 demonstretur,
1510 1038 1558 1061 ne
1585 1024 1682 1060 duas
1702 1023 1795 1073 qui-

239 1093 326 1129 dem
344 1106 443 1142 quae
464 1098 612 1140 restent
629 1091 968 1141 perturbationes,
999 1091 1187 1127 laetitiam
1207 1093 1432 1142 gestientem
1453 1099 1489 1128 et
1510 1091 1724 1138 libidinem,
1755 1090 1796 1126 in

236 1159 449 1210 sapientem
476 1158 626 1195 cadere.
658 1171 690 1193 c.
710 1159 749 1194 4.

349 1226 419 1263 His
452 1231 580 1262 autem
609 1224 778 1271 relictis,
819 1230 945 1260 totum
973 1224 1021 1261 de
1047 1224 1416 1274 perturbationibus
1446 1225 1575 1261 locum
1613 1223 1795 1274 disputa-

240 1294 348 1331 tione
367 1307 435 1330 sua
462 1292 666 1342 complecti
693 1291 938 1340 ingreditur,
971 1297 1088 1340 atque
1110 1291 1165 1327 ita
1190 1292 1367 1341 quidem,
1407 1299 1453 1328 ut
1477 1292 1703 1329 Stoicorum
1727 1305 1792 1328 ra-

238 1363 404 1408 tionem,
436 1360 504 1409 qui
523 1372 642 1409 quum
662 1359 709 1395 de
729 1359 846 1394 animi
865 1359 1234 1408 perturbationibus
1253 1359 1474 1409 disputent,
1503 1373 1676 1408 magnam
1697 1373 1792 1408 par-

237 1435 314 1466 tem
348 1428 388 1465 in
419 1428 471 1465 eis
498 1427 718 1478 partiendis
746 1432 784 1462 et
807 1426 1037 1462 deliniendis
1069 1426 1251 1476 occupati
1274 1426 1371 1472 sint,
1408 1426 1637 1463 medicinam
1665 1431 1793 1462 autem

235 1495 585 1548 perturbationum
616 1493 758 1531 leviter
787 1499 941 1530 tantuin
973 1493 1187 1543 attingant,
1227 1506 1314 1530 cum
1342 1492 1697 1543 Peripateticorum
1725 1506 1793 1529 ra-

237 1565 367 1613 tione,
399 1562 486 1613 qui,
516 1561 715 1613 partiendi
739 1567 776 1598 et
794 1561 1009 1598 definiendi
1029 1560 1152 1611 spinis
1171 1561 1472 1611 praetermissis,
1502 1561 1552 1598 ad
1582 1560 1794 1612 placandos

235 1631 510 1680 sanandosque
531 1630 680 1666 animos
699 1630 821 1666 multa
843 1628 1028 1675 afferant,
1059 1628 1374 1679 coniungendam
1396 1628 1557 1666 iudicet.
1596 1629 1693 1665 Tota
1715 1627 1792 1678 igi-

236 1705 305 1737 tur
335 1698 456 1736 huius
485 1697 579 1734 libri
609 1696 826 1747 disputatio
856 1696 1057 1746 tripertita
1081 1702 1149 1732 est.

350 1766 393 1802 A.
455 1766 601 1801 Prema
628 1778 730 1814 pars
765 1763 867 1800 sistit
895 1763 1111 1800 divisiones
1141 1769 1180 1799 et
1211 1762 1459 1799 definitiones
1492 1762 1663 1799 omnium
1698 1775 1793 1812 per-

235 1833 512 1871 turbationum
542 1831 679 1867 animi:
720 1830 760 1867 in
802 1830 944 1880 quibus
981 1842 1111 1880 presse
1144 1829 1324 1879 sequitur
1354 1829 1578 1866 Stoicorum
1617 1829 1793 1881 vestigia.

233 1915 268 1938 c.
294 1904 319 1939 6
334 1921 386 1927 —-
402 1902 467 1938 14.

350 1968 395 2005 Β.
452 1966 601 2003 Altera
616 1980 721 2016 pars
742 1964 875 2011 docet,
907 1964 1229 2014 perturbationes
1250 1963 1293 2000 in
1314 1963 1525 2014 sapientem
1553 1964 1692 2000 cadere
1712 1977 1791 2000 non

235 2047 361 2086 posse.
419 2034 463 2070 In
497 2046 574 2082 quo
596 2033 685 2069 loco
718 2032 870 2068 Tullius
904 2031 1058 2081 longius
1088 2032 1336 2082 exspatiatur
1368 2031 1412 2067 in
1444 2031 1655 2068 refellenda
1678 2031 1790 2068 Peri-

235 2101 499 2152 pateticorum
531 2100 578 2136 de
605 2098 954 2150 perturbationum
987 2105 1026 2135 et
1046 2098 1288 2135 'necessitate
1315 2104 1354 2135 et
1382 2098 1555 2136 utilitate
1587 2099 1793 2136 sententia.

233 2183 267 2206 c.
294 2171 488 2206 15—26.

348 2236 389 2272 C.
462 2236 593 2271 Tertia
613 2248 714 2283 pars
738 2233 931 2283 proponit
963 2232 1154 2280 remedia,
1196 2245 1295 2282 quae
1323 2232 1692 2282 perturbationibus
1717 2233 1790 2270 ad-

234 2302 407 2341 hibenda
436 2303 527 2340 sint.
558 2315 592 2338 c.
613 2304 732 2339 27—
747 2304 813 2338 58.

807 2458 851 2496 A.
909 2457 1064 2495 PRIMA
1094 2457 1232 2495 PARS.

984 2550 1040 2573 DE

481 2615 702 2645 DIVISIONE
727 2615 784 2646 ET
810 2612 1098 2644 DEFINITIONE
1122 2611 1546 2644 PERTURBATIONUM.

355 2720 388 2743 a.
448 2706 648 2756 Definitio
663 2706 987 2754 perturbationis·
1010 2708 1171 2756 eiusque
1188 2706 1376 2755 partiam
1395 2702 1624 2752 ‹les-emptio.
1688 2706 1787 2740 Per-

240 2775 418 2812 turbatio
446 2766 625 2822 (πάθος,
659 2771 991 2821 Leiden.s-cl1(4ft),
1034 2785 1133 2822 quae
1161 2771 1293 2808 oritur
1317 2783 1335 2805 e
1359 2769 1506 2806 iudicio
1534 2776 1572 2807 et
1603 2770 1789 2820 opinione

239 2839 388 2893 (falsa),
419 2853 518 2890 quae
539 2845 597 2876 est
617 2839 807 2876 imbecilla
834 2840 1000 2876 assensio
1021 2837 1076 2889 (v.
1096 2837 1263 2889 §.15.),
1294 2843 1351 2874 est
1375 2851 1520 2874 aversa
1542 2852 1569 2874 a
1584 2845 1695 2874 recta
1715 2853 1788 2875 ra·-

1251 2898 1262 2912 t·
1294 2898 1313 2912 ΣΙ

240 2912 368 2953 tione,
400 2915 539 2945 contra
560 2915 780 2950 nazaram,
824 2908 955 2942 anime?
983 2908 1195 2943 commotio
1217 2903 1261 2956 (η
1289 2904 1430 2954 αλογος
1453 2901 1519 2941 καὶ
1538 2899 1646 2956 παρὰ
1668 2899 1790 2952 φύσιν

239 2976 373 3025 ψυχῆς
392 2973 555 3025 κίνησις,
586 2974 698 3026 Diog.
717 2974 844 3011 Laert.
862 2973 942 3021 Vll,
977 2972 1100 3025 110.).
1157 2971 1286 3011 Huius
1304 2972 1505 3010 contraria
1525 2978 1581 3010 est
1598 2980 1789 3010 constan—
