1832 3137
666 81 825 113 LtBER
847 82 887 113 v.
913 49 978 121 30¹,
1003 81 1057 114 85.
1555 76 1638 117 453

887 159 936 199 Hi
966 159 1053 213 quid
1087 160 1235 214 possint
1259 160 1457 210 obtinere,
1504 163 1632 202 videa—

1580 234 1634 275 Et

76 303 422 358 Peripateticorum
442 304 591 357 quidem
612 304 806 358 explicata
824 317 962 344 caussa
983 311 1063 354 est,
1089 312 1245 359 practer
1262 305 1574 361 Theophrastum
1594 314 1633 347 et

79 160 346 212 nullorumque
372 158 535 198 aliorum
563 166 824 198 evanuerunt.

76 246 177 281 mus,
211 230 366 272 omissis
387 228 547 281 Stoicis,
582 245 742 284 quorum
764 231 860 271 satis
878 232 1014 272 videor
1032 233 1252 273 defendisse
1270 233 1519 274 sententiam.

74 378 107 418 si
136 376 198 431 qui
230 377 335 416 illum
361 377 484 416 secuti
517 376 745 416 imbecillius
774 375 934 416 horrent
961 377 1133 417 dolorem
1160 385 1199 418 et
1221 378 1496 429 reformidant,
1540 379 1632 420 reli-

75 449 161 504 quis
185 449 337 503 quidem
361 448 452 489 licet
476 450 604 489 facere
625 449 684 499 id,
720 449 819 502 quod
853 449 935 488 sere
963 449 1128 500 faciunt,
1171 458 1212 491 ut
1243 452 1474 505 gravitatem
1508 452 1630 506 digni-

800 519 926 574 Quam
954 536 1068 575 quum
1100 524 1146 563 ad
1177 524 1323 564 eaelum
1352 525 1629 576 extulerunt3,

75 595 173 649 quod
200 596 329 635 facere
355 595 580 648 eloquentes
606 594 782 634 homines
807 594 965 648 copiose
994 595 1144 645 solent,
1178 597 1325 650 reliqua
1352 612 1402 637 ex
1426 598 1631 638 collatione

76 529 270 576 tatemque
294 522 448 562 virtutis
478 529 736 575 exaggerent.

76 668 187 708 facile
210 675 270 708 est
293 675 499 708 conterere
519 674 633 721 atquc
656 673 923 707 contemnere.
984 666 1072 707 Nec
1094 668 1195 707 enim
1218 669 1308 709 licet
1328 669 1375 709 iis
1390 673 1429 720 4,
1462 671 1524 724 qui
1549 671 1631 710 lau-

74 741 160 781 dem
184 755 268 780 cum
298 740 430 780 dolore
462 739 664 794 petendam
688 752 776 779 esse
798 739 981 790 dicaut⁵‚
1017 753 1161 793 negare
1182 754 1250 781 eos
1272 754 1360 781 esse
1385 741 1534 793 beatos,
1569 744 1631 796 qui

72 813 174 852 illam
198 812 324 866 adepti
349 815 488 852 sunt-³³.

553 810 785 865 Quanquam
807 812 908 851 enim
933 812 1012 853 sint
1031 812 1068 852 in
1088 813 1314 867 quibusdam
1337 814 1469 864 malis,
1503 821 1639 854 tamen.

72 885 145 926 hoc
176 898 316 926 nomen
350 884 450 925 beati
483 884 599 939 longe
630 891 669 924 et
698 884 772 924 late
806 892 926 939 patet.

160 1006 183 1040 3
207 1008 262 1039 Sic
284 1006 399 1050 scripsi
413 1019 439 1039 c.
456 1008 513 1039 Tr.
530 1019 590 1049 pro
614 1007 699 1050 vulg.
725 1010 906 1040 exculerint:
931 1009 1020 1051 quod
1042 1009 1120 1041 ferri
1141 1010 1265 1052 nequit.

71 1053 93 1085 4
119 1053 159 1084 R.
182 1053 218 1084 P.
242 1051 326 1083 Gud.
345 1052 371 1085 l.
402 1053 439 1083 11.
461 1052 581 1095 aliique
603 1054 661 1084 his.

1313 1011 1352 1042 V.
1379 1010 1421 1041 ad
1443 1012 1482 1042 11.
1496 1009 1552 1052 ⁶24,
1575 1010 1627 1042 58.

709 1054 749 1084 V.
776 1053 818 1084 ad
845 1053 868 1082 1.
894 1052 936 1091 3,
960 1053 990 1085 5.
1039 1054 1060 1085 5
1085 1054 1139 1085 Sic
1162 1056 1216 1086 Or.
1241 1066 1269 1086 c.
1294 1055 1333 1086 R.
1360 1056 1395 1086 P.
1419 1054 1504 1087 Gud.
1520 1055 1547 1088 1.
1573 1066 1630 1086 sex

73 1100 155 1129 Oxx.
175 1096 311 1140 aliisque
334 1108 395 1139 pro
418 1097 505 1139 vulg.
528 1099 654 1128 dicunt:
687 1097 775 1140 quod
794 1097 836 1129 ob
857 1109 925 1141 seq.
949 1100 1055 1139 adepti
1076 1103 1147 1131 sunt
1167 1106 1277 1131 ortum
1298 1099 1447 1138 videtur,
1483 1111 1544 1142 pro
1564 1111 1630 1142 quo

73 1143 150 1174 ΕΠ).
176 1153 194 1173 e
220 1141 305 1174 coni.
329 1144 382 1174 ad.
407 1145 467 1174 sint
489 1141 629 1184 scripsit.

139 1222 296 1260 explicata
313 1230 426 1252 caussa
449 1222 506 1261 est]
533 1221 574 1252 H.
590 1232 616 1251 e.
638 1220 748 1263 plana,
767 1232 834 1252 non

74 1265 234 1304 abstrusa,
253 1264 359 1296 facilis
375 1265 556 1303 intellectu,
575 1265 739 1307 expedita.
773 1268 837 1297 Mo-

73 1320 122 1342 ser
146 1321 254 1352 comp.
281 1321 312 1352 p.
336 1309 443 1341 Plane.
470 1312 501 1345 2,
527 1311 566 1341 5:
595 1322 706 1341 caussa
728 1309 835 1342 facilis

71 1361 170 1397 atque
195 1356 361 1394 explicata.
387 1354 428 1385 ad
451 1357 521 1385 Att.
537 1355 596 1384 lX.
618 1354 699 1392 22:
728 1354 837 1396 (litte-

72 1410 128 1431 rae
143 1399 245 1437 tuae)
272 1397 387 1441 quibus
409 1398 490 1429 nihil
514 1405 627 1441 potest
645 1410 715 1429 esse
737 1401 836 1438 expli-

71 1446 183 1484 cauus,
206 1443 287 1474 nihil
314 1443 504 1485 perfectius.
554 1443 604 1474 Cf.
631 1445 770 1484 Seyffert.
794 1442 835 1474 ad

73 1487 165 1520 Lael.
193 1487 242 1526 17,
266 1486 322 1520 61.
347 1487 467 1530 p.3e'0.
484 1513 491 1524 ,
518 1487 571 1530 qui
596 1499 634 1518 ex
656 1487 836 1530 participiis

73 1532 313 1564 adiectivorum
361 1532 425 1562 vim
476 1532 672 1564 habentibus
718 1532 835 1564 affert:

74 1577 287 1611 emendatus.
312 1576 518 1619 inquinatus,
547 1584 731 1619 corruptus,
759 1589 837 1619 per-

74 1622 181 1660 ditus,
206 1621 411 1663 profligatus,
437 1621 632 1660 distinctus,
658 1621 837 1661 involutus,

76 1666 232 1698 confusus
245 1691 252 1703 ‚
280 1673 462 1697 contortus.

143 1710 403 1753 Theophrastum]
428 1712 468 1741 V.
482 1710 522 1741 ‹le
543 1710 650 1741 Finib.
671 1711 709 1742 V.
731 1711 761 1748 ὅ,
780 1710 836 1742 12:

75 1756 130 1788 ubi
155 1768 183 1788 v.
197 1757 393 1795 Madvigium
416 1755 540 1798 peel.
575 1755 626 1788 Cf.
647 1767 744 1797 supra
766 1754 837 1794 αἱ),

72 1798 127 1833 24.
153 1807 187 1832 et
210 1800 263 1832 25.

141 1846 223 1886 licet]
252 1856 290 1876 ex
315 1856 429 1876 eorum
453 1844 632 1887 principiis.
676 1846 813 1877 Neidius.

143 1892 342 1930 exaggerent]
369 1891 408 1921 V.
433 1889 475 1920 ad
501 1902 527 1921 e.
551 1893 609 1928 175,
635 1890 688 1921 51.

142 1945 180 1966 ex
204 1934 379 1977 collatione]
407 1935 574 1965 Ernestins
599 1934 741 1975 explicat
764 1930 837 1966 κατ’

74 1977 268 2021 ἀναλογίανς
307 1979 460 2009 Neidius:
486 1989 500 2010 e
523 1982 680 2011 notionum
705 1981 837 2010 coniun-

73 2027 192 2063 ctione;
217 2023 299 2054 bene
310 2023 468 2054 Wolfius:
498 2032 556 2055 aus
579 2026 647 2055 dem
662 2025 837 2062 Kontrasle,

76 2075 109 2100 et
130 2068 318 2099 Nissenius:
344 2071 534 2109 reliquarum
553 2078 656 2100 rerum
678 2078 747 2100 cum
771 2070 835 2099 vir-

73 2117 135 2146 tute
163 2115 248 2153 facta
281 2116 533 2153 comparatione,
568 2124 664 2156 qnam
687 2113 753 2144 sint
778 2123 834 2143 eae

76 2157 347 2194 contemnendae,
367 2158 464 2190 facile
486 2164 589 2200 patet.
622 2156 834 2200 Peripatetici

74 2202 160 2234 enim
185 2202 359 2240 dicebant,
399 2203 538 2245 gloriam
564 2214 634 2234 esse
658 2201 836 2244 petendam

75 2247 176 2280 etiam
201 2258 273 2278 cum
298 2247 434 2283 dolore;
474 2248 614 2290 gloriam
648 2254 756 2278 autem
781 2246 836 2289 qui

74 2291 187 2334 adepti
212 2298 332 2329 essent,
358 2292 473 2323 beatos
498 2304 588 2330 esse3
612 2291 751 2334 gloriam
774 2303 835 2322 au—

73 2342 143 2368 tem
164 2336 225 2367 nisi
240 2336 363 2367 virtute
382 2336 505 2378 acquiri
525 2348 591 2367 non
614 2347 729 2378 posse:
757 2347 835 2378 ergo

75 2381 232 2412 virtutem
255 2380 386 2411 efficere
411 2381 512 2411 vitam
537 2381 677 2411 beatam.

142 2425 307 2467 conterere]
342 2425 431 2467 quasi
473 2425 609 2466 pedibus
644 2424 836 2456 conculcare

77 2472 170 2512 (opp.
182 2471 225 2501 ad
239 2471 358 2501 caelum
378 2470 562 2508 extulerunt)
582 2469 741 2512 exquisite
756 2480 835 2511 pro:

76 2514 269 2556 despicere,
304 2526 365 2556 pro
388 2514 491 2545 nihilo
515 2514 645 2544 habere.
694 2513 747 2545 Sic
775 2524 836 2555 pro

76 2560 184 2591 Sestio
206 2558 259 2596 40,
282 2560 345 2591 eti:
384 2565 515 2601 praeter
538 2559 621 2596 hoc,
660 2557 749 2600 quod
772 2557 837 2588 iam

75 2606 237 2637 contritum
262 2610 296 2634 et
319 2610 545 2646 contemptum
569 2608 724 2645 putatur,
749 2602 838 2633 iudi-

79 2649 163 2680 cium
187 2648 361 2679 bonorum.

146 2695 334 2733 Quanquam
349 2696 429 2724 enim
452 2694 526 2733 sint]
554 2691 768 2733 Legg.111.8,
787 2691 836 2723 le.

76 2747 257 2778 quanquam
280 2737 321 2769 ad
345 2737 555 2770 commodum
578 2742 710 2767 senatus
732 2735 837 2777 perti-

78 2792 157 2813 nere
169 2783 324 2822 videatur,
347 2789 457 2814 tamen
475 2789 536 2813 etc.
551 2794 556 2812 :
582 2781 635 2812 ubi
650 2780 742 2823 plura
755 2791 838 2812 con—

80 2825 156 2857 tulit
178 2828 320 2858 Goerenz.
341 2839 374 2870 p.
387 2828 463 2860 235.
486 2827 528 2857 dc
550 2828 638 2857 Orat.
657 2826 713 2856 ΙΙΙ.
729 2827 761 2863 8,
776 2824 838 2857 ’.ζῖε

869 1221 915 1252 ita
936 1221 1001 1253 sint
1023 1222 1054 1253 in
1079 1229 1246 1265 promptu,
1271 1229 1307 1253 ut
1330 1234 1382 1253 res
1405 1222 1629 1265 disputatione

871 1277 935 1297 non
957 1271 1065 1306 egeam
1089 1274 1199 1298 tamen
1221 1273 1297 1298 sunt
1314 1279 1331 1298 a
1354 1267 1449 1298 nobis
1470 1267 1534 1298 alio
1553 1266 1628 1298 loco

871 1310 1048 1353 disputata.
1086 1311 1182 1342 Multi
1209 1311 1268 1342 viri
1291 1311 1381 1343 docti
1404 1311 1445 1342 de
1466 1312 1528 1343 hac
1546 1322 1628 1342 con-

870 1356 1051 1386 structione
1083 1356 1332 1398 disputaverunt
1368 1367 1504 1398 eamque
1538 1355 1628 1387 vario

870 1399 971 1430 modo
1005 1399 1277 1431 diiudicaverunt.
1324 1401 1363 1431 V.
1389 1403 1564 1432 Elleudlum
1587 1399 1630 1430 ad

872 1445 962 1475 Brut.
976 1445 1103 1481 XXX,
1132 1445 1203 1476 115.
1252 1446 1390 1476 Ottonem
1415 1444 1457 1475 ad
1481 1444 1550 1475 Fin.
1573 1445 1628 1475 111.

870 1489 924 1527 21,
939 1488 991 1521 ΤΟ.
1016 1491 1136 1520 Μϋῑῖεν.
1151 1488 1192 1520 ad
1214 1488 1255 1519 de
1268 1491 1356 1520 Orat.
1372 1490 1396 1519 I.
1416 1488 1446 1526 6,
1461 1488 1515 1520 21.
1532 1500 1564 1530 p.
1580 1488 1629 1520 18.

870 1535 1024 1565 Moserum
1046 1533 1087 1564 ad
1101 1535 1202 1576 Legg.
1218 1535 1274 1565 Ill.
1286 1535 1317 1566 ὅ.
1342 1545 1373 1575 p.
1387 1531 1463 1565 413.
1488 1535 1627 1572 Madvig.

870 1577 911 1609 ad
936 1578 1078 1617 Fin.111‚
1099 1579 1152 1610 21.
1179 1575 1300 1620 p.-1›70.
1325 1579 1460 1609 Bahium
1472 1577 1513 1608 ad
1524 1578 1628 1619 Legg.

872 1624 928 1653 lll.
952 1626 990 1657 ὅ,
1018 1624 1067 1655 18.
1114 1625 1213 1655 Kritz.
1236 1622 1278 1653 ad
1313 1622 1389 1653 Sall.
1417 1624 1485 1664 Ing.
1510 1623 1572 1659 111,
1595 1626 1627 1654 ζ’.

874 1669 1062 1707 Wesenbery.
1086 1669 1156 1698 Em.
1182 1669 1206 1698 Ι.
1229 1679 1261 1709 p.
1278 1667 1394 1709 lOsq.,
1431 1666 1484 1708 qui
1509 1666 1630 1697 multos

873 1712 1039 1743 Ciceronis
1068 1712 1160 1743 locos
1184 1711 1345 1749 correxit,
1379 1713 1564 1742 Ramshorn.
1588 1712 1627 1742 L.

873 1757 931 1786 Gr.
955 1758 982 1797 ξ.
1002 1754 1071 1787 194.
1096 1769 1127 1797 p.
1143 1756 1203 1788 &³:51
1218 1767 1267 1798 sq.
1290 1756 1340 1786 ed.
1355 1755 1386 1786 2.
1432 1757 1569 1787 Kilhner.
1590 1757 1628 1786 L.

874 1801 930 1832 Gr.
956 1802 982 1839 ξ.
1002 1801 1073 1831 155.
1094 1801 1172 1831 Not.
1190 1802 1214 1832 l.
1254 1799 1348 1841 Apud
1370 1806 1545 1841 argenteae
1568 1811 1627 1830 ae—

872 1845 949 1876 tatis
994 1844 1172 1887 scriptores
1213 1844 1293 1875 nihil
1328 1843 1531 1887 frequentius
1568 1844 1629 1875 hac

872 1888 1129 1921 constructione.
1164 1890 1203 1922 V.
1218 1891 1383 1929 Spalding).
1405 1888 1446 1920 ad
1469 1888 1627 1926 Quinctil.

871 1934 913 1965 de
937 1935 1012 1965 [nst.
1030 1945 1076 1965 or.
1100 1945 1248 1976 prooem.
1267 1933 1315 1965 18.
1340 1945 1370 1975 p.
1388 1933 1436 1964 Ῑῖ).
1464 1933 1527 1963 Ubi
1541 1933 1627 1974 apud

873 1979 1065 2009 Ciceronem
1097 1989 1278 2018 quanquam
1313 1989 1385 2009 cum
1417 1977 1628 2009 coniunctivo

869 2024 1016 2055 iunctum
1037 2023 1208 2065 reperitur,
1231 2022 1398 2054 concessio
1419 2033 1484 2053 non
1504 2022 1629 2064 simpli-

872 2068 954 2100 citer
973 2068 1127 2110 ponitur,
1163 2067 1221 2097 sed
1243 2066 1286 2098 ad
1310 2066 1462 2104 alterius,
1499 2066 1628 2109 quicum

871 2112 977 2145 oratio
998 2112 1147 2143 instituta
1167 2118 1215 2142 est
1229 2137 1236 2149 ,
1263 2111 1497 2153 cogitationem
1521 2111 1629 2142 refer-

871 2165 944 2195 tur,
971 2164 1006 2188 ut
1030 2157 1061 2189 h.
1084 2157 1123 2188 l.:
1150 2167 1335 2198 quanquam
1359 2156 1457 2187 facile
1481 2159 1534 2187 tibi
1558 2166 1628 2187 conv

869 2205 954 2241 aean,
978 2213 1072 2242 quum
1093 2203 1183 2240 elicis,
1207 2212 1264 2231 eos
1289 2212 1359 2231 esse
1381 2201 1412 2231 in
1434 2199 1629 2242 quibusdam

869 2246 974 2278 mulis.
1023 2246 1240 2277 Indicativum
1272 2245 1371 2286 igitur
1401 2244 1441 2274 ab
1467 2245 1530 2275 hoc
1554 2244 1629 2275 loco

870 2292 1011 2323 alienum
1025 2302 1106 2327 esse,
1132 2289 1228 2320 facile
1243 2296 1291 2319 est
1307 2289 1348 2319 ad
1369 2287 1628 2329 intelligendum.

871 2338 980 2375 Quare
1004 2333 1232 2366 coniunctivus
1258 2340 1347 2364 recte
1378 2344 1449 2363 sese
1472 2332 1628 2370 tuebitur,

871 2380 925 2411 ubi
949 2380 975 2410 is
1001 2379 1055 2421 qui
1080 2378 1223 2421 loquitur
1253 2377 1376 2420 aliquid
1401 2379 1578 2409 dubitanter
1599 2383 1630 2407 et

871 2435 939 2456 cum
975 2426 1171 2464 fluctuatione
1195 2425 1335 2462 quadam
1366 2422 1538 2459 concedit,
1577 2421 1630 2452 nbi

872 2480 939 2500 rem
965 2478 1153 2499 concessam
1178 2478 1242 2498 non
1269 2473 1303 2497 ut
1325 2478 1435 2497 veram
1455 2473 1554 2509 atque
1575 2466 1628 2497 in—

872 2513 1055 2544 dubitatam
1091 2512 1269 2554 proponit,
1314 2511 1372 2542 sed
1408 2511 1451 2542 ad
1483 2511 1629 2548 alterius,

871 2557 1001 2600 quicum
1026 2557 1180 2599 loquitur,
1206 2555 1360 2587 indicium
1384 2556 1489 2587 refert
1511 2567 1551 2587 ex
1570 2567 1629 2587 eo—

873 2614 935 2644 que
959 2609 1071 2644 aptum
1095 2601 1187 2632 facit.
1235 2602 1327 2640 Quae
1350 2601 1449 2632 verba
1479 2600 1560 2635 etsi,
1597 2599 1628 2629 ni

874 2646 991 2684 fallor,
1027 2653 1095 2677 tam
1121 2646 1207 2678 clara
1230 2652 1308 2677 sunt
1330 2652 1428 2688 atque
1454 2645 1568 2688 plana,
1597 2650 1627 2673 ut

874 2690 925 2722 vel
951 2690 1104 2733 puerulus
1128 2690 1315 2733 intelligere
1337 2690 1461 2733 possit,
1486 2701 1538 2720 me
1565 2698 1628 2718 non

873 2747 987 2767 eorum
1009 2735 1099 2778 sequi
1124 2735 1334 2777 opinionem,
1362 2735 1416 2777 qui
1444 2731 1630 2764 coniuncti-

874 2791 950 2811 vum
984 2791 1003 2811 a
1028 2779 1258 2812 coniunctione
1281 2788 1462 2820 quanquam
1488 2774 1632 2818 pendero

874 2831 1034 2863 statuunt,
1052 2824 1111 2856 sed
1134 2824 1376 2857 coniunctivum
1400 2834 1458 2864 per
1477 2832 1522 2857 se,
1546 2818 1633 2850 nulla

78 2880 260 2910 quanquam
293 2872 442 2904 omnibus
476 2883 535 2914 par
569 2881 673 2912 paene
706 2869 774 2900 laus
799 2888 841 2894 —
878 2869 1118 2901 coniunctionis
1131 2869 1242 2901 habita
1263 2868 1400 2905 ratione,
1417 2863 1633 2896 necessarium

77 2917 242 2948 tribuatur.
271 2915 367 2948 Offic.
390 2919 412 2949 1.
431 2916 463 2957 2,
482 2915 524 2950 6:
551 2916 642 2955 Quae
662 2924 842 2955 quanquam
879 2925 950 2946 esse
984 2925 1139 2951 censere;

1186 2920 1295 2946 tumen
1332 2911 1381 2942 vir
1415 2906 1634 2947 doctissimus,
