<?xml version="1.0" encoding="UTF-8"?>
<!DOCTYPE html PUBLIC "-//W3C//DTD XHTML 1.0 Transitional//EN"
    "http://www.w3.org/TR/xhtml1/DTD/xhtml1-transitional.dtd">
<html xmlns="http://www.w3.org/1999/xhtml" xml:lang="en" lang="en">
 <head>
  <title>
</title>
<meta http-equiv="Content-Type" content="text/html;charset=utf-8" />
  <meta name='ocr-system' content='tesseract 3.04.00' />
  <meta name='ocr-capabilities' content='ocr_page ocr_carea ocr_par ocr_line ocrx_word'/>
</head>
<body>
  <div class='ocr_page' id='page_1' title='image "./tusculanaedisput00ciceuoft_0073.png"; bbox 0 0 1832 3137; ppageno 0'>
   <div class='ocr_carea' id='block_1_1' title="bbox 0 315 4 1557">
    <p class='ocr_par' dir='ltr' id='par_1_1' title="bbox 0 315 4 1557">
     <span class='ocr_line' id='line_1_1' title="bbox 0 315 4 1557; baseline 0 0"><span class='ocrx_word' id='word_1_1' title='bbox 0 315 4 1557; x_wconf 95' lang='lat' dir='ltr'> </span> 
     </span>
    </p>
   </div>
   <div class='ocr_carea' id='block_1_2' title="bbox 639 61 1585 102">
    <p class='ocr_par' dir='ltr' id='par_1_2' title="bbox 639 61 1585 102">
     <span class='ocr_line' id='line_1_2' title="bbox 639 61 1585 102; baseline 0.001 -1"><span class='ocrx_word' id='word_1_2' title='bbox 639 69 982 102; x_wconf 68' lang='lat' dir='ltr'>PaoLEGoMENA.</span> <span class='ocrx_word' id='word_1_3' title='bbox 1538 61 1585 102; x_wconf 81' lang='grc'>31</span> 
     </span>
    </p>
   </div>
   <div class='ocr_carea' id='block_1_3' title="bbox 598 195 1044 234">
    <p class='ocr_par' dir='ltr' id='par_1_3' title="bbox 598 195 1044 234">
     <span class='ocr_line' id='line_1_3' title="bbox 598 195 1044 234; baseline 0 -2"><span class='ocrx_word' id='word_1_4' title='bbox 598 195 639 233; x_wconf 92' lang='lat' dir='ltr'>C.</span> <span class='ocrx_word' id='word_1_5' title='bbox 697 195 878 233; x_wconf 79' lang='lat' dir='ltr'><strong>TERTIA</strong></span> <span class='ocrx_word' id='word_1_6' title='bbox 908 195 1044 234; x_wconf 88' lang='lat' dir='ltr'><strong>PARS.</strong></span> 
     </span>
    </p>
   </div>
   <div class='ocr_carea' id='block_1_4' title="bbox 794 282 835 302">
    <p class='ocr_par' dir='ltr' id='par_1_4' title="bbox 794 282 835 302">
     <span class='ocr_line' id='line_1_4' title="bbox 794 282 835 302; baseline -0.024 0"><span class='ocrx_word' id='word_1_7' title='bbox 794 282 835 302; x_wconf 78' lang='lat' dir='ltr'>DE</span> 
     </span>
    </p>
   </div>
   <div class='ocr_carea' id='block_1_5' title="bbox 485 327 1144 360">
    <p class='ocr_par' dir='ltr' id='par_1_5' title="bbox 485 327 1144 360">
     <span class='ocr_line' id='line_1_5' title="bbox 485 327 1144 360; baseline -0.002 0"><span class='ocrx_word' id='word_1_8' title='bbox 485 328 695 360; x_wconf 80' lang='lat' dir='ltr'>REMEDHS</span> <span class='ocrx_word' id='word_1_9' title='bbox 719 327 1144 360; x_wconf 77' lang='lat' dir='ltr'>PERTURBATIONUM.</span> 
     </span>
    </p>
   </div>
   <div class='ocr_carea' id='block_1_6' title="bbox 150 419 1594 472">
    <p class='ocr_par' dir='ltr' id='par_1_6' title="bbox 150 419 1594 472">
     <span class='ocr_line' id='line_1_6' title="bbox 150 419 1594 472; baseline 0 -11"><span class='ocrx_word' id='word_1_10' title='bbox 150 422 347 470; x_wconf 81' lang='lat' dir='ltr'>Quoniam</span> <span class='ocrx_word' id='word_1_11' title='bbox 371 435 450 460; x_wconf 88' lang='lat' dir='ltr'>non</span> <span class='ocrx_word' id='word_1_12' title='bbox 481 421 607 460; x_wconf 88' lang='lat' dir='ltr'>solum</span> <span class='ocrx_word' id='word_1_13' title='bbox 634 420 682 458; x_wconf 88' lang='lat' dir='ltr'>de</span> <span class='ocrx_word' id='word_1_14' title='bbox 706 419 903 470; x_wconf 80' lang='lat' dir='ltr'>sapiente,</span> <span class='ocrx_word' id='word_1_15' title='bbox 945 419 1014 469; x_wconf 88' lang='lat' dir='ltr'>qui</span> <span class='ocrx_word' id='word_1_16' title='bbox 1034 421 1142 457; x_wconf 89' lang='lat' dir='ltr'>omni</span> <span class='ocrx_word' id='word_1_17' title='bbox 1164 420 1466 472; x_wconf 82' lang='lat' dir='ltr'>perturbatione</span> <span class='ocrx_word' id='word_1_18' title='bbox 1493 422 1594 461; x_wconf 87' lang='lat' dir='ltr'>liber</span> 
     </span>
    </p>
   </div>
   <div class='ocr_carea' id='block_1_7' title="bbox 0 487 1595 544">
    <p class='ocr_par' dir='ltr' id='par_1_7' title="bbox 0 487 1595 544">
     <span class='ocr_line' id='line_1_7' title="bbox 0 487 1595 544; baseline 0 -16"><span class='ocrx_word' id='word_1_19' title='bbox 0 531 1 544; x_wconf 15' lang='grc' dir='ltr'><strong>χ</strong></span> <span class='ocrx_word' id='word_1_20' title='bbox 36 497 115 537; x_wconf 79' lang='lat' dir='ltr'>est,</span> <span class='ocrx_word' id='word_1_21' title='bbox 145 490 211 528; x_wconf 90' lang='lat' dir='ltr'>sed</span> <span class='ocrx_word' id='word_1_22' title='bbox 235 491 348 528; x_wconf 88' lang='lat' dir='ltr'>etiam</span> <span class='ocrx_word' id='word_1_23' title='bbox 366 490 413 527; x_wconf 86' lang='lat' dir='ltr'>de</span> <span class='ocrx_word' id='word_1_24' title='bbox 430 489 515 527; x_wconf 88' lang='lat' dir='ltr'>aliis</span> <span class='ocrx_word' id='word_1_25' title='bbox 535 488 758 526; x_wconf 88' lang='lat' dir='ltr'>hominibus</span> <span class='ocrx_word' id='word_1_26' title='bbox 780 487 988 537; x_wconf 76' lang='lat' dir='ltr'>quaeritur</span> <span class='ocrx_word' id='word_1_27' title='bbox 997 502 1007 536; x_wconf 82' lang='lat'><em>3</em></span> <span class='ocrx_word' id='word_1_28' title='bbox 1038 488 1232 538; x_wconf 87' lang='lat' dir='ltr'>reliquum</span> <span class='ocrx_word' id='word_1_29' title='bbox 1252 494 1327 535; x_wconf 87' lang='lat' dir='ltr'>est,</span> <span class='ocrx_word' id='word_1_30' title='bbox 1359 496 1406 526; x_wconf 88' lang='lat' dir='ltr'>ut</span> <span class='ocrx_word' id='word_1_31' title='bbox 1425 490 1595 528; x_wconf 79' lang='lat' dir='ltr'>remedia</span> 
     </span>
    </p>
   </div>
   <div class='ocr_carea' id='block_1_8' title="bbox 38 554 1596 676">
    <p class='ocr_par' dir='ltr' id='par_1_8' title="bbox 38 554 1596 676">
     <span class='ocr_line' id='line_1_8' title="bbox 38 554 1596 608; baseline 0 -13"><span class='ocrx_word' id='word_1_32' title='bbox 38 558 279 606; x_wconf 84' lang='lat' dir='ltr'>afferantur,</span> <span class='ocrx_word' id='word_1_33' title='bbox 323 571 421 607; x_wconf 85' lang='lat' dir='ltr'>quae</span> <span class='ocrx_word' id='word_1_34' title='bbox 448 571 468 595; x_wconf 86' lang='lat' dir='ltr'>a</span> <span class='ocrx_word' id='word_1_35' title='bbox 502 555 758 608; x_wconf 82' lang='lat' dir='ltr'>philosophia</span> <span class='ocrx_word' id='word_1_36' title='bbox 790 554 938 592; x_wconf 87' lang='lat' dir='ltr'>morbis</span> <span class='ocrx_word' id='word_1_37' title='bbox 973 555 1195 592; x_wconf 87' lang='lat' dir='ltr'>animorum</span> <span class='ocrx_word' id='word_1_38' title='bbox 1223 556 1501 595; x_wconf 84' lang='lat' dir='ltr'>adhibeantur.</span> <span class='ocrx_word' id='word_1_39' title='bbox 1541 581 1596 587; x_wconf 87' lang='lat'>-—</span> 
     </span>
     <span class='ocr_line' id='line_1_9' title="bbox 42 622 1596 676; baseline 0 -14"><span class='ocrx_word' id='word_1_40' title='bbox 42 625 232 676; x_wconf 83' lang='lat' dir='ltr'>Corporis</span> <span class='ocrx_word' id='word_1_41' title='bbox 255 625 445 662; x_wconf 86' lang='lat' dir='ltr'>medicina</span> <span class='ocrx_word' id='word_1_42' title='bbox 467 629 719 674; x_wconf 89' lang='lat' dir='ltr'>comparatur</span> <span class='ocrx_word' id='word_1_43' title='bbox 739 636 827 660; x_wconf 88' lang='lat' dir='ltr'>cum</span> <span class='ocrx_word' id='word_1_44' title='bbox 848 622 966 659; x_wconf 86' lang='lat' dir='ltr'>animi</span> <span class='ocrx_word' id='word_1_45' title='bbox 986 622 1190 659; x_wconf 85' lang='lat' dir='ltr'>medicina.</span> <span class='ocrx_word' id='word_1_46' title='bbox 1211 636 1243 659; x_wconf 84' lang='lat' dir='ltr'>c.</span> <span class='ocrx_word' id='word_1_47' title='bbox 1267 627 1334 661; x_wconf 85' lang='lat'>27.</span> <span class='ocrx_word' id='word_1_48' title='bbox 1351 622 1392 674; x_wconf 51' lang='grc' dir='ltr'><strong>ς.</strong></span> <span class='ocrx_word' id='word_1_49' title='bbox 1415 629 1482 664; x_wconf 86' lang='grc'><strong>58.</strong></span> <span class='ocrx_word' id='word_1_50' title='bbox 1542 627 1596 664; x_wconf 85' lang='lat' dir='ltr'>De</span> 
     </span>
    </p>
   </div>
   <div class='ocr_carea' id='block_1_9' title="bbox 0 689 1425 742">
    <p class='ocr_par' dir='ltr' id='par_1_9' title="bbox 0 689 1425 742">
     <span class='ocr_line' id='line_1_10' title="bbox 0 689 1425 742; baseline -0.001 -12"><span class='ocrx_word' id='word_1_51' title='bbox 0 703 1 730; x_wconf 67' lang='grc' dir='ltr'>ἲ</span> <span class='ocrx_word' id='word_1_52' title='bbox 39 693 244 730; x_wconf 78' lang='lat' dir='ltr'>curatione</span> <span class='ocrx_word' id='word_1_53' title='bbox 272 691 633 742; x_wconf 85' lang='lat' dir='ltr'>perturbationum.</span> <span class='ocrx_word' id='word_1_54' title='bbox 695 690 835 728; x_wconf 85' lang='lat' dir='ltr'>Variae</span> <span class='ocrx_word' id='word_1_55' title='bbox 865 703 998 727; x_wconf 86' lang='lat' dir='ltr'>earum</span> <span class='ocrx_word' id='word_1_56' title='bbox 1029 689 1268 727; x_wconf 83' lang='lat' dir='ltr'>curationes.</span> <span class='ocrx_word' id='word_1_57' title='bbox 1296 689 1337 741; x_wconf 66' lang='lat'>§0</span> <span class='ocrx_word' id='word_1_58' title='bbox 1357 694 1425 729; x_wconf 81' lang='lat'>59.</span> 
     </span>
    </p>
   </div>
   <div class='ocr_carea' id='block_1_10' title="bbox 39 757 1599 876">
    <p class='ocr_par' dir='ltr' id='par_1_10' title="bbox 39 757 1599 876">
     <span class='ocr_line' id='line_1_11' title="bbox 150 757 1595 810; baseline 0.002 -15"><span class='ocrx_word' id='word_1_59' title='bbox 150 772 184 796; x_wconf 89' lang='lat' dir='ltr'>a.</span> <span class='ocrx_word' id='word_1_60' title='bbox 245 761 310 795; x_wconf 81' lang='lat' dir='ltr'>De</span> <span class='ocrx_word' id='word_1_61' title='bbox 332 761 526 796; x_wconf 73' lang='lat' dir='ltr'>universa</span> <span class='ocrx_word' id='word_1_62' title='bbox 552 760 760 795; x_wconf 74' lang='lat' dir='ltr'>curatione</span> <span class='ocrx_word' id='word_1_63' title='bbox 779 757 1147 808; x_wconf 68' lang='lat' dir='ltr'>perturbationum.</span> <span class='ocrx_word' id='word_1_64' title='bbox 1207 758 1265 794; x_wconf 90' lang='lat' dir='ltr'>Ad</span> <span class='ocrx_word' id='word_1_65' title='bbox 1288 758 1479 796; x_wconf 89' lang='lat' dir='ltr'>tollendas</span> <span class='ocrx_word' id='word_1_66' title='bbox 1500 773 1595 810; x_wconf 85' lang='lat' dir='ltr'>per-</span> 
     </span>
     <span class='ocr_line' id='line_1_12' title="bbox 39 823 1599 876; baseline 0.002 -14"><span class='ocrx_word' id='word_1_67' title='bbox 39 825 283 864; x_wconf 80' lang='lat' dir='ltr'>turbationes</span> <span class='ocrx_word' id='word_1_68' title='bbox 309 826 519 874; x_wconf 83' lang='lat' dir='ltr'>doceatur,</span> <span class='ocrx_word' id='word_1_69' title='bbox 558 823 597 876; x_wconf 87' lang='grc' dir='ltr'>α)</span> <span class='ocrx_word' id='word_1_70' title='bbox 622 839 693 863; x_wconf 84' lang='lat' dir='ltr'>nec</span> <span class='ocrx_word' id='word_1_71' title='bbox 724 826 871 863; x_wconf 88' lang='lat' dir='ltr'>bonum</span> <span class='ocrx_word' id='word_1_72' title='bbox 903 824 1003 862; x_wconf 86' lang='lat' dir='ltr'>illud</span> <span class='ocrx_word' id='word_1_73' title='bbox 1032 838 1133 872; x_wconf 89' lang='lat' dir='ltr'>esse,</span> <span class='ocrx_word' id='word_1_74' title='bbox 1173 838 1222 862; x_wconf 81' lang='lat' dir='ltr'>ex</span> <span class='ocrx_word' id='word_1_75' title='bbox 1246 838 1325 875; x_wconf 82' lang='lat' dir='ltr'>quo</span> <span class='ocrx_word' id='word_1_76' title='bbox 1356 832 1426 863; x_wconf 88' lang='lat' dir='ltr'>aut</span> <span class='ocrx_word' id='word_1_77' title='bbox 1449 826 1599 865; x_wconf 83' lang='lat' dir='ltr'>laetitia</span> 
     </span>
    </p>
   </div>
   <div class='ocr_carea' id='block_1_11' title="bbox 0 893 1598 944">
    <p class='ocr_par' dir='ltr' id='par_1_11' title="bbox 0 893 1598 944">
     <span class='ocr_line' id='line_1_13' title="bbox 0 893 1598 944; baseline 0.001 -13"><span class='ocrx_word' id='word_1_78' title='bbox 0 903 1 906; x_wconf 75' lang='grc'>’</span> <span class='ocrx_word' id='word_1_79' title='bbox 37 900 108 932; x_wconf 87' lang='lat' dir='ltr'>aut</span> <span class='ocrx_word' id='word_1_80' title='bbox 145 894 267 932; x_wconf 87' lang='lat' dir='ltr'>libido</span> <span class='ocrx_word' id='word_1_81' title='bbox 304 894 480 942; x_wconf 73' lang='lat' dir='ltr'>oriatur,</span> <span class='ocrx_word' id='word_1_82' title='bbox 523 906 594 930; x_wconf 86' lang='lat' dir='ltr'>nec</span> <span class='ocrx_word' id='word_1_83' title='bbox 627 893 790 941; x_wconf 89' lang='lat' dir='ltr'>malum,</span> <span class='ocrx_word' id='word_1_84' title='bbox 831 907 879 930; x_wconf 82' lang='lat' dir='ltr'>ex</span> <span class='ocrx_word' id='word_1_85' title='bbox 903 906 981 942; x_wconf 86' lang='lat' dir='ltr'>quo</span> <span class='ocrx_word' id='word_1_86' title='bbox 1011 899 1080 930; x_wconf 89' lang='lat' dir='ltr'>aut</span> <span class='ocrx_word' id='word_1_87' title='bbox 1104 899 1248 941; x_wconf 85' lang='lat' dir='ltr'>metus,</span> <span class='ocrx_word' id='word_1_88' title='bbox 1287 899 1357 930; x_wconf 91' lang='lat' dir='ltr'>aut</span> <span class='ocrx_word' id='word_1_89' title='bbox 1378 895 1598 944; x_wconf 85' lang='lat' dir='ltr'>aegritudo,</span> 
     </span>
    </p>
   </div>
   <div class='ocr_carea' id='block_1_12' title="bbox 38 959 1605 2897">
    <p class='ocr_par' dir='ltr' id='par_1_12' title="bbox 38 959 1604 1619">
     <span class='ocr_line' id='line_1_14' title="bbox 38 959 1600 1012; baseline 0.001 -14"><span class='ocrx_word' id='word_1_90' title='bbox 38 959 79 1012; x_wconf 88' lang='grc' dir='ltr'>β)</span> <span class='ocrx_word' id='word_1_91' title='bbox 110 962 289 1012; x_wconf 83' lang='lat' dir='ltr'>ipsasque</span> <span class='ocrx_word' id='word_1_92' title='bbox 308 961 628 1012; x_wconf 85' lang='lat' dir='ltr'>perturbationes</span> <span class='ocrx_word' id='word_1_93' title='bbox 665 975 736 1012; x_wconf 90' lang='lat' dir='ltr'>per</span> <span class='ocrx_word' id='word_1_94' title='bbox 765 974 803 998; x_wconf 89' lang='lat' dir='ltr'>se</span> <span class='ocrx_word' id='word_1_95' title='bbox 829 975 907 998; x_wconf 89' lang='lat' dir='ltr'>esse</span> <span class='ocrx_word' id='word_1_96' title='bbox 936 961 1097 998; x_wconf 86' lang='lat' dir='ltr'>vitiosas</span> <span class='ocrx_word' id='word_1_97' title='bbox 1125 974 1194 998; x_wconf 88' lang='lat' dir='ltr'>nec</span> <span class='ocrx_word' id='word_1_98' title='bbox 1218 960 1364 998; x_wconf 88' lang='lat' dir='ltr'>habere</span> <span class='ocrx_word' id='word_1_99' title='bbox 1389 962 1600 1012; x_wconf 86' lang='lat' dir='ltr'>quicquam</span> 
     </span>
     <span class='ocr_line' id='line_1_15' title="bbox 39 1028 1600 1069; baseline 0 -2"><span class='ocrx_word' id='word_1_100' title='bbox 39 1035 108 1069; x_wconf 80' lang='lat' dir='ltr'>aut</span> <span class='ocrx_word' id='word_1_101' title='bbox 148 1029 326 1067; x_wconf 82' lang='lat' dir='ltr'>naturale</span> <span class='ocrx_word' id='word_1_102' title='bbox 365 1035 433 1066; x_wconf 90' lang='lat' dir='ltr'>aut</span> <span class='ocrx_word' id='word_1_103' title='bbox 469 1028 742 1066; x_wconf 82' lang='lat' dir='ltr'>necessarium.</span> <span class='ocrx_word' id='word_1_104' title='bbox 810 1028 886 1066; x_wconf 91' lang='lat' dir='ltr'>Hic</span> <span class='ocrx_word' id='word_1_105' title='bbox 910 1028 1175 1065; x_wconf 88' lang='lat' dir='ltr'>maerentibus</span> <span class='ocrx_word' id='word_1_106' title='bbox 1209 1028 1452 1066; x_wconf 84' lang='lat' dir='ltr'>imbecillitas</span> <span class='ocrx_word' id='word_1_107' title='bbox 1479 1030 1600 1067; x_wconf 89' lang='lat' dir='ltr'>animi</span> 
     </span>
     <span class='ocr_line' id='line_1_16' title="bbox 38 1094 1598 1145; baseline 0.001 -12"><span class='ocrx_word' id='word_1_108' title='bbox 38 1096 248 1134; x_wconf 74' lang='lat' dir='ltr'>effeminati</span> <span class='ocrx_word' id='word_1_109' title='bbox 273 1096 486 1134; x_wconf 80' lang='lat' dir='ltr'>obiiciatur</span> <span class='ocrx_word' id='word_1_110' title='bbox 509 1109 722 1145; x_wconf 88' lang='lat' dir='ltr'>eorumque</span> <span class='ocrx_word' id='word_1_111' title='bbox 757 1095 824 1145; x_wconf 89' lang='lat' dir='ltr'>qui</span> <span class='ocrx_word' id='word_1_112' title='bbox 857 1095 1015 1132; x_wconf 82' lang='lat' dir='ltr'>fortiter</span> <span class='ocrx_word' id='word_1_113' title='bbox 1048 1094 1220 1132; x_wconf 80' lang='lat' dir='ltr'>humana</span> <span class='ocrx_word' id='word_1_114' title='bbox 1250 1096 1418 1135; x_wconf 88' lang='lat' dir='ltr'>tulerint</span> <span class='ocrx_word' id='word_1_115' title='bbox 1444 1097 1506 1135; x_wconf 72' lang='lat' dir='ltr'>vel</span> <span class='ocrx_word' id='word_1_116' title='bbox 1537 1098 1598 1135; x_wconf 84' lang='lat' dir='ltr'>fe-</span> 
     </span>
     <span class='ocr_line' id='line_1_17' title="bbox 41 1161 1601 1214; baseline 0.001 -13"><span class='ocrx_word' id='word_1_117' title='bbox 41 1170 132 1201; x_wconf 87' lang='lat' dir='ltr'>rant</span> <span class='ocrx_word' id='word_1_118' title='bbox 163 1163 348 1201; x_wconf 81' lang='lat' dir='ltr'>laudetur</span> <span class='ocrx_word' id='word_1_119' title='bbox 381 1163 615 1200; x_wconf 87' lang='lat' dir='ltr'>constantia.</span> <span class='ocrx_word' id='word_1_120' title='bbox 647 1177 678 1200; x_wconf 91' lang='lat' dir='ltr'>c.</span> <span class='ocrx_word' id='word_1_121' title='bbox 701 1166 767 1201; x_wconf 86' lang='grc'><strong>28.</strong></span> <span class='ocrx_word' id='word_1_122' title='bbox 796 1161 836 1214; x_wconf 73' lang='lat'>§.</span> <span class='ocrx_word' id='word_1_123' title='bbox 864 1166 932 1200; x_wconf 90' lang='grc'>60.</span> <span class='ocrx_word' id='word_1_124' title='bbox 993 1163 1094 1199; x_wconf 86' lang='lat' dir='ltr'>Haec</span> <span class='ocrx_word' id='word_1_125' title='bbox 1120 1162 1243 1199; x_wconf 88' lang='lat' dir='ltr'>altera</span> <span class='ocrx_word' id='word_1_126' title='bbox 1269 1163 1481 1212; x_wconf 88' lang='lat' dir='ltr'>medicina,</span> <span class='ocrx_word' id='word_1_127' title='bbox 1523 1178 1601 1214; x_wconf 86' lang='lat' dir='ltr'>qua</span> 
     </span>
     <span class='ocr_line' id='line_1_18' title="bbox 41 1230 1600 1281; baseline 0 -12"><span class='ocrx_word' id='word_1_128' title='bbox 41 1231 227 1278; x_wconf 83' lang='lat' dir='ltr'>docetur,</span> <span class='ocrx_word' id='word_1_129' title='bbox 256 1231 577 1280; x_wconf 86' lang='lat' dir='ltr'>perturbationes</span> <span class='ocrx_word' id='word_1_130' title='bbox 600 1243 670 1280; x_wconf 89' lang='lat' dir='ltr'>per</span> <span class='ocrx_word' id='word_1_131' title='bbox 692 1243 732 1267; x_wconf 86' lang='lat' dir='ltr'>se</span> <span class='ocrx_word' id='word_1_132' title='bbox 755 1243 834 1267; x_wconf 89' lang='lat' dir='ltr'>esse</span> <span class='ocrx_word' id='word_1_133' title='bbox 860 1230 1040 1277; x_wconf 87' lang='lat' dir='ltr'>vitiosas,</span> <span class='ocrx_word' id='word_1_134' title='bbox 1071 1230 1224 1266; x_wconf 89' lang='lat' dir='ltr'>tametsi</span> <span class='ocrx_word' id='word_1_135' title='bbox 1248 1230 1294 1267; x_wconf 89' lang='lat' dir='ltr'>ad</span> <span class='ocrx_word' id='word_1_136' title='bbox 1318 1231 1461 1281; x_wconf 80' lang='lat' dir='ltr'>vulgus</span> <span class='ocrx_word' id='word_1_137' title='bbox 1480 1232 1600 1269; x_wconf 83' lang='lat' dir='ltr'>adhi-</span> 
     </span>
     <span class='ocr_line' id='line_1_19' title="bbox 42 1296 1600 1347; baseline 0.002 -12"><span class='ocrx_word' id='word_1_138' title='bbox 42 1297 166 1335; x_wconf 87' lang='lat' dir='ltr'>benda</span> <span class='ocrx_word' id='word_1_139' title='bbox 190 1310 272 1334; x_wconf 88' lang='lat' dir='ltr'>non</span> <span class='ocrx_word' id='word_1_140' title='bbox 292 1303 367 1344; x_wconf 90' lang='lat' dir='ltr'>est,</span> <span class='ocrx_word' id='word_1_141' title='bbox 398 1303 548 1344; x_wconf 84' lang='lat' dir='ltr'>tamen,</span> <span class='ocrx_word' id='word_1_142' title='bbox 579 1297 612 1334; x_wconf 91' lang='lat' dir='ltr'>si</span> <span class='ocrx_word' id='word_1_143' title='bbox 636 1297 723 1347; x_wconf 89' lang='lat' dir='ltr'>quis</span> <span class='ocrx_word' id='word_1_144' title='bbox 746 1297 914 1334; x_wconf 86' lang='lat' dir='ltr'>idoneus</span> <span class='ocrx_word' id='word_1_145' title='bbox 939 1303 997 1334; x_wconf 85' lang='lat' dir='ltr'>est</span> <span class='ocrx_word' id='word_1_146' title='bbox 1020 1296 1069 1334; x_wconf 86' lang='lat' dir='ltr'>ad</span> <span class='ocrx_word' id='word_1_147' title='bbox 1093 1310 1172 1334; x_wconf 87' lang='lat' dir='ltr'>eam</span> <span class='ocrx_word' id='word_1_148' title='bbox 1199 1297 1484 1347; x_wconf 84' lang='lat' dir='ltr'>recipiendam,</span> <span class='ocrx_word' id='word_1_149' title='bbox 1514 1300 1600 1338; x_wconf 88' lang='lat' dir='ltr'>uti-</span> 
     </span>
     <span class='ocr_line' id='line_1_20' title="bbox 40 1364 1599 1417; baseline 0.001 -15"><span class='ocrx_word' id='word_1_150' title='bbox 40 1364 118 1402; x_wconf 83' lang='lat' dir='ltr'>lior</span> <span class='ocrx_word' id='word_1_151' title='bbox 140 1370 339 1412; x_wconf 88' lang='lat' dir='ltr'>censetur,</span> <span class='ocrx_word' id='word_1_152' title='bbox 371 1364 558 1414; x_wconf 89' lang='lat' dir='ltr'>quoniam</span> <span class='ocrx_word' id='word_1_153' title='bbox 581 1364 697 1401; x_wconf 87' lang='lat' dir='ltr'>simul</span> <span class='ocrx_word' id='word_1_154' title='bbox 719 1370 757 1402; x_wconf 90' lang='lat' dir='ltr'>et</span> <span class='ocrx_word' id='word_1_155' title='bbox 777 1364 1005 1416; x_wconf 88' lang='lat' dir='ltr'>opinionem</span> <span class='ocrx_word' id='word_1_156' title='bbox 1030 1364 1164 1401; x_wconf 89' lang='lat' dir='ltr'>falsam</span> <span class='ocrx_word' id='word_1_157' title='bbox 1194 1364 1327 1413; x_wconf 89' lang='lat' dir='ltr'>tollat,</span> <span class='ocrx_word' id='word_1_158' title='bbox 1359 1372 1397 1403; x_wconf 89' lang='lat' dir='ltr'>et</span> <span class='ocrx_word' id='word_1_159' title='bbox 1421 1367 1599 1417; x_wconf 89' lang='lat' dir='ltr'>aegritu-</span> 
     </span>
     <span class='ocr_line' id='line_1_21' title="bbox 39 1430 1604 1484; baseline 0.001 -14"><span class='ocrx_word' id='word_1_160' title='bbox 39 1432 169 1470; x_wconf 88' lang='lat' dir='ltr'>dinem</span> <span class='ocrx_word' id='word_1_161' title='bbox 191 1431 387 1470; x_wconf 81' lang='lat' dir='ltr'>detrahat.</span> <span class='ocrx_word' id='word_1_162' title='bbox 417 1430 456 1483; x_wconf 56' lang='grc' dir='ltr'><strong>ς.</strong></span> <span class='ocrx_word' id='word_1_163' title='bbox 480 1435 547 1470; x_wconf 85' lang='grc'><strong>60.</strong></span> <span class='ocrx_word' id='word_1_164' title='bbox 568 1439 670 1470; x_wconf 78' lang='lat' dir='ltr'>extr.</span> <span class='ocrx_word' id='word_1_165' title='bbox 729 1433 833 1470; x_wconf 88' lang='lat' dir='ltr'>Sunt</span> <span class='ocrx_word' id='word_1_166' title='bbox 853 1432 968 1469; x_wconf 86' lang='lat' dir='ltr'>etiam</span> <span class='ocrx_word' id='word_1_167' title='bbox 989 1432 1176 1482; x_wconf 88' lang='lat' dir='ltr'>quaedam</span> <span class='ocrx_word' id='word_1_168' title='bbox 1196 1430 1488 1483; x_wconf 81' lang='lat' dir='ltr'>aegritudineS,</span> <span class='ocrx_word' id='word_1_169' title='bbox 1505 1447 1604 1484; x_wconf 88' lang='lat' dir='ltr'>quae</span> 
     </span>
     <span class='ocr_line' id='line_1_22' title="bbox 40 1498 1600 1551; baseline 0.003 -15"><span class='ocrx_word' id='word_1_170' title='bbox 40 1498 114 1537; x_wconf 88' lang='lat' dir='ltr'>hac</span> <span class='ocrx_word' id='word_1_171' title='bbox 135 1499 215 1536; x_wconf 92' lang='lat' dir='ltr'>sola</span> <span class='ocrx_word' id='word_1_172' title='bbox 237 1500 431 1537; x_wconf 83' lang='lat' dir='ltr'>medicina</span> <span class='ocrx_word' id='word_1_173' title='bbox 451 1500 581 1537; x_wconf 83' lang='lat' dir='ltr'>sanari</span> <span class='ocrx_word' id='word_1_174' title='bbox 605 1506 794 1551; x_wconf 87' lang='lat' dir='ltr'>possunt,</span> <span class='ocrx_word' id='word_1_175' title='bbox 825 1506 890 1548; x_wconf 93' lang='lat' dir='ltr'>ut,</span> <span class='ocrx_word' id='word_1_176' title='bbox 921 1500 953 1537; x_wconf 86' lang='lat' dir='ltr'>si</span> <span class='ocrx_word' id='word_1_177' title='bbox 976 1500 1063 1549; x_wconf 89' lang='lat' dir='ltr'>quis</span> <span class='ocrx_word' id='word_1_178' title='bbox 1087 1513 1198 1550; x_wconf 85' lang='lat' dir='ltr'>aegre</span> <span class='ocrx_word' id='word_1_179' title='bbox 1216 1500 1340 1549; x_wconf 86' lang='lat' dir='ltr'>serat,</span> <span class='ocrx_word' id='word_1_180' title='bbox 1373 1501 1474 1539; x_wconf 87' lang='lat' dir='ltr'>nihil</span> <span class='ocrx_word' id='word_1_181' title='bbox 1498 1502 1539 1539; x_wconf 89' lang='lat' dir='ltr'>in</span> <span class='ocrx_word' id='word_1_182' title='bbox 1562 1516 1600 1540; x_wconf 89' lang='lat' dir='ltr'>se</span> 
     </span>
     <span class='ocr_line' id='line_1_23' title="bbox 42 1566 1478 1619; baseline 0.001 -15"><span class='ocrx_word' id='word_1_183' title='bbox 42 1579 122 1605; x_wconf 86' lang='lat' dir='ltr'>esse</span> <span class='ocrx_word' id='word_1_184' title='bbox 149 1567 335 1616; x_wconf 81' lang='lat' dir='ltr'>virtutis,</span> <span class='ocrx_word' id='word_1_185' title='bbox 368 1567 466 1605; x_wconf 87' lang='lat' dir='ltr'>nihil</span> <span class='ocrx_word' id='word_1_186' title='bbox 494 1568 630 1616; x_wconf 86' lang='lat' dir='ltr'>animi,</span> <span class='ocrx_word' id='word_1_187' title='bbox 660 1567 759 1605; x_wconf 81' lang='lat' dir='ltr'>nihil</span> <span class='ocrx_word' id='word_1_188' title='bbox 787 1567 927 1615; x_wconf 83' lang='lat' dir='ltr'>officii,</span> <span class='ocrx_word' id='word_1_189' title='bbox 956 1567 1056 1604; x_wconf 89' lang='lat' dir='ltr'>nihil</span> <span class='ocrx_word' id='word_1_190' title='bbox 1084 1567 1313 1606; x_wconf 85' lang='lat' dir='ltr'>honestatis.</span> <span class='ocrx_word' id='word_1_191' title='bbox 1344 1566 1384 1619; x_wconf 67' lang='lat'>§-</span> <span class='ocrx_word' id='word_1_192' title='bbox 1410 1573 1478 1608; x_wconf 82' lang='lat'>61.</span> 
     </span>
    </p>

    <p class='ocr_par' dir='ltr' id='par_1_13' title="bbox 42 1634 1605 2359">
     <span class='ocr_line' id='line_1_24' title="bbox 153 1634 1602 1687; baseline 0.003 -16"><span class='ocrx_word' id='word_1_193' title='bbox 153 1634 192 1671; x_wconf 92' lang='lat' dir='ltr'>b.</span> <span class='ocrx_word' id='word_1_194' title='bbox 216 1636 280 1671; x_wconf 87' lang='lat' dir='ltr'>De</span> <span class='ocrx_word' id='word_1_195' title='bbox 301 1638 511 1672; x_wconf 70' lang='lat' dir='ltr'>curatione</span> <span class='ocrx_word' id='word_1_196' title='bbox 531 1637 796 1687; x_wconf 78' lang='lat' dir='ltr'>singularum</span> <span class='ocrx_word' id='word_1_197' title='bbox 812 1635 1188 1686; x_wconf 68' lang='lat' dir='ltr'>perturbationum:</span> <span class='ocrx_word' id='word_1_198' title='bbox 1216 1635 1257 1673; x_wconf 88' lang='lat' dir='ltr'>in</span> <span class='ocrx_word' id='word_1_199' title='bbox 1281 1650 1358 1686; x_wconf 85' lang='lat' dir='ltr'>qua</span> <span class='ocrx_word' id='word_1_200' title='bbox 1378 1636 1479 1674; x_wconf 88' lang='lat' dir='ltr'>illud</span> <span class='ocrx_word' id='word_1_201' title='bbox 1501 1637 1602 1675; x_wconf 88' lang='lat' dir='ltr'>idem</span> 
     </span>
     <span class='ocr_line' id='line_1_25' title="bbox 43 1700 1601 1756; baseline 0.003 -17"><span class='ocrx_word' id='word_1_202' title='bbox 43 1700 193 1751; x_wconf 77' lang='lat' dir='ltr'>duplex</span> <span class='ocrx_word' id='word_1_203' title='bbox 216 1702 442 1740; x_wconf 86' lang='lat' dir='ltr'>consolandi</span> <span class='ocrx_word' id='word_1_204' title='bbox 462 1717 583 1753; x_wconf 86' lang='lat' dir='ltr'>genus</span> <span class='ocrx_word' id='word_1_205' title='bbox 605 1703 874 1741; x_wconf 86' lang='lat' dir='ltr'>adhibendum</span> <span class='ocrx_word' id='word_1_206' title='bbox 891 1710 966 1750; x_wconf 86' lang='lat' dir='ltr'>est,</span> <span class='ocrx_word' id='word_1_207' title='bbox 1000 1709 1044 1740; x_wconf 91' lang='lat' dir='ltr'>ut</span> <span class='ocrx_word' id='word_1_208' title='bbox 1067 1704 1234 1753; x_wconf 89' lang='lat' dir='ltr'>primum</span> <span class='ocrx_word' id='word_1_209' title='bbox 1259 1704 1343 1754; x_wconf 82' lang='lat' dir='ltr'>ipsa</span> <span class='ocrx_word' id='word_1_210' title='bbox 1367 1705 1486 1742; x_wconf 87' lang='lat' dir='ltr'>animi</span> <span class='ocrx_word' id='word_1_211' title='bbox 1506 1719 1601 1756; x_wconf 89' lang='lat' dir='ltr'>per—</span> 
     </span>
     <span class='ocr_line' id='line_1_26' title="bbox 45 1768 1603 1820; baseline 0.003 -15"><span class='ocrx_word' id='word_1_212' title='bbox 45 1768 238 1816; x_wconf 81' lang='lat' dir='ltr'>turbatio,</span> <span class='ocrx_word' id='word_1_213' title='bbox 270 1769 316 1806; x_wconf 89' lang='lat' dir='ltr'>de</span> <span class='ocrx_word' id='word_1_214' title='bbox 346 1784 423 1819; x_wconf 88' lang='lat' dir='ltr'>qua</span> <span class='ocrx_word' id='word_1_215' title='bbox 446 1771 593 1820; x_wconf 82' lang='lat' dir='ltr'>agitur,</span> <span class='ocrx_word' id='word_1_216' title='bbox 625 1771 812 1819; x_wconf 75' lang='lat' dir='ltr'>tollatur3</span> <span class='ocrx_word' id='word_1_217' title='bbox 843 1777 928 1808; x_wconf 89' lang='lat' dir='ltr'>tum</span> <span class='ocrx_word' id='word_1_218' title='bbox 955 1771 1208 1818; x_wconf 86' lang='lat' dir='ltr'>ostendatur,</span> <span class='ocrx_word' id='word_1_219' title='bbox 1239 1785 1311 1808; x_wconf 88' lang='lat' dir='ltr'>nee</span> <span class='ocrx_word' id='word_1_220' title='bbox 1333 1772 1479 1809; x_wconf 87' lang='lat' dir='ltr'>bonum</span> <span class='ocrx_word' id='word_1_221' title='bbox 1502 1773 1603 1811; x_wconf 89' lang='lat' dir='ltr'>illud</span> 
     </span>
     <span class='ocr_line' id='line_1_27' title="bbox 42 1836 1605 1888; baseline 0.004 -16"><span class='ocrx_word' id='word_1_222' title='bbox 42 1848 139 1882; x_wconf 89' lang='lat' dir='ltr'>esse,</span> <span class='ocrx_word' id='word_1_223' title='bbox 172 1836 279 1885; x_wconf 88' lang='lat' dir='ltr'>quod</span> <span class='ocrx_word' id='word_1_224' title='bbox 299 1844 368 1874; x_wconf 79' lang='lat' dir='ltr'>aut</span> <span class='ocrx_word' id='word_1_225' title='bbox 391 1838 578 1875; x_wconf 86' lang='lat' dir='ltr'>laetitiam</span> <span class='ocrx_word' id='word_1_226' title='bbox 598 1844 666 1874; x_wconf 89' lang='lat' dir='ltr'>aut</span> <span class='ocrx_word' id='word_1_227' title='bbox 690 1838 892 1874; x_wconf 85' lang='lat' dir='ltr'>libidinem</span> <span class='ocrx_word' id='word_1_228' title='bbox 911 1844 1084 1880; x_wconf 78' lang='lat' dir='ltr'>1noveat3</span> <span class='ocrx_word' id='word_1_229' title='bbox 1115 1851 1185 1874; x_wconf 83' lang='lat' dir='ltr'>nec</span> <span class='ocrx_word' id='word_1_230' title='bbox 1209 1838 1373 1885; x_wconf 83' lang='lat' dir='ltr'>malum,</span> <span class='ocrx_word' id='word_1_231' title='bbox 1406 1840 1512 1888; x_wconf 90' lang='lat' dir='ltr'>quod</span> <span class='ocrx_word' id='word_1_232' title='bbox 1535 1848 1605 1878; x_wconf 79' lang='lat' dir='ltr'>aut</span> 
     </span>
     <span class='ocr_line' id='line_1_28' title="bbox 42 1903 1602 1955; baseline 0.003 -16"><span class='ocrx_word' id='word_1_233' title='bbox 42 1909 185 1939; x_wconf 86' lang='lat' dir='ltr'>metum</span> <span class='ocrx_word' id='word_1_234' title='bbox 216 1910 284 1940; x_wconf 90' lang='lat' dir='ltr'>aut</span> <span class='ocrx_word' id='word_1_235' title='bbox 313 1905 610 1953; x_wconf 82' lang='lat' dir='ltr'>aegritudinem.</span> <span class='ocrx_word' id='word_1_236' title='bbox 641 1918 674 1941; x_wconf 91' lang='lat' dir='ltr'>c.</span> <span class='ocrx_word' id='word_1_237' title='bbox 697 1908 765 1942; x_wconf 83' lang='lat'>29.</span> <span class='ocrx_word' id='word_1_238' title='bbox 823 1903 859 1955; x_wconf 86' lang='lat' dir='ltr'>a)</span> <span class='ocrx_word' id='word_1_239' title='bbox 891 1906 956 1940; x_wconf 81' lang='lat' dir='ltr'>De</span> <span class='ocrx_word' id='word_1_240' title='bbox 980 1905 1265 1955; x_wconf 73' lang='lat' dir='ltr'>aegritudine,</span> <span class='ocrx_word' id='word_1_241' title='bbox 1309 1906 1418 1943; x_wconf 88' lang='lat' dir='ltr'>cuius</span> <span class='ocrx_word' id='word_1_242' title='bbox 1451 1907 1602 1944; x_wconf 88' lang='lat' dir='ltr'>sedatio</span> 
     </span>
     <span class='ocr_line' id='line_1_29' title="bbox 43 1968 1601 2022; baseline 0.004 -17"><span class='ocrx_word' id='word_1_243' title='bbox 43 1968 225 2006; x_wconf 84' lang='lat' dir='ltr'>hesterna</span> <span class='ocrx_word' id='word_1_244' title='bbox 249 1970 519 2020; x_wconf 84' lang='lat' dir='ltr'>disputatione</span> <span class='ocrx_word' id='word_1_245' title='bbox 542 1970 737 2022; x_wconf 83' lang='lat' dir='ltr'>explicata</span> <span class='ocrx_word' id='word_1_246' title='bbox 756 1977 832 2020; x_wconf 69' lang='lat' dir='ltr'>est,</span> <span class='ocrx_word' id='word_1_247' title='bbox 862 1970 906 2021; x_wconf 88' lang='lat' dir='ltr'>b)</span> <span class='ocrx_word' id='word_1_248' title='bbox 933 1971 980 2008; x_wconf 82' lang='lat' dir='ltr'>de</span> <span class='ocrx_word' id='word_1_249' title='bbox 1001 1979 1122 2015; x_wconf 81' lang='lat' dir='ltr'>metu,</span> <span class='ocrx_word' id='word_1_250' title='bbox 1156 1972 1224 2021; x_wconf 90' lang='lat' dir='ltr'>qui</span> <span class='ocrx_word' id='word_1_251' title='bbox 1253 1973 1398 2009; x_wconf 87' lang='lat' dir='ltr'>eisdem</span> <span class='ocrx_word' id='word_1_252' title='bbox 1428 1973 1601 2011; x_wconf 85' lang='lat' dir='ltr'>rationi-</span> 
     </span>
     <span class='ocr_line' id='line_1_30' title="bbox 43 2035 1601 2091; baseline 0.004 -18"><span class='ocrx_word' id='word_1_253' title='bbox 43 2036 140 2083; x_wconf 88' lang='lat' dir='ltr'>bus,</span> <span class='ocrx_word' id='word_1_254' title='bbox 178 2035 319 2085; x_wconf 89' lang='lat' dir='ltr'>quibus</span> <span class='ocrx_word' id='word_1_255' title='bbox 348 2038 573 2087; x_wconf 85' lang='lat' dir='ltr'>aegritudo,</span> <span class='ocrx_word' id='word_1_256' title='bbox 613 2038 810 2076; x_wconf 86' lang='lat' dir='ltr'>tollendus</span> <span class='ocrx_word' id='word_1_257' title='bbox 841 2045 917 2086; x_wconf 87' lang='lat' dir='ltr'>est,</span> <span class='ocrx_word' id='word_1_258' title='bbox 957 2039 1145 2088; x_wconf 87' lang='lat' dir='ltr'>quoniam</span> <span class='ocrx_word' id='word_1_259' title='bbox 1174 2046 1219 2077; x_wconf 89' lang='lat' dir='ltr'>ut</span> <span class='ocrx_word' id='word_1_260' title='bbox 1249 2040 1455 2091; x_wconf 85' lang='lat' dir='ltr'>aegritudo</span> <span class='ocrx_word' id='word_1_261' title='bbox 1484 2055 1601 2091; x_wconf 87' lang='lat' dir='ltr'>prae-</span> 
     </span>
     <span class='ocr_line' id='line_1_31' title="bbox 42 2102 1602 2158; baseline 0.004 -19"><span class='ocrx_word' id='word_1_262' title='bbox 42 2102 181 2151; x_wconf 87' lang='lat' dir='ltr'>sentis,</span> <span class='ocrx_word' id='word_1_263' title='bbox 221 2103 275 2140; x_wconf 87' lang='lat' dir='ltr'>sic</span> <span class='ocrx_word' id='word_1_264' title='bbox 296 2110 422 2141; x_wconf 84' lang='lat' dir='ltr'>metus</span> <span class='ocrx_word' id='word_1_265' title='bbox 447 2106 573 2142; x_wconf 86' lang='lat' dir='ltr'>futuri</span> <span class='ocrx_word' id='word_1_266' title='bbox 596 2105 686 2142; x_wconf 86' lang='lat' dir='ltr'>mali</span> <span class='ocrx_word' id='word_1_267' title='bbox 713 2112 786 2155; x_wconf 69' lang='lat' dir='ltr'>est,</span> <span class='ocrx_word' id='word_1_268' title='bbox 827 2120 858 2143; x_wconf 93' lang='lat' dir='ltr'>c.</span> <span class='ocrx_word' id='word_1_269' title='bbox 881 2110 950 2144; x_wconf 80' lang='lat'>50.</span> <span class='ocrx_word' id='word_1_270' title='bbox 998 2105 1034 2158; x_wconf 85' lang='lat' dir='ltr'>c)</span> <span class='ocrx_word' id='word_1_271' title='bbox 1060 2113 1097 2144; x_wconf 88' lang='lat' dir='ltr'>et</span> <span class='ocrx_word' id='word_1_272' title='bbox 1119 2105 1160 2158; x_wconf 88' lang='lat' dir='ltr'>(l)</span> <span class='ocrx_word' id='word_1_273' title='bbox 1185 2107 1231 2144; x_wconf 84' lang='lat' dir='ltr'>de</span> <span class='ocrx_word' id='word_1_274' title='bbox 1260 2109 1423 2144; x_wconf 77' lang='lat' dir='ltr'>laetitia</span> <span class='ocrx_word' id='word_1_275' title='bbox 1445 2116 1481 2144; x_wconf 85' lang='lat' dir='ltr'>et</span> <span class='ocrx_word' id='word_1_276' title='bbox 1502 2110 1602 2147; x_wconf 79' lang='lat' dir='ltr'>libi-</span> 
     </span>
     <span class='ocr_line' id='line_1_32' title="bbox 43 2170 1604 2224; baseline 0.004 -18"><span class='ocrx_word' id='word_1_277' title='bbox 43 2170 147 2207; x_wconf 83' lang='lat' dir='ltr'>dine.</span> <span class='ocrx_word' id='word_1_278' title='bbox 206 2171 381 2208; x_wconf 89' lang='lat' dir='ltr'>Primum</span> <span class='ocrx_word' id='word_1_279' title='bbox 405 2172 613 2221; x_wconf 88' lang='lat' dir='ltr'>doceatur,</span> <span class='ocrx_word' id='word_1_280' title='bbox 645 2180 691 2211; x_wconf 90' lang='lat' dir='ltr'>ut</span> <span class='ocrx_word' id='word_1_281' title='bbox 715 2187 846 2211; x_wconf 89' lang='lat' dir='ltr'>omnes</span> <span class='ocrx_word' id='word_1_282' title='bbox 871 2175 1216 2224; x_wconf 84' lang='lat' dir='ltr'>perturbationes,</span> <span class='ocrx_word' id='word_1_283' title='bbox 1248 2176 1304 2212; x_wconf 85' lang='lat' dir='ltr'>sie</span> <span class='ocrx_word' id='word_1_284' title='bbox 1329 2175 1399 2212; x_wconf 87' lang='lat' dir='ltr'>has</span> <span class='ocrx_word' id='word_1_285' title='bbox 1424 2189 1503 2213; x_wconf 88' lang='lat' dir='ltr'>esse</span> <span class='ocrx_word' id='word_1_286' title='bbox 1525 2191 1604 2213; x_wconf 81' lang='lat' dir='ltr'>vo-</span> 
     </span>
     <span class='ocr_line' id='line_1_33' title="bbox 42 2236 1603 2292; baseline 0.004 -19"><span class='ocrx_word' id='word_1_287' title='bbox 42 2236 253 2287; x_wconf 82' lang='lat' dir='ltr'>luntarias3</span> <span class='ocrx_word' id='word_1_288' title='bbox 298 2245 381 2276; x_wconf 89' lang='lat' dir='ltr'>tum</span> <span class='ocrx_word' id='word_1_289' title='bbox 423 2241 677 2289; x_wconf 82' lang='lat' dir='ltr'>ostendatur,</span> <span class='ocrx_word' id='word_1_290' title='bbox 719 2255 834 2291; x_wconf 86' lang='lat' dir='ltr'>quam</span> <span class='ocrx_word' id='word_1_291' title='bbox 876 2242 1009 2292; x_wconf 83' lang='lat' dir='ltr'>turpis</span> <span class='ocrx_word' id='word_1_292' title='bbox 1043 2242 1096 2279; x_wconf 90' lang='lat' dir='ltr'>sit</span> <span class='ocrx_word' id='word_1_293' title='bbox 1135 2243 1260 2279; x_wconf 87' lang='lat' dir='ltr'>omnis</span> <span class='ocrx_word' id='word_1_294' title='bbox 1297 2243 1414 2279; x_wconf 89' lang='lat' dir='ltr'>animi</span> <span class='ocrx_word' id='word_1_295' title='bbox 1451 2243 1603 2281; x_wconf 83' lang='lat' dir='ltr'>effusio.</span> 
     </span>
     <span class='ocr_line' id='line_1_34' title="bbox 43 2304 1435 2359; baseline 0.004 -18"><span class='ocrx_word' id='word_1_296' title='bbox 43 2304 242 2342; x_wconf 89' lang='lat' dir='ltr'>Gaudium</span> <span class='ocrx_word' id='word_1_297' title='bbox 268 2313 308 2343; x_wconf 89' lang='lat' dir='ltr'>et</span> <span class='ocrx_word' id='word_1_298' title='bbox 332 2307 480 2345; x_wconf 88' lang='lat' dir='ltr'>laetitia</span> <span class='ocrx_word' id='word_1_299' title='bbox 502 2308 598 2358; x_wconf 85' lang='lat' dir='ltr'>quid</span> <span class='ocrx_word' id='word_1_300' title='bbox 623 2309 810 2347; x_wconf 85' lang='lat' dir='ltr'>differant</span> <span class='ocrx_word' id='word_1_301' title='bbox 832 2309 939 2347; x_wconf 86' lang='lat' dir='ltr'>inter</span> <span class='ocrx_word' id='word_1_302' title='bbox 962 2323 1020 2357; x_wconf 93' lang='lat' dir='ltr'>se,</span> <span class='ocrx_word' id='word_1_303' title='bbox 1052 2309 1283 2359; x_wconf 80' lang='lat' dir='ltr'>exponitur.</span> <span class='ocrx_word' id='word_1_304' title='bbox 1315 2323 1347 2346; x_wconf 84' lang='lat' dir='ltr'>c.</span> <span class='ocrx_word' id='word_1_305' title='bbox 1368 2313 1435 2347; x_wconf 83' lang='lat'>51.</span> 
     </span>
    </p>

    <p class='ocr_par' dir='ltr' id='par_1_14' title="bbox 41 2372 1604 2897">
     <span class='ocr_line' id='line_1_35' title="bbox 156 2372 1603 2427; baseline 0.004 -20"><span class='ocrx_word' id='word_1_306' title='bbox 156 2372 225 2408; x_wconf 88' lang='lat' dir='ltr'>His</span> <span class='ocrx_word' id='word_1_307' title='bbox 250 2372 297 2408; x_wconf 88' lang='lat' dir='ltr'>de</span> <span class='ocrx_word' id='word_1_308' title='bbox 326 2373 470 2410; x_wconf 88' lang='lat' dir='ltr'>laetitia</span> <span class='ocrx_word' id='word_1_309' title='bbox 490 2382 528 2412; x_wconf 87' lang='lat' dir='ltr'>et</span> <span class='ocrx_word' id='word_1_310' title='bbox 553 2375 715 2414; x_wconf 88' lang='lat' dir='ltr'>libidine</span> <span class='ocrx_word' id='word_1_311' title='bbox 737 2377 978 2427; x_wconf 84' lang='lat' dir='ltr'>praemissis,</span> <span class='ocrx_word' id='word_1_312' title='bbox 1015 2377 1090 2412; x_wconf 87' lang='lat' dir='ltr'>iam</span> <span class='ocrx_word' id='word_1_313' title='bbox 1112 2376 1159 2412; x_wconf 89' lang='lat' dir='ltr'>de</span> <span class='ocrx_word' id='word_1_314' title='bbox 1183 2376 1336 2412; x_wconf 82' lang='lat' dir='ltr'>duabus</span> <span class='ocrx_word' id='word_1_315' title='bbox 1357 2389 1491 2413; x_wconf 88' lang='lat' dir='ltr'>earum</span> <span class='ocrx_word' id='word_1_316' title='bbox 1515 2377 1603 2414; x_wconf 87' lang='lat' dir='ltr'>for-</span> 
     </span>
     <span class='ocr_line' id='line_1_36' title="bbox 44 2437 1603 2496; baseline 0.006 -23"><span class='ocrx_word' id='word_1_317' title='bbox 44 2437 139 2484; x_wconf 90' lang='lat' dir='ltr'>mis,</span> <span class='ocrx_word' id='word_1_318' title='bbox 170 2452 299 2475; x_wconf 85' lang='lat' dir='ltr'>amore</span> <span class='ocrx_word' id='word_1_319' title='bbox 321 2446 357 2476; x_wconf 89' lang='lat' dir='ltr'>et</span> <span class='ocrx_word' id='word_1_320' title='bbox 380 2440 461 2488; x_wconf 88' lang='lat' dir='ltr'>ira,</span> <span class='ocrx_word' id='word_1_321' title='bbox 500 2444 708 2491; x_wconf 88' lang='lat' dir='ltr'>separatim</span> <span class='ocrx_word' id='word_1_322' title='bbox 731 2444 875 2494; x_wconf 85' lang='lat' dir='ltr'>agitur.</span> <span class='ocrx_word' id='word_1_323' title='bbox 935 2443 975 2494; x_wconf 83' lang='grc' dir='ltr'>α)</span> <span class='ocrx_word' id='word_1_324' title='bbox 1009 2445 1072 2479; x_wconf 83' lang='lat' dir='ltr'>De</span> <span class='ocrx_word' id='word_1_325' title='bbox 1091 2456 1249 2486; x_wconf 85' lang='lat' dir='ltr'>amore,</span> <span class='ocrx_word' id='word_1_326' title='bbox 1293 2444 1361 2493; x_wconf 86' lang='lat' dir='ltr'>qui</span> <span class='ocrx_word' id='word_1_327' title='bbox 1385 2444 1506 2495; x_wconf 82' lang='lat' dir='ltr'>vulgo</span> <span class='ocrx_word' id='word_1_328' title='bbox 1528 2458 1603 2496; x_wconf 88' lang='lat' dir='ltr'>ap-</span> 
     </span>
     <span class='ocr_line' id='line_1_37' title="bbox 44 2504 1603 2560; baseline 0.006 -19"><span class='ocrx_word' id='word_1_329' title='bbox 44 2504 227 2555; x_wconf 85' lang='lat' dir='ltr'>pellatur.</span> <span class='ocrx_word' id='word_1_330' title='bbox 293 2507 342 2544; x_wconf 84' lang='lat' dir='ltr'>Ut</span> <span class='ocrx_word' id='word_1_331' title='bbox 358 2513 492 2558; x_wconf 86' lang='lat' dir='ltr'>turpes</span> <span class='ocrx_word' id='word_1_332' title='bbox 515 2516 625 2556; x_wconf 88' lang='lat' dir='ltr'>sunt,</span> <span class='ocrx_word' id='word_1_333' title='bbox 657 2511 724 2560; x_wconf 85' lang='lat' dir='ltr'>qui</span> <span class='ocrx_word' id='word_1_334' title='bbox 747 2511 919 2548; x_wconf 85' lang='lat' dir='ltr'>efferunt</span> <span class='ocrx_word' id='word_1_335' title='bbox 945 2523 983 2546; x_wconf 89' lang='lat' dir='ltr'>se</span> <span class='ocrx_word' id='word_1_336' title='bbox 1006 2510 1151 2547; x_wconf 83' lang='lat' dir='ltr'>laetitia</span> <span class='ocrx_word' id='word_1_337' title='bbox 1181 2516 1272 2558; x_wconf 86' lang='lat' dir='ltr'>tum,</span> <span class='ocrx_word' id='word_1_338' title='bbox 1304 2524 1426 2560; x_wconf 89' lang='lat' dir='ltr'>quum</span> <span class='ocrx_word' id='word_1_339' title='bbox 1454 2512 1603 2550; x_wconf 81' lang='lat' dir='ltr'>fruun-</span> 
     </span>
     <span class='ocr_line' id='line_1_38' title="bbox 42 2573 1603 2627; baseline 0.006 -19"><span class='ocrx_word' id='word_1_340' title='bbox 42 2577 113 2609; x_wconf 86' lang='lat' dir='ltr'>tur</span> <span class='ocrx_word' id='word_1_341' title='bbox 144 2573 320 2611; x_wconf 87' lang='lat' dir='ltr'>venereis</span> <span class='ocrx_word' id='word_1_342' title='bbox 356 2575 654 2625; x_wconf 76' lang='lat' dir='ltr'>voluptatibu53</span> <span class='ocrx_word' id='word_1_343' title='bbox 695 2578 751 2615; x_wconf 86' lang='lat' dir='ltr'>sic</span> <span class='ocrx_word' id='word_1_344' title='bbox 773 2577 977 2627; x_wconf 84' lang='lat' dir='ltr'>flagitiosi,</span> <span class='ocrx_word' id='word_1_345' title='bbox 1023 2577 1089 2627; x_wconf 87' lang='lat' dir='ltr'>qui</span> <span class='ocrx_word' id='word_1_346' title='bbox 1117 2591 1177 2615; x_wconf 89' lang='lat' dir='ltr'>eas</span> <span class='ocrx_word' id='word_1_347' title='bbox 1202 2579 1443 2616; x_wconf 86' lang='lat' dir='ltr'>inflammato</span> <span class='ocrx_word' id='word_1_348' title='bbox 1472 2580 1603 2617; x_wconf 87' lang='lat' dir='ltr'>animo</span> 
     </span>
     <span class='ocr_line' id='line_1_39' title="bbox 43 2641 1604 2695; baseline 0.005 -19"><span class='ocrx_word' id='word_1_349' title='bbox 43 2641 340 2691; x_wconf 89' lang='lat' dir='ltr'>concupiscunt.</span> <span class='ocrx_word' id='word_1_350' title='bbox 366 2663 419 2670; x_wconf 86' lang='lat'>—</span> <span class='ocrx_word' id='word_1_351' title='bbox 478 2643 797 2693; x_wconf 82' lang='lat' dir='ltr'>Reprclienditur</span> <span class='ocrx_word' id='word_1_352' title='bbox 817 2644 984 2695; x_wconf 85' lang='lat' dir='ltr'>poetica,</span> <span class='ocrx_word' id='word_1_353' title='bbox 1014 2658 1112 2695; x_wconf 85' lang='lat' dir='ltr'>quae</span> <span class='ocrx_word' id='word_1_354' title='bbox 1132 2645 1248 2683; x_wconf 86' lang='lat' dir='ltr'>istum</span> <span class='ocrx_word' id='word_1_355' title='bbox 1268 2660 1436 2683; x_wconf 85' lang='lat' dir='ltr'>amorem</span> <span class='ocrx_word' id='word_1_356' title='bbox 1456 2647 1604 2684; x_wconf 82' lang='lat' dir='ltr'>laudet.</span> 
     </span>
     <span class='ocr_line' id='line_1_40' title="bbox 41 2709 1603 2763; baseline 0.004 -19"><span class='ocrx_word' id='word_1_357' title='bbox 41 2720 76 2744; x_wconf 92' lang='lat' dir='ltr'>c.</span> <span class='ocrx_word' id='word_1_358' title='bbox 100 2710 166 2745; x_wconf 80' lang='lat'>52.</span> <span class='ocrx_word' id='word_1_359' title='bbox 217 2709 260 2746; x_wconf 86' lang='lat' dir='ltr'>In</span> <span class='ocrx_word' id='word_1_360' title='bbox 281 2710 418 2759; x_wconf 88' lang='lat' dir='ltr'>primis</span> <span class='ocrx_word' id='word_1_361' title='bbox 435 2710 666 2762; x_wconf 85' lang='lat' dir='ltr'>philosophi</span> <span class='ocrx_word' id='word_1_362' title='bbox 689 2712 946 2762; x_wconf 84' lang='lat' dir='ltr'>vituperandi</span> <span class='ocrx_word' id='word_1_363' title='bbox 966 2719 1072 2760; x_wconf 87' lang='lat' dir='ltr'>sunt,</span> <span class='ocrx_word' id='word_1_364' title='bbox 1104 2714 1171 2763; x_wconf 88' lang='lat' dir='ltr'>qui</span> <span class='ocrx_word' id='word_1_365' title='bbox 1191 2727 1360 2751; x_wconf 86' lang='lat' dir='ltr'>amorem</span> <span class='ocrx_word' id='word_1_366' title='bbox 1377 2715 1603 2751; x_wconf 87' lang='lat' dir='ltr'>defendant.</span> 
     </span>
     <span class='ocr_line' id='line_1_41' title="bbox 43 2774 1601 2830; baseline 0.004 -20"><span class='ocrx_word' id='word_1_367' title='bbox 43 2774 280 2814; x_wconf 84' lang='lat' dir='ltr'>Nominatim</span> <span class='ocrx_word' id='word_1_368' title='bbox 303 2778 486 2829; x_wconf 90' lang='lat' dir='ltr'>carpitur</span> <span class='ocrx_word' id='word_1_369' title='bbox 502 2792 720 2830; x_wconf 87' lang='lat' dir='ltr'>puerorum</span> <span class='ocrx_word' id='word_1_370' title='bbox 741 2793 861 2817; x_wconf 89' lang='lat' dir='ltr'>amor.</span> <span class='ocrx_word' id='word_1_371' title='bbox 893 2794 926 2818; x_wconf 88' lang='lat' dir='ltr'>c.</span> <span class='ocrx_word' id='word_1_372' title='bbox 947 2784 1013 2820; x_wconf 80' lang='lat'>55.</span> <span class='ocrx_word' id='word_1_373' title='bbox 1073 2782 1167 2818; x_wconf 87' lang='lat' dir='ltr'>Item</span> <span class='ocrx_word' id='word_1_374' title='bbox 1188 2788 1352 2819; x_wconf 86' lang='lat' dir='ltr'>notatur</span> <span class='ocrx_word' id='word_1_375' title='bbox 1374 2783 1503 2825; x_wconf 78' lang='lat' dir='ltr'>Plato,</span> <span class='ocrx_word' id='word_1_376' title='bbox 1534 2781 1601 2830; x_wconf 87' lang='lat' dir='ltr'>qui</span> 
     </span>
     <span class='ocr_line' id='line_1_42' title="bbox 42 2843 1601 2897; baseline 0.005 -21"><span class='ocrx_word' id='word_1_377' title='bbox 42 2843 169 2880; x_wconf 83' lang='lat' dir='ltr'>amori</span> <span class='ocrx_word' id='word_1_378' title='bbox 189 2845 466 2884; x_wconf 86' lang='lat' dir='ltr'>auctoritatem</span> <span class='ocrx_word' id='word_1_379' title='bbox 484 2847 683 2885; x_wconf 88' lang='lat' dir='ltr'>tribuerit.</span> <span class='ocrx_word' id='word_1_380' title='bbox 743 2847 785 2884; x_wconf 84' lang='lat' dir='ltr'>Si</span> <span class='ocrx_word' id='word_1_381' title='bbox 807 2861 936 2897; x_wconf 88' lang='lat' dir='ltr'>amor,</span> <span class='ocrx_word' id='word_1_382' title='bbox 968 2855 1014 2886; x_wconf 93' lang='lat' dir='ltr'>ut</span> <span class='ocrx_word' id='word_1_383' title='bbox 1034 2849 1157 2886; x_wconf 89' lang='lat' dir='ltr'>Stoici</span> <span class='ocrx_word' id='word_1_384' title='bbox 1183 2849 1344 2895; x_wconf 83' lang='lat' dir='ltr'>volunt,</span> <span class='ocrx_word' id='word_1_385' title='bbox 1375 2849 1458 2897; x_wconf 73' lang='lat' dir='ltr'>ipsc</span> <span class='ocrx_word' id='word_1_386' title='bbox 1478 2861 1601 2885; x_wconf 88' lang='lat' dir='ltr'>cona-</span> 
     </span>
    </p>
   </div>
  </div>
 </body>
</html>
