1832 3137
1544 75 1627 120 473

71 175 240 216 xagoras
261 169 326 202 aut
353 162 412 202 hio
436 163 518 217 ipse
545 162 797 204 Democritus
817 177 932 217 agros
954 170 991 202 et
1010 164 1238 218 patrimonia
1263 177 1332 204 sua
1358 163 1623 217 reliquissent,

638 85 799 117 Lmen
825 83 1054 125 v.4o,116.

71 234 157 275 huie
183 235 354 275 discendi
381 236 667 289 quaerendique
701 236 855 276 divinae
883 236 1130 276 delectationi
1163 243 1242 276 toto
1272 250 1315 276 se
1341 237 1469 276 animo
1500 237 1626 278 dedis-

68 308 224 347 sent2?
282 306 418 361 ltaque
450 322 637 361 augurem
677 307 895 358 Tiresiam,
937 322 1050 361 quem
1092 309 1307 363 sapientem
1349 310 1496 362 tingunt
1535 315 1627 363 poe·-

1318 382 1371 421 At
1394 395 1489 422 vero
1506 380 1626 436 Poly-

68 452 246 506 phemum
283 451 478 493 Homerus
509 468 624 507 quum
659 454 862 493 immanem
903 454 1100 507 ferumque
1136 454 1335 503 tinxisset,
1384 469 1469 494 cuin
1504 454 1625 495 ariete

68 386 146 428 tae,
177 394 369 434 nunquam
394 380 578 421 inducunt
599 381 861 435 deplorantem
882 381 1111 420 caecitatem
1130 396 1254 421 suam.

66 525 183 564 etiam
208 525 491 579 colloquentem
519 527 609 566 l'acit
635 527 795 579 eiusque
817 526 973 564 laudare
1002 527 1199 576 fortunas,
1235 527 1358 580 quod,
1393 541 1466 580 qua
1490 528 1622 576 vellet,

68 597 219 651 ingredi
247 604 378 652 posset
400 605 460 648 et,
495 612 593 652 quae
613 599 752 648 vellet,
785 597 976 650 attingere
991 602 1026 637 3.
1091 598 1216 638 Recte
1242 599 1301 639 liic
1322 599 1489 652 quidem.
1550 598 1624 640 Ni-

68 670 144 710 hilo
177 671 277 710 enim
309 678 394 711 erat
424 671 504 725 ipse
538 669 733 725 Cyclops,
767 684 878 723 quam
911 670 1013 709 aries
1046 670 1131 719 ille,
1167 671 1405 724 prudentior.

178 741 273 782 XL.

66 813 126 854 M.
161 813 354 866 Crassus3
400 816 467 855 sed
500 815 601 855 aliud
634 815 857 865 molestius,
901 816 1001 868 quod
1037 815 1136 854 male
1171 814 1376 864 audiebat,
1422 817 1536 855 etiam
1574 817 1622 865 si,

340 750 432 784 116.
470 742 513 783 ln
535 744 724 783 surditate
748 756 843 783 vero
864 742 1040 796 quidnam
1065 749 1124 782 est
1147 743 1261 782 mali?
1305 742 1403 782 Erat.
1424 745 1626 784 surdaster

66 894 109 927 ut
129 887 218 927 mihi
236 888 456 938 videbatur,
490 888 646 928 iniuria.
692 887 829 928 Nostri
846 891 859 914 ¹
887 886 1040 928 Graece
1061 889 1141 927 fere
1162 888 1355 937 nesciunt,
1390 902 1461 927 nec
1481 887 1624 928 Graeci

65 958 224 1000 Latine.

67 1032 102 1072 id
121 1035 135 1058 ¹
165 1047 235 1072 nos
263 1033 300 1072 in
327 1033 373 1073 iis
398 1033 563 1086 linguis,
594 1047 688 1087 quas
714 1047 791 1073 non
814 1032 1087 1086 intelligimus,
1128 1046 1227 1086 quae
1252 1039 1342 1072 sunt
1363 1032 1624 1072 innumerabi-

289 959 396 1014 Ergo
417 961 452 1000 hi
474 961 513 1000 in
536 961 688 1000 illorum
707 968 746 1000 et
765 961 817 1000 illi
837 960 875 1000 in
899 961 1033 1000 horum
1056 974 1237 1000 sermone
1256 960 1378 1009 surdi,
1413 974 1624 1012 omnesque

156 1149 178 1181 2
203 1150 257 1181 Sic
280 1150 410 1193 plurimi
434 1150 552 1190 codd.,
580 1151 678 1182 etiam
700 1151 737 1182 R.
761 1152 795 1182 P.
821 1150 906 1182 Gud.
926 1151 952 1183 l.
976 1152 1019 1182 11.
1044 1157 1077 1182 et
1099 1149 1282 1192 complures
1303 1148 1378 1180 edd.
1402 1155 1500 1185 vett.;
1527 1150 1581 1180 Or.
1595 1161 1622 1181 c.

66 1194 138 1226 aliis
158 1196 356 1227 dedidissent.
404 1194 425 1227 3
450 1197 506 1228 Tr.
533 1207 559 1227 c.
578 1195 707 1237 plurim.
731 1195 828 1226 codd.
843 1221 851 1231 ,
876 1195 975 1226 etiam
998 1196 1034 1227 R.
1056 1196 1089 1226 P.
1116 1194 1200 1226 Gud.
1221 1194 1246 1225 1.
1277 1195 1314 1225 ll.
1329 1218 1336 1232 ‚
1361 1196 1540 1233 attingerem
1564 1193 1622 1224 sed

67 1246 158 1271 recte
185 1241 287 1270 Mos..·
327 1240 466 1271 Facilius
501 1240 613 1271 credas
651 1240 916 1271 accommodasse
951 1246 1155 1271 correctores
1187 1239 1382 1269 infinitivum
1415 1238 1623 1269 antecedenti

68 1284 290 1322 coniunctis-o,
317 1296 412 1327 quam
436 1285 680 1316 coniunctivum
698 1291 840 1316 mutasse
863 1284 894 1315 in
915 1284 1121 1315 infinitivum.
1149 1284 1250 1315 Goth.
1273 1290 1306 1314 et
1319 1283 1455 1314 Lambb.
1477 1283 1509 1313 in
1532 1294 1622 1313 mar-

66 1328 142 1371 gine
165 1340 182 1359 e
206 1335 272 1360 vet.
298 1329 371 1361 cod.
394 1332 542 1369 attingere
564 1334 598 1361 et
619 1334 696 1361 recle
716 1331 861 1369 quidem:
895 1329 981 1360 unde
1001 1328 1269 1359 verisimillimum
1292 1334 1361 1365 est,
1387 1327 1483 1358 etiam
1507 1327 1539 1358 in
1561 1327 1624 1358 illis

67 1372 179 1410 codd„
205 1373 259 1415 qni
278 1373 401 1405 habent
425 1377 584 1413 attingeret
600 1378 689 1413 recle,
713 1374 833 1404 lectum
854 1373 955 1404 fuisse
977 1376 1124 1413 attinyere
1149 1378 1182 1404 el
1202 1376 1279 1404 recle
1298 1374 1326 1403 h.
1340 1383 1381 1411 q.,
1406 1371 1520 1413 uti-21,
1550 1370 1621 1403 118.

67 1417 118 1449 cf.
143 1420 276 1449 Wesenb.
301 1420 371 1450 Em.
392 1419 449 1449 111.
474 1429 505 1460 p.
523 1417 577 1451 32.
624 1419 701 1449 XL.
737 1417 754 1449 1
781 1430 812 1449 v.
835 1417 940 1455 Adn.;
966 1418 1006 1448 D.
1032 1417 1116 1448 coni.
1141 1419 1287 1456 operarii.

65 1486 137 1523 κῶς
164 1481 305 1527 ιἤκουεν,
342 1484 427 1516 mala
449 1484 604 1515 utebatur
634 1485 742 1516 fama:
779 1484 830 1516 cui

68 1530 267 1561 contrarium
291 1537 340 1561 est
361 1530 474 1566 καλῶς
494 1526 637 1568 ἀκούειν,
662 1529 747 1560 bene
767 1541 827 1560 au-

67 1573 149 1606 dire.
196 1574 308 1615 Eurip.
343 1574 412 1605 Alc.
445 1574 519 1606 742.
557 1573 610 1604 ed.
644 1575 828 1605 &Vostemm

67 1620 184 1656 κακῶς
204 1615 334 1652 ἀκούειν
356 1616 393 1651 οὗ
414 1617 506 1660 μέλει
527 1617 660 1651 ‘Savo-tta
678 1630 741 1660 μοι.
767 1619 829 1649 Fa-

69 1671 141 1694 cete
163 1670 271 1694 autem
297 1663 414 1694 Cicero
437 1663 522 1693 hanc
543 1662 745 1693 locutionem
770 1674 829 1704 per

68 1719 251 1751 oxymoron
276 1707 426 1739 adhibuit.
451 1707 493 1738 ad
514 1719 597 1745 eum,
623 1707 677 1749 qui
698 1707 828 1738 auribus

66 1753 151 1784 male
173 1752 355 1790 audiverit,
381 1760 416 1784 ut
438 1763 536 1794 supra
559 1752 587 1793 ξ.
604 1754 652 1784 12.
680 1751 721 1783 de
737 1751 828 1783 Aufi-

67 1798 124 1830 dio
148 1809 258 1830 caeco:
283 1799 406 1830 videbat
431 1797 462 1827 in
488 1796 617 1828 litteris.

136 1847 170 1875 ut
192 1845 268 1874 mihi
292 1842 466 1882 videbatur]
503 1841 579 1871 Scil.
604 1848 693 1879 tum,
731 1852 829 1883 quum

70 1888 202 1920 Crassus
227 1887 334 1918 adhuc
358 1887 502 1917 vivebat.
550 1885 636 1917 Hinc
667 1886 830 1927 imperfe-

67 1939 155 1965 ctum
180 1932 323 1974 positum
349 1938 408 1962 est.

135 1978 250 2012 Nostris
287 1979 372 2007 Ante
397 1975 461 2007 hoc
485 1974 679 2006 vocabulum
716 1985 829 2006 omnes

67 2021 167 2054 codd.
182 2020 301 2052 insulsa
316 2019 490 2062 occupavit
507 2019 742 2061 interpolati03
766 2019 829 2050 ha·-

67 2067 146 2099 bent
179 2065 283 2096 euim:
327 2067 535 2104 Epicurei
567 2067 664 2095 nostri
689 2066 741 2096 Gr.
766 2070 828 2094 etc.

70 2113 143 2143 lure
179 2110 279 2152 igitur
303 2111 358 2141 W.
383 2115 517 2141 auctore
547 2108 681 2140 Davisio
706 2108 830 2139 delevit

67 2155 263 2187 vocabulum
289 2156 453 2194 Epicurei;
478 2156 532 2184 Or.
555 2165 582 2184 c.
598 2154 673 2184 Ern.
695 2153 830 2183 retinuit

68 2200 200 2244 quidem
220 2198 312 2236 illud,
334 2198 393 2229 sed
408 2198 498 2228 uncis
519 2196 659 2229 inclusit.
694 2199 829 2239 ineptae

66 2243 333 2287 interpolationis
354 2242 408 2273 diu
428 2242 578 2274 desertae
599 2254 637 2273 ac
651 2241 830 2273 derelictae

66 2289 286 2332 patrocinium
329 2293 443 2318 nostra
486 2286 644 2317 memoria
685 2286 830 2328 suscepit

68 2336 208 2366 Klotzius
233 2335 278 2373 (et
303 2331 334 2362 iu
355 2331 406 2362 ed.
425 2337 458 2362 et
477 2331 509 2361 in
524 2330 608 2362 Add.
631 2342 661 2372 p.
676 2329 743 2362 ‘206
753 2331 828 2372 sip),

69 2378 124 2421 qui
148 2377 179 2408 in
206 2388 243 2407 ea
267 2375 390 2406 tuenda
422 2382 520 2416 atque
544 2374 726 2405 enarranda
756 2386 827 2405 ma-

68 2433 166 2465 gnam
190 2431 325 2463 operam
350 2418 551 2460 consumpsit
575 2426 606 2450 et
630 2418 671 2449 de
692 2426 829 2450 senten-

68 2467 136 2498 tiae
160 2477 236 2497 suae
262 2465 399 2495 veritate
423 2463 468 2494 ita
493 2463 554 2494 sibi
577 2463 756 2505 persuasit,
784 2470 829 2500 ut,

70 2511 97 2543 si
122 2511 193 2554 quis
217 2509 298 2540 illud
324 2508 518 2540 vocabulum
553 2507 739 2549 intelligere
764 2518 829 2538 nou

70 2555 188 2599 possit,
213 2566 286 2586 eum
309 2564 421 2584 omnes
434 2553 493 2584 hos
507 2552 763 2584 Tusculanarum
787 2552 830 2582 li—

70 2601 146 2632 bros
169 2611 234 2631 non
260 2605 350 2629 recte
372 2597 558 2640 percepisse
583 2596 706 2628 credat.
743 2597 830 2627 lnter

69 2644 133 2677 alia
154 2644 235 2676 haec
254 2643 373 2675 iactat:
401 2643 466 2680 „Es
488 2642 529 2672 ist
552 2641 640 2672 diese
663 2639 770 2671 satire
793 2651 830 2671 so

70 2688 225 2720 beissend
260 2700 289 2719 ιι.
322 2686 468 2728 zugleich
503 2697 540 2717 so
575 2684 829 2723 uberrascliend,

72 2732 147 2764 dass
171 2733 228 2764 wir
260 2744 318 2764 uns
350 2743 402 2762 am
430 2730 521 2761 [inde
556 2730 647 2761 nicht
682 2729 758 2760 sehr
792 2740 829 2759 zu

72 2776 227 2808 wuudern
253 2776 437 2810 brauchen,
471 2774 544 2805 (lass
569 2786 642 2805 man
668 2774 715 2804 sie
739 2773 830 2804 nicht

73 2822 132 2852 hat
156 2821 328 2852 verstehen
353 2821 520 2851 kiinncu.“
569 2819 626 2850 Cui
652 2818 830 2849 hebetioris

73 2865 194 2907 ingenii
228 2865 395 2896 hominum
429 2874 563 2895 numero
598 2875 701 2905 nuper
733 2862 830 2893 etiam

75 2911 254 2949 Madviyius
275 2909 422 2946 accessit,
448 2908 502 2951 qni
522 2908 563 2939 ad
579 2907 636 2938 Fin
664 2909 704 2938 ll.
723 2908 756 2945 ὃ,
775 2908 829 2939 25.

863 1484 909 1516 ita
928 1483 1019 1526 loqui
1041 1495 1136 1514 ausus
1157 1490 1222 1514 est:
1253 1483 1351 1514 Tusc.
1375 1484 1414 1519 V,
1442 1482 1514 1515 116.
1548 1484 1623 1514 Klo-

862 1532 941 1561 tzius
975 1528 1144 1560 revocavit
1188 1527 1323 1558 foedum
1363 1527 1624 1558 additamentum

863 1576 1027 1613 Epicurei,·
1049 1573 1139 1616 quasi
1156 1572 1259 1604 Stoici
1276 1578 1308 1602 et
1324 1571 1532 1613 Peripatetici
1550 1582 1624 1603 ma-

863 1619 911 1660 gis
937 1618 1055 1649 Latine
1080 1617 1246 1656 sciverint,
1271 1628 1366 1658 quam
1394 1615 1545 1659 Epicurei
1569 1622 1626 1647 aut

864 1663 1100 1705 Epicureorum
1124 1668 1333 1703 contemptus
1355 1661 1471 1692 artium
1488 1661 1528 1691 ad
1551 1672 1623 1692 ser—

862 1708 969 1739 monis
996 1707 1156 1749 peregrini
1183 1706 1332 1747 peritiam
1358 1705 1552 1747 pertinuerit
1570 1712 1626 1736 aut

865 1752 928 1783 ulla
954 1752 1037 1783 ratio
1069 1752 1109 1781 sit
1145 1751 1189 1781 ibi
1217 1750 1488 1791 philosophorum
1514 1756 1623 1781 certae

864 1796 1057 1838 disciplinae
1082 1795 1233 1836 exemplo
1260 1795 1383 1825 utendi.

934 1842 1270 1877 Graece—nesciunt,
1293 1849 1346 1870 nec
1368 1840 1478 1870 Graeci
1499 1838 1623 1880 Latine]

863 1886 964 1917 Plane
989 1892 1023 1916 ut
1050 1884 1234 1916 Academic.
1263 1885 1300 1914 ll.
1326 1881 1379 1918 47,
1410 1884 1488 1915 145:
1516 1883 1565 1913 Ita
1588 1888 1624 1913 tu

865 1942 962 1968 nunc,
986 1929 1110 1967 Catule,
1136 1929 1244 1959 lucere
1261 1930 1376 1967 nescis5
1396 1937 1450 1959 nec
1465 1934 1509 1965 tu,
1531 1927 1623 1958 Hor-

864 1975 969 2011 tensi,
1007 1974 1038 2005 ιἰι
1065 1981 1119 2005 tua
1144 1973 1220 2004 villa
1246 1984 1304 2003 nos
1329 1983 1418 2002 esse:
1446 1983 1505 2013 pro
1532 1978 1564 2002 et
1587 1977 1623 2002 tu

864 2032 909 2052 sc.
932 2019 1054 2050 nescis:
1081 2018 1122 2049 de
1146 2028 1209 2060 quo
1233 2018 1306 2048 loco
1333 2018 1489 2056 Wopkens.
1514 2017 1623 2046 Lectt.

864 2063 950 2096 Tull.
979 2065 1009 2100 l,
1035 2066 1066 2095 ὅ.
1102 2075 1132 2105 p.
1155 2063 1210 2094 67.
1235 2062 1298 2093 sic:
1336 2062 1393 2091 Est
1417 2061 1481 2091 hoc
1507 2060 1626 2103 σχῆμα

863 2108 947 2150 πρὸς
979 2106 1016 2141 τὸ
1045 2105 1306 2149 σημαινόμενον,
1344 2117 1408 2148 quo
1443 2106 1624 2135 membrum

865 2152 1026 2196 posterius
1052 2151 1154 2194 priori
1188 2151 1336 2182 membro
1364 2149 1405 2181 ad
1429 2148 1625 2180 seutentiam

865 2198 994 2241 potius,
1022 2208 1118 2239 quam
1143 2196 1185 2226 ad
1211 2196 1308 2226 veiba
1335 2194 1504 2236 congruit,
1532 2204 1624 2224 com-

865 2254 982 2285 parans
1007 2242 1077 2272 Fin.
1105 2243 1127 2277 l,
1151 2240 1182 2272 9.
1213 2241 1253 2274 ΙῘ,
1277 2242 1307 2270 ὃ.
1341 2239 1394 2273 tv,
1418 2239 1450 2270 9.
1479 2238 1518 2267 N.
1535 2238 1573 2268 D.
1601 2238 1623 2272 1,

863 2289 917 2319 25.
945 2286 985 2316 de
1000 2287 1102 2326 Legg.
1128 2285 1166 2321 ΙΙ,
1180 2283 1210 2315 ὅ.
1239 2283 1327 2313 Cnrt.
1353 2282 1394 2313 ad
1409 2282 1539 2312 Sallust.
1556 2282 1623 2322 lug.

866 2329 917 2363 14.
944 2330 974 2362 Τ.
1003 2330 1096 2360 Adde
1109 2326 1421 2359 Goerenz.a‹lAca(l.
1443 2325 1507 2358 l.d.
1534 2326 1624 2356 Mad-

863 2377 982 2415 viyium
1006 2374 1046 2404 ad
1070 2374 1139 2404 Fin.
1168 2374 1203 2403 ΙΙ.
1219 2373 1317 2410 &stim
1343 2383 1374 2413 p.
1395 2371 1463 2403 let).
1489 2371 1624 2402 Kilhner.

866 2420 903 2450 L.
931 2419 988 2449 Gr.
1016 2417 1132 2457 §.16ss
1161 2418 1188 2448 l.
1213 2416 1244 2448 b.

933 2459 1093 2502 (sumesque
1118 2462 1164 2503 id]
1203 2460 1307 2491 Codd.
1338 2460 1415 2491 Ball.
1442 2460 1517 2492 Bak.
1545 2470 1624 2490 unus

866 2507 959 2538 Leid.
986 2506 1037 2537 ed.
1062 2513 1126 2536 vet.
1147 2505 1245 2536 Bouli.
1269 2505 1426 2535 omittunt
1447 2507 1490 2544 id,
1515 2504 1546 2535 b.
1569 2503 1624 2535 iu-

866 2558 1076 2593 terpuuctnm
1100 2550 1219 2585 habet;
1245 2551 1300 2580 W.
1324 2557 1356 2580 et
1378 2552 1431 2580 Or.
1457 2548 1547 2580 uncis
1570 2548 1624 2579 in-

868 2596 1050 2627 cluserunt:
1092 2594 1242 2635 Tregder
1276 2596 1309 2624 id
1349 2593 1444 2635 plane
1481 2593 1622 2624 deleritz

867 2641 953 2671 Mam.
981 2639 1064 2670 coni.
1086 2642 1178 2670 ilem:
1212 2638 1301 2681 quod
1326 2637 1425 2669 etiam
1454 2639 1625 2669 Wesenber-

865 2687 915 2724 91'0
939 2685 1008 2715 Em.
1039 2685 1091 2714 lll.
1128 2695 1158 2725 p.
1184 2683 1237 2715 3¹2.
1264 2682 1394 2723 placet,
1430 2682 1483 2724 qui
1516 2692 1622 2720 comp.

869 2728 956 2759 Lavl.
981 2731 1007 2771 §-
1024 2728 1059 2760 7:
1087 2739 1126 2759 ex
1151 2728 1215 2759 hoc
1244 2730 1316 2759 ilem
1340 2727 1506 2758 Scaevola.
1533 2725 1620 2754 Fam.

865 2773 922 2803 Vl.
943 2773 976 2810 3,
1000 2773 1028 2804 1.
1071 2774 1228 2813 Wopkens.
1256 2773 1365 2803 Lectt.
1390 2770 1474 2801 Tull.
1499 2780 1529 2809 p.
1547 2767 1620 2799 159.

866 2828 1049 2859 pronomen
1069 2819 1103 2849 id
1115 2817 1297 2859 exprimere
1319 2813 1514 2845 adiectivum
1535 2812 1623 2842 surdi

865 2861 1048 2899 existimat,
1083 2868 1117 2893 ut
1139 2873 1238 2903 supra
1264 2859 1366 2892 c.}i“1':
1402 2857 1554 2888 dicuntur
1578 2874 1621 2878 —

865 2905 1092 2939 misericordes
1125 2912 1181 2938 ant
1214 2903 1315 2936 invidi
1351 2908 1406 2933 aut
1442 2903 1501 2933 tale
1534 2901 1619 2940 quid.
