1832 3137
625 88 789 120 LIBER
816 90 838 120 1.
863 87 928 127 31,
955 85 1007 121 76.

33 176 111 209 tum
141 167 307 221 denique
337 167 529 208 vivemus.

31 241 197 283 mentari
218 253 371 295 possem
386 271 396 290 ,
431 239 463 279 si
481 239 637 280 liberet.

30 327 73 355 es
96 314 355 355 lamentatus:

29 401 176 442 quere3
218 387 278 427 his
307 399 404 427 vero
438 386 552 426 modo
584 385 749 435 auditis,
793 385 914 425 multo
947 387 1086 440 magis.

1519 81 1589 121 1:31

591 165 697 207 Nam
729 166 824 206 haec
853 167 1007 221 quidem
1032 167 1114 208 vita
1138 181 1244 208 mors
1274 174 1357 218 est,
1403 181 1517 222 quam
1542 170 1596 209 la-

701 245 770 281 76.
806 240 858 280 Α.
893 238 999 280 Satis
1022 247 1064 281 tu
1085 240 1238 295 quidem
1255 241 1294 281 in
1312 238 1595 283 Consolatione

401 327 513 367 quam
547 327 663 367 quum
692 312 805 366 lego,
851 313 946 353 1111111
971 314 1097 365 111010,
1140 327 1252 369 quam
1279 313 1348 355 has
1379 328 1444 355 res
1477 315 1596 356 relin-

1151 387 1214 428 M.
1248 387 1394 429 Veniet
1427 395 1592 444 tempus,

29 467 69 501 et
98 461 251 515 quidem
286 460 492 510 celeriter,
540 466 579 499 et
611 459 696 500 sive
736 458 1028 510 retractabis2,
1071 460 1154 501 sive
1195 462 1446 515 properabis3
1489 462 1597 503 volat

28 533 133 574 enim
159 541 284 574 aetas.

347 532 518 573 Tantum
541 540 669 573 autem
697 532 809 572 abest
833 531 880 572 ab
906 544 976 582 00,
1017 539 1058 572 ut
1081 533 1222 573 malum
1248 549 1353 575 mors
1378 535 1453 586 sit,
1494 537 1597 590 quod

30 607 100 647 tibi
123 607 264 647 dudum
281 606 510 656 videbatur,
543 613 586 646 ut
603 618 766 656 vereor,
801 618 850 645 ne
869 604 1014 645 1101111111
1032 605 1126 645 nihil
1146 607 1197 645 sit
1216 620 1294 646 non
1313 608 1454 648 malum
1473 608 1597 661 aliud,

30 687 138 721 cert-e.
160 683 178 702 *
193 680 278 721 sit*
294 683 311 706 3
339 679 433 719 nihil
452 679 597 719 bonum
613 678 717 718 aliud
738 678 882 733 potIus,
917 678 950 718 si
970 678 1125 732 quidem
1143 679 1209 719 vel
1230 679 1281 719 dii
1296 679 1391 734 ipsi,
1425 680 1490 721 vel
1509 696 1595 721 cum

29 753 101 794 diis
124 753 242 793 futuri
260 766 409 793 sumus.

472 751 524 791 Α.
559 749 662 804 Quid
678 765 722 791 re
729 752 826 791 fert?

887 751 950 792 M.
983 751 1141 792 Adsunt
1159 752 1277 803 enim,
1311 753 1375 806 qui
1399 753 1495 793 haec
1517 768 1595 794 11011

119 853 139 876 ‘³
167 852 276 885 Godd.
299 853 376 896 aliq.
394 852 576 884 deteiiores
598 859 631 883 et
651 852 836 894 complures
857 852 933 884 edd.
947 859 1028 884 xe.tt
1042 855 1238 886 retardabis:
1263 853 1383 897 quod'
1375 853 1491 886 iniuria
1512 865 1592 897 pro-

31 898 195 931 baverunt
217 898 343 941 Wopk.
346 865 402 929 qet
429 897 536 929 Hand.
562 909 595 940 p.
618 896 671 930 74.
719 899 758 931 V.
780 897 865 929 Adn.
911 897 933 930 3
958 910 988 931 v.
1015 898 1100 929 Adn.

26 964 414 1009 1115000111,050111111(11
463 964 518 996 Sic
538 966 618 997 Tac.
644 967 728 996 Anu.
752 966 792 1003 ΙῘ,

26 1012 89 1044 31:
126 1009 188 1041 nisi
210 1010 433 1041 voluntariam
456 1017 597 1041 mortem
629 1021 794 1052 propera—-

27 1054 138 1087 visset.
194 1054 283 1097 Virg.
319 1059 400 1086 Aen.
429 1055 497 1094 IX,
523 1053 605 1086 401:
644 1066 685 1086 an
722 1066 793 1085 sese

28 1099 155 1131 medios
178 1100 354 1130 moriturus
381 1099 414 1129 111
439 1099 551 1130 hostes
578 1100 723 1138 luserat,
761 1106 794 1129 et

29 1142 199 1187 pulchram
220 1151 376 1186 properet
393 1155 452 1186 per
471 1143 605 1175 vulnera
623 1142 791 1175 mortem?

31 1188 84 1220 Ad
107 1188 302 1232 particulam
327 1193 353 1220 el
379 1188 595 1231 repetendum
621 1199 691 1219 esse
716 1199 794 1219 ver—

28 1233 105 1265 bum
119 1236 228 1273 veniet,
247 1233 414 1264 verissime
427 1232 541 1263 docuit
553 1235 664 1271 Moser,
683 1232 793 1263 idem-

26 1289 91 1321 que
112 1278 233 1310 collato
246 1280 396 1318 Herzoyio
415 1277 457 1308 ad
472 1278 609 1316 Quintil.
626 1278 670 1307 X.
692 1288 721 1319 p.
738 1276 792 1309 97).

26 1322 152 1365 optime
183 1322 332 1362 monuit,
368 1321 449 1353 illud
473 1326 501 1353 et
524 1322 556 1353 h.
579 1322 600 1353 l.
633 1321 792 1353 inservire

23 1366 221 1410 gradationi.

92 1414 224 1444 Tantum
248 1415 352 1443 autem
380 1414 464 1443 abest
487 1413 526 1442 ab
551 1413 598 1453 eo]
634 1413 793 1443 Ernestius

23 1456 124 1488 verba
143 1459 182 1488 ab
199 1467 233 1488 eo
254 1456 394 1488 delenda
413 1456 556 1495 censuit3
583 1456 642 1487 sed
663 1456 791 1498 optimo

22 1502 92 1533 iure
114 1513 152 1533 ea
180 1502 280 1533 tutati
311 1508 387 1532 sunt
421 1503 555 1533 Scheller
585 1501 619 1532 in
649 1502 730 1532 Lex.
757 1513 789 1531 v.

23 1549 153 1587 absum,
195 1548 283 1579 Beier
316 1545 359 1578 ad
393 1546 457 1577 Off.
488 1548 522 1581 Ι,
555 1544 604 1578 14.
640 1558 674 1589 p.
704 1546 788 1585 107„

26 1594 158 1625 Orellius
180 1598 214 1623 et
236 1591 453 1623 recentissimi
478 1590 642 1629 editores,
681 1602 788 1633 comp.

27 1637 119 1668 Caes.
145 1637 176 1675 5,
199 1638 238 1668 ’ἐς
273 1647 378 1679 neque
399 1636 537 1667 multum
557 1639 661 1668 abesse
682 1638 720 1666 ab
745 1645 791 1676 eo,

24 1681 102 1725 quin
129 1700 167 1705 —
194 1688 341 1724 possent.
399 1682 473 1712 Liv.
499 1682 540 1713 25
557 1706 566 1721 ,
591 1680 631 1714 6:
678 1688 791 1712 tamen

25 1730 147 1759 tantum
171 1728 270 1767 abfuit
293 1729 332 1757 ab
357 1736 410 1766 eo,
448 1732 482 1757 ut
516 1726 582 1758 ulla
609 1725 790 1768 ignominia

24 1771 63 1803 iis
89 1771 283 1803 exercitibus
309 1778 531 1814 quaereretur.
579 1771 675 1803 Adde
701 1772 790 1802 Brut.

27 1814 89 1854 42,
114 1815 195 1849 156:
236 1820 357 1848 tantum
389 1819 471 1848 abest
506 1818 545 1847 ab
577 1819 791 1848 obtrectatione

21 1862 203 1900 invidiaque
221 1880 283 1901 —,
308 1866 340 1893 ut
365 1873 402 1892 ea
425 1872 490 1892 non
513 1861 615 1892 modo
640 1871 704 1891 non
730 1872 788 1891 ex-

24 1905 172 1937 ulcerare
208 1912 350 1937 vestram
390 1906 550 1948 gratiam,
596 1905 655 1936 sed
690 1905 790 1936 etiam

24 1950 200 1982 conciliare
220 1950 383 1982 videatur.
431 1951 506 1982 Sine
529 1950 629 1981 dubio
652 1957 790 1981 senten—

22 1995 69 2027 tia
89 1995 194 2026 multo
217 1995 347 2037 gravius
370 1995 505 2026 effertur
529 1994 669 2033 additis,
693 2006 789 2037 quam

24 2040 150 2072 omissis
174 2039 282 2071 verbis
312 2043 350 2071 ab
375 2050 418 2073 eo.
467 2040 655 2071 Sententiae
679 2046 789 2071 autem

14 2085 70 2117 ,sie
93 2096 128 2117 se
152 2084 337 2127 excipiunt:
365 2084 528 2123 Quoniam
552 2084 668 2116 Cicero
693 2096 789 2127 snpra

22 2129 205 2161 animorum
217 2130 499 2161 immortalitatem
512 2129 712 2172 argumentis
728 2129 789 2160 de-

23 2181 207 2206 monstrare
230 2181 262 2205 et
285 2175 383 2206 salsas
405 2174 447 2205 de
467 2174 650 2206 animorum
672 2181 788 2206 natura

27 2219 199 2262 opiniones
216 2220 370 2252 refellere
387 2227 524 2251 conatus
544 2227 604 2258 est,
629 2219 786 2262 sequitur,

26 2271 62 2295 ut
85 2264 200 2295 redeat
227 2264 269 2295 ad
301 2264 528 2308 quaestionem
560 2265 786 2307 propositam:

23 2312 150 2340 mortem
172 2319 234 2340 non
257 2319 319 2341 esse
342 2312 473 2342 malum.
522 2310 588 2341 Sed
611 2317 787 2352 antequam

25 2363 96 2383 eam
121 2359 324 2394 pertractare
347 2353 555 2395 aggreditur,
588 2355 786 2393 Stoicorum,

27 2397 81 2439 qui
96 2397 222 2428 animos
237 2397 292 2427 diu
308 2397 441 2440 quidem
458 2404 535 2439 post
550 2406 691 2430 mortem
707 2411 787 2441 pei—

25 2452 176 2480 manere,
212 2441 271 2472 sed
304 2453 370 2473 non
404 2453 553 2484 semper,
590 2449 786 2482 statuerunt,

24 2486 224 2517 sententiam
248 2486 458 2517 refutandam
482 2493 586 2529 putat.
634 2489 708 2526 Quo
732 2488 788 2519 fa-

24 2538 79 2563 cto
94 2556 101 2569 ,
125 2531 232 2563 oratio
255 2532 341 2574 (cap.
355 2529 424 2573 54.)
447 2531 625 2562 revertitur
645 2531 687 2562 ad
704 2544 788 2575 pro-

22 2583 178 2619 pos1tum.

90 2623 173 2661 quod
188 2623 242 2653 tibi
256 2623 376 2653 dudum
391 2621 568 2663 videbatur]
592 2621 634 2652 H.
650 2631 677 2652 e.
700 2621 790 2663 quod

24 2665 84 2696 tibi
105 2665 206 2697 modo
223 2666 276 2698 vel
298 2666 410 2709 paullo
433 2672 508 2697 ante
530 2665 714 2696 videbatur.
748 2667 788 2697 V.

25 2712 148 2742 Schiitz.
171 2711 283 2743 Lexic.
310 2711 460 2742 Ciceron.
483 2723 514 2741 v.
536 2712 666 2742 dudum.

92 2765 129 2785 110
152 2757 268 2787 homini
291 2757 367 2787 nihil
392 2759 430 2788 sit
453 2766 513 2787 uon
546 2758 663 2786 malum
689 2757 789 2794 aliud,

26 2803 102 2830 certe
125 2803 163 2831 sit
185 2802 263 2832 nihil
287 2803 399 2832 bonum
430 2802 519 2832 aliud
547 2802 664 2841 polius]
704 2802 790 2830 Sen-

25 2843 131 2875 tentia
153 2844 270 2876 horum
293 2846 469 2877 verborum
494 2846 576 2876 haec
599 2852 665 2876 est:
702 2855 789 2875 mors

27 2898 93 2919 non
129 2888 235 2920 solum
266 2890 386 2921 malum
419 2890 545 2922 nullum
579 2896 650 2925 est3
689 2888 790 2921 immo

27 2939 159 2974 praeter
187 2941 327 2966 mortem
357 2935 420 2966 alia
451 2934 562 2967 omnia
594 2934 678 2966 mala
702 2940 788 2973 sunt,

830 971 918 996 001ῖο
939 965 1019 996 1111111
1039 965 1127 997 aliud
1147 966 1273 997 bonum
1289 966 1517 1009 praestabilius
1533 973 1595 1005 est,

829 1021 926 1052 quam
948 1022 1036 1042 mors
1051 1035 1060 1049 ,
1084 1010 1111 1041 si
1135 1010 1267 1053 quidem
1288 1011 1340 1042 vel
1363 1011 1407 1042 dii
1429 1018 1490 1043 etc.
1540 1011 1592 1044 Cf.

830 1066 856 1085 0.
871 1053 924 1093 46,
948 1055 1025 1087 11οῑ
1050 1055 1084 1086 111
1108 1067 1171 1098 qua
1196 1057 1254 1099 (sc.
1275 1056 1396 1098 morte)
1425 1063 1481 1087 aut
1502 1068 1594 1087 sum—

827 1110 915 1130 mum
949 1099 1094 1139 bonnm,
1131 1106 1188 1131 aut
1219 1100 1344 1131 nullum
1376 1100 1497 1132 malum
1524 1112 1594 1132 esse

830 1143 1053 1185 cognovimus.
1100 1145 1219 1176 Verte:
1246 1145 1322 1175 weit
1344 1145 1492 1187 gefehst,
1518 1145 1591 1177 dass

829 1188 888 1219 der
910 1188 987 1220 Tod
1011 1188 1063 1219 eiu
1083 1188 1190 1220 Uebel
1212 1189 1282 1220 sein
1307 1190 1424 1229 sollte,
1460 1190 1594 1222 mo'chte

826 1233 881 1264 ich
906 1233 1065 1264 vielmehr
1084 1233 1246 1275 glauben,
1282 1246 1315 1265 es
1342 1235 1389 1265 sei
1419 1235 1497 1266 alles
1522 1239 1594 1267 An-

828 1277 907 1308 dere
943 1282 1065 1319 (ausser
1085 1278 1160 1309 dem
1184 1278 1292 1318 Tode)
1328 1279 1382 1310 fm-
1405 1279 1470 1311 den
1493 1281 1592 1311 Men-

827 1321 926 1353 schen
953 1322 1004 1352 ein
1020 1323 1136 1361 Uebel,
1161 1323 1358 1365 wenigstens
1378 1324 1461 1366 gebe
1484 1336 1517 1355 es
1540 1325 1594 1356 fiir

825 1366 883 1397 ihu
923 1366 999 1397 kein
1038 1368 1300 1409 vorziiglicheres
1339 1369 1416 1399 Gut.
1487 1370 1593 1408 Quam

826 1411 920 1443 huius
950 1411 1015 1442 loci
1047 1419 1079 1443 et
1109 1412 1356 1444 distinctionem
1389 1420 1422 1444 et
1447 1414 1592 1456 scriptu—

826 1468 896 1488 ram
918 1456 1060 1496 exhibui,
1088 1469 1125 1488 ea
1143 1465 1279 1499 accepta
1297 1458 1440 1489 refertur
1452 1459 1593 1490 acumini

829 1503 1051 1542 Wesenberyii,
1088 1503 1142 1545 qui
1173 1502 1206 1533 in
1237 1503 1426 1534 Emendatt.
1447 1505 1472 1535 Ι.
1505 1515 1538 1546 p.
1560 1501 1590 1536 4.

825 1546 966 1597 primum
991 1558 1139 1589 comma,
1171 1547 1261 1590 quod
1286 1548 1384 1590 vulgo
1416 1554 1493 1591 post
1516 1552 1593 1580 cerie

825 1591 971 1634 positum
1007 1599 1100 1629 erat,
1142 1598 1220 1635 post
1253 1573 1360 1625 alinde
1374 1593 1590 1637 transposuit,

826 1636 946 1668 deinde
969 1648 1030 1679 pro
1052 1639 1124 1677 sed,
1151 1637 1269 1680 quod'
1260 1649 1294 1668 m
1318 1638 1469 1670 omnibus
1492 1638 1590 1670 codd.

825 1681 965 1724 legitur,
998 1685 1037 1714 sil
1060 1662 1202 1725 sciipsit.
1250 1684 1299 1713 lta
1323 1683 1428 1714 omnis
1453 1689 1591 1714 senteu-

824 1726 891 1758 tiae
916 1707 1117 1768 difficultas,
1153 1727 1195 1758 ad
1220 1739 1317 1770 quam
1352 1727 1592 1770 expediendam

827 1771 984 1810 Orellius,
1010 1772 1164 1804 Klotzius
1188 1773 1232 1814 (in
1260 1772 1344 1803 Add.
1368 1785 1400 1815 p.
1417 1772 1505 1811 δὲ),
1535 1773 1590 1804 alii

825 1823 994 1848 contortas
1038 1829 1078 1848 00
1112 1828 1284 1860 perversas
1321 1816 1592 1858 excogitaverunt

823 1861 1128 1903 interpretationeS,
1154 1862 1293 1893 tollitur.
1332 1861 1494 1893 particula
1515 1866 1593 1893 00110

823 1906 922 1948 plane
955 1906 1137 1948 significit
1173 1906 1277 1937 minus
1310 1906 1434 1957 aliquid
1465 1906 1529 1938 dici
1558 1914 1592 1937 et

825 1949 913 1993 quod
934 1951 1052 1982 00111115
1074 1951 1181 1982 affirm
1185 1951 1232 1982 iri
1250 1951 1373 2002 11055111
1396 1962 1496 1994 quale
1515 1955 1591 1983 certe

824 2007 891 2028 non
915 1995 1054 2037 prioris,
1089 1996 1149 2027 sed
1172 1996 1365 2039 posterioris
1386 1996 1591 2027 enuntiatio-

824 2040 872 2071 nis
892 2040 936 2071 sit
958 2051 1092 2072 necesse
1115 2048 1184 2072 est:
1211 2040 1300 2083 quod
1321 2041 1367 2079 fit,
1392 2040 1420 2072 si
1440 2043 1494 2072 sed
1514 2053 1590 2072 mu—

825 2092 914 2116 tatur
934 2085 966 2116 in
990 2088 1047 2117 sit.-
1073 2085 1163 2128 quod
1185 2085 1368 2117 remedium
1389 2085 1591 2117 lenissimum

823 2130 892 2161 sine
925 2130 1025 2162 dnbio
1055 2131 1311 2172 praeferendum
1343 2137 1394 2162 est
1423 2130 1591 2162 violentae

824 2175 978 2207 vocabuli
1009 2178 1063 2207 sed
1097 2176 1287 2214 emissioni,
1324 2176 1363 2207 ab
1390 2175 1590 2218 Hottingero

822 2221 1026 2263 propositae,
1047 2221 1204 2252 aVVolfio
1226 2228 1389 2263 receptae.
1416 2220 1468 2252 Ad
1483 2232 1589 2251 0111111-

822 2265 969 2297 tiationis
1001 2266 1142 2297 formam
1167 2266 1408 2307 verborumque
1441 2264 1589 2296 colloca—

822 2310 947 2341 tionem
964 2312 1041 2342 Wes.
1063 2317 1233 2353 comparat
1258 2311 1314 2341 Ill.
1337 2310 1387 2346 17,
1408 2308 1470 2341 36:
1497 2310 1589 2348 Quae

824 2355 986 2397 (fortuna)
1017 2355 1198 2398 pervellere
1220 2361 1254 2385 te
1278 2353 1419 2385 forsitan
1444 2354 1589 2396 potuerit

823 2407 856 2431 et
881 2411 1036 2442 pungere,
1062 2411 1128 2430 11011
1154 2398 1264 2441 potuit
1284 2402 1360 2430 certe
1385 2398 1470 2429 vires
1494 2399 1588 2430 fran-

822 2456 909 2486 gere
934 2444 988 2482 30,
1009 2444 1062 2477 73.
1106 2443 1296 2488 Repetitum
1320 2450 1428 2474 autem
1450 2446 1488 2475 sit
1511 2452 1588 2486 post

824 2501 880 2527 ea,
907 2499 990 2530 quae
1013 2488 1056 2519 ad
1078 2489 1177 2525 1523,
1203 2489 1256 2519 54.
1285 2488 1499 2523 contulimus
1528 2489 1586 2520 of—

823 2533 966 2564 sensioni
997 2544 1063 2564 11011
1087 2538 1199 2574 potest
1223 2543 1303 2565 esse
1351 2534 1455 2572 Quam
1488 2533 1586 2565 facile

824 2577 967 2619 denique
994 2580 1031 2609 sit
1062 2577 1180 2609 mutari
1202 2578 1349 2620 potuerit
1371 2577 1404 2609 in
1427 2580 1481 2610 sed
1505 2579 1587 2621 (set),

823 2628 987 2653 testantur
1020 2622 1085 2654 loci
1118 2634 1136 2654 a
1162 2624 1237 2654 Wes.
1261 2622 1372 2654 allati:
1412 2625 1435 2654 Ι.
1458 2623 1498 2659 7,
1527 2622 1585 2656 14:

823 2669 902 2697 alios
926 2670 953 2698 et
977 2678 1038 2709 pro
1061 2670 1141 2699 alios
1163 2670 1199 2698 si.
1249 2669 1289 2699 Π.
1315 2668 1351 2705 1,
1376 2667 1415 2699 ‘32
1449 2670 1502 2699 sed
1525 2679 1585 2699 non

824 2722 884 2753 pro
909 2713 935 2742 si
958 2721 1028 2744 non,
1075 2712 1135 2750 22,
1162 2714 1222 2744 52:
1255 2716 1281 2745 sz'
1307 2717 1423 2744 tactum
1449 2724 1508 2755 pro
1533 2715 1584 2744 sed

825 2757 877 2795 sac
900 2760 1006 2788 totum.

894 2802 977 2839 Quid
1000 2803 1129 2843 referl?]
1157 2804 1209 2834 Se.
1235 2809 1342 2834 utrum
1368 2802 1413 2833 dii
1437 2801 1518 2844 ipsi,
1544 2811 1585 2831 au

826 2856 897 2877 cum
930 2845 991 2878 diis
1025 2846 1128 2878 futuri
1159 2847 1278 2885 simus,
1315 2859 1391 2879 nam
1416 2854 1586 2887 utrumque

825 2890 1027 2932 praeclarum
1052 2897 1112 2923 est.

894 2937 1011 2968 Adsunt
1025 2938 1119 2977 emm
1147 2939 1305 2969 Erneslius
1323 2935 1440 2967 verba:
1468 2936 1585 2966 41151ιηί

1183 2982 1254 3020 9*
