1863 3221
214 141 298 185 468

217 232 311 272 haec
335 229 460 270 omnis
482 227 604 268 oratio
624 231 700 273 est,
735 222 795 263 cui
812 222 896 262 iure
919 222 953 261 id
975 221 1154 263 accidere
1174 233 1250 259 non
1273 219 1408 272 possit.

733 144 894 177 LiBER
920 143 960 175 V.
986 139 1254 181 37‚108.1109.

1470 218 1572 259 Nam
1594 219 1678 258 iure
1702 231 1772 258 ex-

218 304 407 344 sulantem
437 297 632 340 consolari
655 310 731 336 non
761 301 929 349 oportet.
996 299 1089 333 108.
1123 291 1330 332 Postremo
1357 292 1403 331 ad
1430 305 1564 331 omnes
1581 305 1693 331 casus
1718 292 1775 330 fa-

219 376 358 416 cillima
386 373 483 413 ratio
505 377 566 410 est
586 384 742 419 eorum,
776 368 837 421 qui
862 369 908 406 ad
930 367 1167 420 voluptatem
1189 378 1233 404 ea
1254 364 1451 414 refer-unt,
1487 377 1584 417 quae
1607 377 1777 417 sequun-

221 456 283 488 tur
304 448 342 487 in
369 446 468 494 vila,
502 450 566 493 ut,
601 454 829 496 quocunque
853 440 945 480 llaec
982 439 1066 478 loco
1089 436 1384 491 suppeditetur⁵
1404 468 1415 488 ,
1451 436 1503 476 ibi
1541 436 1652 475 beate
1685 449 1779 488 que-

220 528 285 559 ant
316 518 465 559 vivere.
529 514 662 568 ltaque
697 514 742 554 ad
779 526 931 553 omnem
968 511 1158 551 rationem
1192 508 1340 549 Teucri
1379 523 1461 548 vox
1495 507 1780 548 accommodari

221 597 371 645 potest:

547 664 677 700 Patria
707 668 785 706 est,
821 661 1029 710 ubicunque
1059 665 1117 695 est
1146 658 1246 695 bene.

224 735 412 777 Socrates
437 734 588 788 quidem
616 748 729 787 quum
757 739 983 786 rogaretur,
1028 731 1193 770 cuiatem
1218 742 1260 768 se
1290 741 1377 767 esse
1405 727 1574 767 diceret:
1616 724 1783 766 Munda-

224 823 337 858 uum,
372 806 509 860 inquit.
574 805 716 845 Totius
752 805 852 844 enim
890 803 1018 843 mundi
1046 817 1088 842 se
1112 801 1277 841 incolam
1301 807 1338 839 et
1359 800 1482 840 civem
1507 799 1781 838 arbitrabatur.

224 879 324 933 Quid
353 878 404 919 T.
441 878 655 919 Albucius?
693 891 821 917 nonne
846 877 974 916 animo
1000 874 1235 928 aequissimo
1266 873 1432 913 Athenis
1467 872 1580 912 exsul
1616 871 1784 925 philoso-

224 952 435 1006 phabatur?
466 950 527 990 cui
552 957 679 990 tamen
699 949 791 989 illud
814 949 938 1002 ipsum
957 962 1031 987 non
1057 947 1285 995 accidisset,
1320 945 1409 984 siin
1433 958 1476 984 re
1500 944 1651 998 publica
1676 943 1784 997 quie-

225 1038 339 1064 scens
369 1021 529 1076 Epicuri
565 1022 716 1074 legibus
744 1022 951 1075 paruisset.
1017 1025 1112 1059 109.
1148 1017 1227 1070 Qui
1267 1018 1366 1057 enini
1404 1016 1555 1056 beatior
1576 1016 1784 1069 Epicurus,

224 1096 325 1149 quod
351 1095 388 1134 in
412 1094 535 1149 patria
559 1094 733 1142 vivebat,
769 1108 904 1146 quani,
940 1092 1039 1145 quod
1060 1091 1245 1141 Athenis,
1278 1088 1559 1129 Metrodorus?
1590 1095 1655 1128 aut
1676 1087 1788 1128 Plato

226 1166 493 1208 Xenocratem
531 1167 737 1217 vincebat,
782 1172 848 1205 aul
882 1163 1044 1204 Polemo
1082 1163 1323 1214 Arcesilam,
1367 1177 1441 1215 quo
1474 1168 1579 1202 esset
1611 1161 1788 1201 beatior?

227 1239 373 1293 Quanti
396 1254 489 1280 vero
507 1240 581 1279 ista
607 1240 744 1279 civitas
766 1239 1007 1278 aestimanda
1030 1244 1104 1286 est,
1139 1250 1189 1276 ex
1213 1250 1288 1289 qua
1306 1236 1394 1275 boni
1416 1234 1689 1288 sapientesque
1709 1233 1788 1287 pel-

229 1314 386 1354 luntur?
414 1312 684 1354 Damaratus&
710 1312 878 1365 quidem,
906 1309 1131 1364 Tarquinii,
1166 1308 1286 1348 nostri
1309 1308 1466 1360 regis⁷,
1501 1302 1624 1362 pater,
1660 1314 1792 1361 tyran-

284 1429 305 1462 6
329 1431 383 1462 Sic
394 1431 432 1461 R.
447 1431 481 1461 P.
495 1429 582 1460 Gud.
599 1428 626 1460 1.
644 1431 684 1460 Π.
696 1429 787 1459 Mon.
807 1428 833 1459 1.
853 1426 1085 1469 (Damaratus)
1111 1427 1202 1457 Mon.
1218 1425 1249 1456 2.
1269 1425 1375 1456 Marb.
1391 1424 1629 1466 (Damarathus)
1646 1423 1745 1455 Vind.
1757 1422 1789 1454 2.

231 1482 335 1518 quatt.
357 1477 437 1505 Oxx.
459 1474 539 1504 Ball.
561 1484 661 1515 marg.
686 1473 823 1505 Lambb.
847 1472 899 1503 ed.
921 1473 954 1503 P.
1002 1471 1066 1502 Sed
1088 1471 1129 1501 de
1153 1471 1232 1512 Rep.
1256 1471 1294 1500 Il.
1312 1467 1361 1500 19.
1384 1470 1416 1500 in
1441 1469 1656 1511 palimpsesto
1679 1471 1792 1500 Dema-

230 1524 319 1551 ratus
339 1519 496 1560 scriptum
516 1518 621 1549 videri
643 1524 757 1549 monet
775 1520 871 1556 Mos.,·
898 1520 952 1547 Or.
968 1528 993 1547 c.
1012 1516 1097 1557 vulg.
1111 1518 1197 1547 Dein.
1246 1513 1266 1546 7
1293 1514 1345 1545 Sic
1360 1515 1397 1545 R.
1415 1515 1449 1545 P.
1465 1514 1549 1544 Gud.
1570 1513 1597 1545 l.
1626 1515 1663 1544 ΙΙ.
1687 1513 1790 1544 Marb.

233 1564 330 1595 Vind.
350 1564 377 1595 1.
403 1564 493 1594 Mon.
512 1562 539 1593 1.
557 1562 609 1599 2.;
646 1564 699 1593 Or.
724 1574 751 1593 c.
773 1562 859 1603 vulg.
882 1563 963 1601 reyis
983 1563 1099 1599 nostri,
1124 1560 1229 1591 minus
1251 1559 1355 1597 bene,
1387 1558 1461 1601 quia
1484 1561 1661 1590 Romanum
1682 1569 1794 1599 regem

235 1607 375 1651 opponit
401 1606 591 1648 alienigenis
617 1606 836 1649 philosophis.

230 1687 407 1726 mentemst]
435 1684 488 1715 Sic
513 1686 566 1715 Or.
594 1684 709 1723 edidit,
734 1690 766 1715 et
790 1683 837 1715 sic
861 1683 992 1725 legitur,

1031 1694 1109 1714 vero
1133 1682 1254 1720 exsule,
1273 1681 1451 1724 ignominia
1471 1693 1548 1712 sane
1566 1688 1693 1713 notato.
1729 1680 1792 1712 Ni-

233 1730 290 1760 sed
315 1730 384 1760 sine
416 1729 551 1759 lacunae
576 1728 689 1770 signo,
725 1729 757 1758 in
795 1729 832 1759 R.
858 1730 891 1760 P.
918 1729 993 1759 Vat.

1029 1727 1206 1758 hilomiuus
1225 1739 1303 1769 ergo
1324 1726 1470 1757 exsilium
1493 1733 1541 1757 est
1561 1726 1691 1757 malum.
1726 1726 1794 1756 Re-

235 1775 330 1805 l<'abr.
356 1774 430 1804 trib.
455 1773 533 1803 Pall.
549 1774 634 1803 Gud.
652 1775 678 1804 l.
703 1773 769 1814 ibic
791 1775 872 1804 enim
896 1785 912 1803 a
931 1784 995 1803 see.

235 1831 276 1849 m.
300 1818 411 1856 habet)
437 1817 468 1847 b.
494 1820 524 1859 <a
545 1829 611 1848 sec.
629 1829 670 1848 m.
690 1824 767 1859 post
788 1819 911 1856 afficere
932 1817 995 1848 ha-

233 1864 289 1894 bet
311 1862 434 1902 polerit)
463 1862 548 1893 Gud.
573 1863 611 1893 H.
638 1862 704 1903 (hic
728 1864 770 1892 ad
797 1863 914 1901 efficere
936 1873 995 1903 pro

233 1908 363 1948 efficere)
392 1906 478 1938 Gud.
501 1910 532 1938 ¹3.
560 1906 671 1937 Duisb.
708 1908 800 1937 Mon.
828 1907 855 1938 1.
892 1906 996 1937 Marb.

235 1950 333 1983 Vind.
363 1952 398 1988 1.,
425 1962 530 1993 neque
554 1951 650 1982 aliter
673 1951 705 1981 in
732 1950 897 1982 nonnullis
920 1950 995 1982 edd.

235 2002 329 2033 vett„
355 1995 414 2026 sed
436 2003 598 2026 commate
619 2002 697 2037 post
715 1999 779 2027 sine
803 1995 915 2037 posito
929 2020 936 2033 ‚
963 2002 998 2026 ut

235 2040 351 2071 vocula
374 2043 437 2071 sine
455 2052 514 2081 pro
529 2040 630 2070 verbo
646 2040 796 2070 habenda
813 2040 855 2070 sit
870 2052 876 2070 :
902 2051 997 2082 quam

236 2084 398 2115 rationem
421 2091 669 2125 praeposteram
692 2096 761 2114 esse
782 2091 871 2114 recte
887 2091 998 2115 censet

238 2130 381 2166 Orellius,
399 2128 451 2168 qui
474 2128 558 2158 banc
580 2127 711 2169 quidem
731 2128 925 2169 scripturam
943 2140 998 2159 re—

235 2172 354 2210 tinuit,
393 2171 501 2202 deleta
535 2178 643 2202 tamen
675 2171 889 2203 distinctione
923 2179 999 2214 post

235 2219 309 2248 sine.
359 2216 462 2247 Codd.
482 2216 607 2258 aliquot
632 2223 665 2247 et
685 2216 806 2247 multae
829 2216 904 2247 edd.
919 2223 997 2247 vett.

236 2260 449 2303 praeferunt:
487 2265 519 2291 at
551 2254 631 2292 eiiim
655 2271 716 2292 ηοη
739 2263 803 2292 sine
827 2263 998 2299 iqnoniinia

237 2307 360 2345 afficere
383 2308 493 2344 polerit
515 2315 584 2344 sap.
635 2304 732 2336 Unde
757 2305 897 2336 &Vollius
930 2306 996 2336 sie:

237 2354 274 2381 At
298 2352 378 2380 enim
401 2360 462 2381 non
486 2352 550 2381 sine
572 2352 635 2389 iyn.
663 2374 668 2380 .
696 2374 703 2381 .
737 2352 793 2391 aff.
821 2352 918 2389 sap?
963 2352 999 2381 de

238 2404 307 2433 sap.
333 2401 395 2424 etc.
444 2394 573 2425 Paullus
599 2394 764 2425 Manutius
785 2395 872 2425 hunc
893 2395 998 2425 locum

239 2438 316 2468 satis
342 2438 557 2480 probabiliter
580 2439 627 2469 sie
647 2439 833 2480 supplevit:
861 2444 897 2470 At
919 2442 1000 2470 enim

239 2493 300 2513 ηοη
322 2485 453 2513 erimine
471 2486 655 2522 iynomz'nia.
689 2486 862 2523 Ignominia
878 2486 1001 2524 afficere

238 2529 348 2564 poterit
371 2530 568 2565 sapientem?
604 2529 673 2569 Ego
698 2528 828 2558 malim:
862 2531 897 2560 At
921 2531 1001 2559 enim

242 2572 386 2608 n.st1',qn.
411 2573 583 2610 Ignominia
597 2575 706 2611 polerit
722 2575 776 2612 aff.
790 2583 813 2605 s.
828 2576 842 2603 ἲ)
870 2573 902 2603 si
924 2583 1001 2603 vero

242 2613 397 2654 legimus:
434 2619 471 2645 Αι
490 2619 569 2646 enim
591 2619 655 2647 sine
675 2619 737 2656 igyn.
755 2637 788 2639 —
806 2620 929 2657 afficere
949 2627 1002 2649 sa-

240 2660 393 2697 pientem,
416 2658 480 2688 loci
502 2661 664 2691 sententia
688 2662 735 2691 sic
757 2662 913 2703 compleri
937 2673 1001 2703 po-

242 2702 341 2733 terit:
368 2704 404 2733 At
426 2705 505 2732 enim
526 2706 589 2734 sine
609 2707 789 2742 z'qnoiniiiiu.
828 2709 1002 2745 Iynominia

245 2749 324 2778 enim
347 2748 434 2778 nulla
457 2751 553 2785 potest
576 2750 698 2787 afficere
721 2753 909 2789 sapientem,
933 2757 1000 2787 aut,

246 2790 292 2822 uti
311 2792 443 2822 Wesenb.
469 2792 535 2821 Em.
562 2793 584 2821 Ι.
608 2803 639 2833 p.
657 2793 704 2824 17.
727 2794 807 2831 vult,
834 2798 869 2825 A!
890 2805 914 2825 e.
937 2797 1001 2826 s.i.

245 2838 292 2867 An
313 2839 408 2874 potest
428 2837 555 2866 exilium
574 2837 746 2874 ignominia
767 2841 821 2877 aff.
836 2848 859 2868 s.
873 2841 888 2869 ἲ)
915 2841 1001 2871 Orel-

245 2882 305 2911 lius
329 2879 415 2910 hunc
438 2879 546 2910 locum
567 2879 614 2910 sic
638 2880 810 2920 explanat:
852 2886 889 2912 At
915 2883 1001 2913 enim

246 2924 335 2955 nulla
350 2923 531 2968 'ignominia
545 2923 771 2955 afficiebantur
785 2927 999 2967 peregrinan—

247 2973 297 2999 tes
322 2968 373 2999 isti
400 2968 605 3011 philosophi,
639 2975 752 3000 contra
777 2980 873 3012 quam
895 2978 941 3001 est
967 2971 999 3002 in

1030 1772 1173 1814 spondet
1184 1772 1330 1803 Tullius:
1358 1771 1584 1813 Ignominiaue
1599 1770 1724 1813 poterit
1740 1782 1794 1801 ex-

1031 1817 1137 1847 silium
1158 1816 1292 1848 afficere
1312 1816 1505 1858 sapientem,
1533 1815 1658 1846 etiamsi
1682 1826 1795 1846 revera

1031 1862 1073 1892 sit
1090 1862 1189 1896 exsul,
1205 1873 1268 1892 non
1286 1860 1511 1902 peregrinetur
1527 1872 1585 1891 suo
1604 1860 1763 1890 arbitratu
1776 1859 1792 1889 ἶ)

1101 1907 1127 1947 §.
1151 1907 1221 1937 1015.
1257 1916 1335 1945 quae
1360 1908 1528 1945 sequuntur
1551 1908 1582 1936 in
1605 1906 1685 1945 vita]
1713 1904 1794 1934 Nis—

1032 1951 1140 1981 senius
1172 1960 1250 1989 qnae
1276 1961 1335 1992 pro
1365 1950 1552 1981 accusativo
1578 1949 1696 1985 habet;
1732 1960 1794 1990 ego

1033 1995 1179 2037 explico:
1206 2005 1284 2034 quae
1302 1997 1446 2026 accidunt
1470 1996 1501 2025 in
1519 1997 1603 2025 vita:
1629 2005 1724 2036 quam
1743 2005 1794 2024 ra-

1032 2040 1156 2071 tionem
1182 2039 1302 2080 probat
1328 2041 1446 2078 Moser,
1476 2050 1661 2080 quanquam
1688 2049 1795 2069 rarum

1034 2084 1213 2116 admodum
1237 2095 1305 2114 esse
1327 2084 1413 2114 hunc
1437 2095 1528 2114 usum
1552 2083 1662 2122 addit,
1689 2093 1795 2125 neque

1034 2140 1085 2170 ap.
1104 2128 1168 2159 Cic.
1184 2129 1291 2159 locum
1313 2128 1410 2170 plane
1422 2128 1560 2158 similem
1577 2127 1711 2170 reperiri
1725 2126 1793 2158 exi-

1033 2173 1153 2203 stimat.
1183 2173 1287 2210 Quem
1302 2184 1340 2202 ex
1356 2173 1493 2203 Caesare
1511 2174 1542 2202 Β.
1557 2173 1596 2203 G.
1612 2175 1643 2210 ¹2,
1658 2173 1700 2204 22
1713 2178 1794 2202 extr.

1035 2216 1146 2247 attulit
1179 2216 1308 2246 locum:
1350 2217 1463 2258 Itaque
1495 2217 1528 2246 in
1562 2223 1653 2247 tanta
1687 2227 1794 2246 rerum

1031 2261 1203 2303 iniquitate
1226 2261 1378 2291 fortunae
1405 2271 1533 2302 quoque
1555 2268 1690 2291 eventus
1716 2259 1795 2290 varii

1032 2308 1254 2345 sequebantur,
1278 2304 1304 2335 is
1329 2305 1451 2335 alienus
1473 2311 1532 2335 est.
1582 2306 1666 2335 Nam
1691 2314 1795 2344 seque-

1033 2353 1146 2381 bantur
1176 2349 1221 2380 ibi
1254 2356 1304 2380 est
1337 2360 1367 2381 se
1392 2352 1604 2389 excipiebant,
1641 2349 1687 2379 uti
1712 2349 1795 2379 bene

1035 2395 1274 2436 interpretatur
1298 2397 1478 2434 Herzoyius.

1101 2440 1326 2480 suppeditetur]
1355 2439 1407 2470 Sic
1426 2438 1540 2480 scripsi
1566 2444 1699 2469 auctore
1718 2439 1794 2468 Klo-

1033 2486 1092 2515 tzio
1117 2483 1148 2514 in
1175 2482 1260 2514 Add.
1285 2495 1314 2525 p.
1333 2484 1408 2515 205,
1433 2494 1471 2513 ex
1497 2485 1571 2514 Vat.
1598 2484 1630 2514 P.
1656 2481 1739 2513 Gud.
1767 2481 1794 2512 l.

1038 2528 1102 2559 Pal.
1128 2525 1158 2559 4.
1188 2528 1285 2558 Fabr.
1311 2527 1414 2559 Rehd.
1431 2528 1529 2558 Duisb
1553 2540 1558 2563 ς
1586 2527 1733 2569 proxime
1753 2525 1794 2556 ad

1036 2573 1121 2603 hanc
1154 2572 1349 2613 sem'pturam
1386 2571 1512 2602 accedit
1546 2573 1794 2610 suppeditantur,

1036 2616 1124 2659 quod
1149 2623 1197 2647 est
1216 2617 1249 2647 in
1265 2617 1349 2647 Gud.
1367 2618 1403 2649 11.
1417 2617 1447 2647 b.
1470 2618 1500 2658 (a
1522 2628 1571 2658 pr.
1584 2617 1638 2653 m.)
1653 2614 1748 2645 Vind.
1766 2615 1792 2645 l.

1037 2673 1101 2693 uno
1127 2664 1204 2697 Ox.;
1243 2661 1376 2703 pluralis
1411 2672 1448 2691 ex
1476 2658 1681 2702 praecedeuti
1706 2660 1792 2697 haec,

1036 2705 1122 2748 quod
1149 2717 1209 2748 pro
1234 2706 1350 2747 plurali
1372 2705 1570 2739 habebatur,
1597 2703 1694 2733 facile
1717 2701 1794 2733 oriri

1036 2750 1163 2792 potuit;
1197 2750 1236 2781 R.
1260 2761 1311 2791 ap.
1341 2752 1415 2781 Wes.
1442 2750 1509 2780 Em.
1537 2749 1575 2780 ll.
1598 2759 1628 2789 p.
1644 2748 1696 2779 oo.
1719 2757 1792 2786 sup-

1033 2790 1167 2834 peditel',
1203 2794 1223 2825 i.
1249 2806 1276 2825 e.
1308 2793 1554 2835 suppeditetur,
1592 2804 1643 2834 ap.
1667 2790 1790 2833 Tregd.

1034 2840 1230 2878 suppeditet,
1263 2838 1282 2869 i.
1308 2850 1334 2869 e.
1358 2838 1567 2876 suppeditent,
1593 2835 1681 2878 quod
1705 2847 1794 2867 non-

1036 2883 1114 2914 nulli
1137 2883 1233 2915 codd.
1256 2889 1289 2913 et
1313 2893 1423 2913 omnes
1448 2881 1517 2912 fere
1539 2881 1613 2912 edd.
1630 2886 1710 2911 vett.
1731 2880 1792 2910 ha-

1035 2928 1133 2965 bent3
1171 2929 1225 2958 Or.
1250 2938 1276 2958 c.
1297 2927 1378 2957 Dav.
1404 2925 1455 2956 ed.
1476 2926 1508 2957 2.
1533 2937 1551 2957 e
1574 2924 1657 2957 coni.
1677 2933 1790 2964 suppe-

1035 2973 1129 3004 ditet:
1164 2971 1250 3013 quod
1286 2969 1310 3001 si
1345 2969 1494 3002 codicum
1518 2969 1715 3002 auctoritate
1736 2967 1790 2999 ni-
