1863 3221
213 186 291 213 non
313 179 475 212 naturae
504 171 621 219 vitia,
662 168 729 208 sed
763 167 915 221 culpae.

213 245 371 300 copiose
390 244 495 284 licet.
527 241 631 282 Nam
657 247 696 281 et
715 240 776 294 qui
798 254 875 281 non
895 240 1089 290 levantur,
1113 239 1185 294 ipsi
1202 239 1247 279 ad
1268 253 1311 280 se
1328 240 1555 281 miseriam2
1582 240 1762 288 invitant,

778 89 938 120 1.1ssiaa
966 90 1021 120 itt
1045 88 1111 128 30,
1135 87 1188 120 7⁴.

976 164 1188 208 Stultitiam
1215 173 1342 207 autem
1371 181 1557 208 accusare
1588 166 1764 222 quamvis

216 325 253 359 et
278 317 339 371 qui
363 330 456 356 suos
481 328 594 355 casus
620 314 734 354 aliter
755 314 906 364 ferunt,
939 320 1053 367 atquc
1079 316 1152 353 ut³
1185 319 1364 353 auctores
1385 313 1471 354 aliis
1495 313 1567 368 ipsi
1594 315 1763 361 fuerunt,

217 405 293 431 non
319 396 409 430 sunt
431 387 679 439 vitiosiores,
714 401 826 441 quam
848 388 929 427 fere
950 386 1122 441 plerique
1137 417 1148 436 ,
1189 386 1252 440 qui
1279 386 1387 427 avari
1410 400 1549 427 avaros
1564 418 1574 437 ,
1617 386 1765 439 gloriae

216 464 373 518 cupidos
390 461 552 516 gloriosi
573 460 876 515 reprehendunt.
940 458 1013 499 Est
1033 459 1132 499 enim
1154 459 1349 514 proprium
1370 459 1571 510 stultitiae,
1605 458 1767 499 aliorum

217 537 311 577 vitia
344 548 531 586 cernere,
571 534 747 575 oblivisci
775 547 952 574 suorum.
1014 538 1082 574 74.
1128 530 1206 573 Sed
1237 532 1414 572 nimirum
1452 533 1524 572 hoc
1555 531 1767 572 maximum

217 616 278 650 est
295 608 605 667 egtperimentum
620 611 641 634 4
655 639 665 658 ,
699 621 814 661 quum
839 613 992 646 constet
1012 606 1292 660 aegritudinem
1313 612 1509 646 vetustate
1532 604 1636 657 tolli,
1667 604 1767 644 hanc

1663 676 1768 718 Nam

220 756 253 796 si
275 754 342 797 et⁶
363 756 497 795 eadem
522 768 585 794 res
606 761 687 804 est,
721 760 760 794 et
782 753 881 793 idem
907 760 967 793 est
992 753 1128 803 homo,
1163 751 1228 806 qui
1252 759 1378 807 potest
1402 752 1604 806 quicquam
1629 751 1675 791 de
1701 751 1769 790 do-

217 682 295 724 vim
314 697 393 723 non
418 695 506 723 esse
536 681 576 721 in
607 681 668 721 die
698 680 885 736 positam,
927 679 994 720 sed
1029 681 1067 719 in
1101 678 1335 732 cogitatione
1372 679 1602 718 diuturna5.

219 829 300 869 lore
322 828 486 878 mutari,
521 827 554 867 si
579 840 704 881 neque
727 827 772 866 de
797 840 866 877 eo,
900 833 1058 880 propter
1084 826 1181 879 quod
1208 825 1336 876 dolet,
1370 825 1572 879 quicquam
1603 831 1664 864 est
1685 838 1768 863 mu-

219 908 362 952 tatum,
405 914 530 954 neque
557 900 602 939 de
625 913 695 949 eo,
741 899 802 953 qui
842 899 972 938 dolet?
1032 896 1230 952 Cogitatio
1267 899 1384 952 igitur
1420 898 1625 948 diuturna,
1674 895 1766 937 nihil

219 987 307 1015 esse
338 973 377 1013 in
407 987 449 1013 re
480 972 593 1022 mali,
627 972 748 1019 dolori
780 972 979 1022 medetur,
1012 985 1088 1011 non
1120 971 1203 1025 ipsa
1234 971 1481 1010 diuturnitas.

329 1043 495 1085 XXXI.

559 1043 633 1084 Hic
666 1043 755 1083 mihi
787 1044 956 1084 afferunt
993 1043 1298 1084 mediocritates.
1363 1041 1475 1095 Quae
1506 1043 1539 1083 si
1572 1042 1769 1083 naturales

304 1157 325 1189 2
349 1169 378 1189 ν.
405 1156 489 1189 Adn.
537 1155 559 1188 3
584 1155 638 1187 Sic
656 1155 785 1198 plurimi
808 1155 904 1187 codd.
929 1163 963 1187 et
987 1155 1123 1198 optimi,
1148 1162 1184 1186 ut
1204 1155 1240 1186 R.
1264 1156 1298 1187 P.
1320 1155 1371 1192 b.;
1409 1154 1483 1186 edd.
1505 1161 1586 1187 vett.
1611 1155 1769 1199 plurimae

215 1207 306 1243 atque
329 1206 362 1234 ui
382 1205 454 1234 aliis
477 1205 583 1241 auct.,·
609 1202 646 1232 D.
669 1200 791 1232 delevit
811 1205 854 1232 ul.
901 1202 940 1232 V.
966 1201 1051 1232 Adn.
1097 1198 1118 1232 4
1143 1202 1262 1231 Omnes
1285 1200 1355 1231 fere
1380 1200 1497 1238 codd„
1524 1201 1622 1232 etiam
1641 1201 1769 1244 optimi,

217 1255 254 1279 ut
282 1249 320 1279 R.
344 1248 378 1279 P.
403 1248 476 1279 Vat.
504 1246 631 1288 Gryph.
657 1245 743 1276 Gud.
770 1245 798 1278 1.
822 1247 883 1284 IL,
919 1248 1164 1286 exprimendum.
1215 1245 1293 1275 Cum
1328 1245 1393 1276 hoc
1424 1245 1629 1277 librariorum
1659 1258 1770 1280 errore

216 1292 274 1324 Kl.
298 1303 405 1334 comp.
428 1291 628 1322 simillimum
650 1292 673 1322 Ι.
697 1288 758 1329 36,
785 1288 848 1333 88,
885 1291 937 1321 ubi
959 1293 1152 1331 arguendum
1174 1301 1234 1331 pro
1256 1294 1471 1331 arynmenium
1504 1291 1661 1334 scriptum
1689 1299 1771 1324 erat.

216 1338 237 1369 5
263 1338 303 1369 Et
325 1337 399 1374 hic3
436 1342 469 1367 et
490 1336 600 1378 paullo
634 1342 710 1378 post
733 1335 765 1367 in
790 1335 937 1378 plurimis
961 1335 1057 1367 codd.
1074 1360 1081 1373 ,
1115 1334 1211 1366 etiam
1238 1335 1369 1377 optimis
1398 1337 1433 1366 R.
1459 1337 1492 1366 Ρ.
1518 1337 1593 1367 Vat.
1619 1337 1703 1369 Gud.
1724 1337 1768 1378 1.,

217 1384 353 1421 diurna,
388 1380 552 1423 frequenti
574 1381 836 1422 permutatione,
873 1380 914 1411 de
938 1391 999 1423 qua
1028 1382 1104 1411 Mos.
1133 1379 1244 1410 laudat
1277 1380 1441 1410 Drakenb.
1467 1380 1508 1411 ad
1532 1381 1604 1413 Liv.
1625 1381 1689 1421 28,
1713 1381 1769 1414 24.

217 1439 250 1469 p.
271 1424 350 1458 886.
375 1427 498 1466 Stuttg.
554 1423 575 1456 6
604 1426 659 1457 Tr.
687 1436 713 1456 c.
736 1425 773 1455 R.
802 1425 836 1455 P.
860 1426 951 1456 Mon.
974 1424 1005 1455 2.
1039 1432 1072 1455 et
1104 1424 1213 1455 multis
1249 1425 1324 1455 edd.
1360 1430 1441 1456 vett.
1463 1436 1528 1456 om.
1552 1430 1588 1457 et.
1637 1427 1688 1469 (R.
1714 1439 1768 1470 ap.

217 1472 310 1503 Wes.
335 1472 374 1502 11.
396 1482 428 1513 p.
448 1469 503 1501 4-1».
527 1470 628 1500 habet
651 1481 677 1500 0.
704 1468 835 1512 reliquis
859 1469 956 1501 codd.
981 1470 1033 1512 et.)
1082 1470 1122 1500 V.
1143 1471 1217 1500 Var.
1244 1472 1312 1500 Ser.
1341 1481 1367 1501 c.
1392 1468 1440 1509 17,
1466 1468 1522 1502 37.

217 1536 329 1571 Lexic.
342 1536 489 1568 Ciceron.
504 1536 536 1568 h.
551 1548 583 1567 v.
618 1538 758 1568 Menhius
774 1536 807 1567 iu
820 1536 976 1568 Observv.

217 1581 304 1614 ined.
331 1593 437 1624 comp.
461 1593 510 1624 pr.
537 1582 631 1613 Rosc.
656 1584 728 1612 Am.
752 1580 814 1620 29,
839 1582 893 1614 82.

282 1659 343 1681 non
365 1653 497 1680 naturae
520 1650 618 1687 viiia,
653 1649 706 1679 sed
729 1648 852 1691 culpae]
886 1648 977 1680 infra

217 1695 274 1726 IV,
297 1694 350 1731 37,
373 1692 432 1726 81:
469 1693 531 1731 Qui
551 1700 660 1723 autem
683 1703 744 1724 non
761 1697 895 1733 natura,
919 1693 977 1724 sed

216 1741 310 1778 culpa
338 1740 439 1769 vitiosi
471 1749 541 1768 esse
575 1737 737 1768 dicuntur.
794 1738 869 1769 Hoc
902 1738 977 1769 loco

215 1782 405 1814 dissolvitur
428 1782 580 1813 Lambini
603 1781 811 1822 coniectura,
837 1782 891 1825 qui
916 1794 977 1825 pro

215 1829 325 1867 culpae
360 1827 587 1869 reponendum
626 1827 781 1858 censebat
818 1830 976 1859 stultitiae.

217 1873 393 1904 Praeterea
416 1875 564 1904 Davisius
597 1871 708 1903 attulit
740 1873 904 1903 Donatum
936 1872 977 1903 ad

216 1918 294 1950 Ter.
320 1917 440 1960 Hecyr.
468 1918 507 1948 ll.
538 1916 573 1953 1,
601 1917 664 1949 31:
705 1916 845 1948 Videtur
878 1928 977 1948 unum

215 1961 334 1992 dixisse
358 1972 450 2001 opera
473 1968 505 1992 et
525 1964 629 2001 culpa,
653 1967 685 1992 et
707 1968 817 1993 tamen
838 1973 904 1993 non
929 1969 978 1993 est

216 2006 314 2037 idem.
362 2009 463 2045 Opera
490 2006 576 2036 enim
599 2012 665 2043 cst,
694 2006 720 2036 si
743 2006 883 2038 scientes
904 2007 976 2037 lae—

216 2050 333 2087 simus,
360 2053 464 2089 culpa,
488 2049 513 2079 si
536 2049 738 2081 nescientes:
765 2062 903 2092 quorum
925 2052 976 2082 al-

216 2100 321 2125 terum
346 2096 485 2133 sceleris,
510 2093 648 2124 alterum
671 2097 817 2126 stultitiae
842 2103 901 2126 est.

283 2151 426 2189 quamvis
445 2150 577 2190 copiose]
617 2149 656 2179 H.
680 2160 707 2180 e.
735 2149 786 2181 vel
813 2150 975 2192 copiosis—

217 2194 308 2225 sime.
357 2195 395 2225 V.
422 2193 586 2224 Adnotata
610 2193 642 2224 in
668 2196 691 2225 Ῐ.
716 2194 776 2232 21,
801 2193 854 2228 47.

277 2252 338 2289 ipsi
361 2250 404 2280 ad
424 2259 454 2280 se
479 2252 635 2281 miseriam
655 2250 801 2292 invitant]
834 2250 889 2282 Sic
911 2253 976 2282 Da-

214 2296 311 2325 visius
329 2305 367 2325 ex
388 2293 500 2325 Ursini
520 2294 593 2327 cod.
615 2301 647 2325 et
667 2295 714 2326 sic
734 2296 825 2326 Mon.
841 2295 892 2333 2.;
917 2295 976 2327 sed

216 2338 302 2370 idem
323 2338 355 2369 in
378 2338 429 2369 ed.
446 2340 473 2370 1.
495 2338 670 2381 legendum
689 2340 889 2382 suspicatur:
918 2343 977 2380 ipsi

215 2393 253 2415 se
275 2385 317 2414 ad
333 2393 374 2414 m.
389 2386 451 2414 inv.
463 2394 473 2414 .·
497 2384 586 2426 quod
606 2384 704 2415 etiam
722 2387 854 2417 tt‘esenb.
869 2386 938 2417 Em.
950 2387 976 2416 I.

217 2440 248 2469 p.
268 2427 316 2460 17.
342 2427 514 2469 probavit3
552 2435 602 2459 est
624 2441 703 2460 sane
733 2430 864 2471 elegans
891 2441 974 2462 con—

214 2472 357 2507 iectura3
387 2483 460 2502 nam
483 2483 513 2503 se
539 2473 635 2504 facilc
659 2474 701 2505 ob
725 2474 975 2506 antecedentem

214 2515 372 2557 syllabam
395 2519 421 2546 si
442 2518 591 2548 excidere
614 2519 741 2560 potuit:
768 2519 856 2550 cuius
880 2531 975 2551 erro-

214 2560 257 2591 ris
281 2559 313 2590 in
338 2560 520 2602 archetypo
544 2563 646 2594 multa
670 2564 817 2606 exempla
842 2564 976 2606 collegit

218 2606 294 2636 Wes.
319 2603 342 2636 1.
366 2603 416 2639 d.;
452 2605 515 2635 huc
543 2608 686 2646 accedit,
722 2609 811 2650 quod
844 2609 975 2651 plurimi

216 2648 336 2685 codd.,
372 2648 467 2679 otiam
498 2649 533 2679 R.
558 2652 591 2680 P.
616 2653 692 2683 Vnt.
716 2653 801 2685 Gud.
826 2656 853 2685 1.
874 2655 914 2684 Il.
941 2654 973 2685 b.

214 2693 336 2725 habent
360 2696 420 2732 ipsi
441 2695 482 2724 acl
504 2696 682 2735 viiseriom;
716 2698 758 2728 cs.
784 2709 810 2728 c.
830 2696 883 2735 34,
909 2698 971 2730 1⁸52:

215 2737 304 2780 quod
333 2737 530 2779 (aegritudo)
567 2750 630 2769 uon
656 2747 770 2772 natura
796 2743 971 2782 exoriatur,

214 2782 272 2813 sed
294 2782 434 2820 iudicio,
468 2782 526 2813 sed
549 2783 723 2825 opinione,
752 2786 810 2816 sed
834 2788 972 2828 quadam

214 2829 392 2859 invitatione
418 2829 474 2870 (sc.
502 2828 562 2869 sui)
589 2828 628 2858 ad
650 2828 848 2869 dolendum,
874 2843 971 2874 quum

212 2871 245 2902 id
270 2871 510 2903 decreverimus
532 2871 577 2904 ita
600 2873 669 2904 fieri
699 2880 866 2916 oportere.
913 2877 969 2908 W.

213 2915 264 2948 ed.
283 2917 309 2948 1.
334 2923 365 2948 et
389 2918 444 2949 Tr.
468 2915 640 2949 ediderunt
660 2920 719 2957 ipsi
743 2921 864 2953 miser.,·
891 2922 969 2962 Aug.

1014 1535 1111 1568 Vind.
1129 1536 1156 1568 1.
1175 1542 1208 1567 et
1230 1536 1404 1579 pleraeque
1422 1536 1496 1568 edd.
1513 1543 1592 1570 vett.
1612 1540 1674 1577 ipsi
1693 1540 1771 1570 alios

1013 1583 1056 1612 ad
1078 1584 1145 1612 mis.
1159 1604 1168 1619 ,
1193 1589 1396 1623 repugnante
1422 1581 1486 1612 loci
1507 1582 1682 1615 sententia.

1080 1628 1188 1666 aliter,
1221 1630 1311 1665 atque
1334 1628 1380 1668 ut]
1415 1628 1573 1658 Nissenius
1604 1634 1773 1670 comparat

1015 1669 1080 1701 Cic.
1103 1671 1195 1702 Verr.
1219 1672 1257 1702 Il.
1284 1673 1310 1707 1,
1336 1669 1388 1709 46,
1416 1671 1493 1703 119:
1519 1671 1607 1714 quod
1627 1671 1689 1704 iste
1712 1675 1772 1704 ali-

1011 1719 1066 1755 ter,
1091 1719 1181 1755 atque
1203 1719 1234 1746 ui
1258 1715 1422 1754 edixerat,
1448 1715 1657 1748 decrevisset.
1697 1718 1769 1748 Fin.

1013 1761 1053 1790 11.
1076 1759 1115 1796 6,
1146 1760 1202 1792 ts:
1239 1760 1272 1791 Si
1304 1761 1405 1802 magis
1430 1760 1576 1802 placeret
1598 1772 1657 1793 suo
1680 1773 1772 1794 more

1011 1804 1109 1847 loqui,
1135 1815 1229 1844 quam
1250 1809 1283 1836 ut
1305 1816 1418 1836 omnes
1443 1806 1555 1837 Danai.
1591 1809 1690 1839 Moser
1710 1807 1772 1839 ad-

1011 1856 1110 1881 vocat
1133 1850 1307 1880 Forcelliu.
1333 1850 1384 1881 ed.
1408 1861 1483 1882 nov.
1509 1851 1619 1882 Germ.
1644 1863 1676 1894 p.
1693 1852 1770 1884 271.

1011 1906 1060 1933 a.,
1087 1894 1140 1925 ubi
1163 1894 1284 1925 similes
1307 1901 1422 1926 nostro
1445 1894 1610 1926 Ciceronis
1629 1895 1695 1928 loci
1715 1896 1771 1928 as—

1012 1940 1172 1970 seruntur.
1211 1941 1356 1971 Handius
1378 1940 1419 1971 ad
1439 1940 1624 1982 Wopkens.
1647 1952 1679 1983 p.
1695 1940 1770 1974 119.

1012 1984 1108 2015 atl'ert
1131 1984 1172 2015 ad
1196 1985 1294 2016 Attic.
1316 1985 1408 2023 XVI,
1435 1984 1503 2023 13„
1530 1985 1584 2016 ubi
1608 1985 1655 2016 sic
1680 1985 1770 2017 anti-

1012 2041 1106 2071 quam
1126 2029 1320 2071 scripturam
1342 2029 1576 2061 restituendam
1596 2036 1707 2072 putat:
1733 2032 1772 2062 de

1010 2076 1133 2105 Antonii
1156 2077 1315 2105 itineribus
1342 2077 1442 2106 nescio
1465 2077 1540 2114 quid
1563 2078 1653 2106 aliter
1676 2077 1772 2107 audio

1011 2122 1101 2157 alque
1133 2122 1165 2149 ut
1195 2121 1237 2149 acl
1269 2123 1295 2149 te
1317 2122 1496 2150 scribebam.
1555 2120 1605 2152 Cf.
1630 2120 1771 2151 eundem

1011 2161 1043 2191 in
1071 2164 1164 2194 Turs.
1190 2164 1214 2193 Ι.
1252 2174 1281 2204 p.
1307 2164 1382 2195 269.
1433 2164 1567 2205 Proprie
1599 2171 1668 2195 est:
1707 2167 1769 2196 alio

1010 2208 1121 2246 modo,
1145 2210 1235 2246 alque
1259 2217 1292 2238 eo
1314 2209 1424 2246 modo,
1456 2218 1515 2247 quo
1538 2212 1676 2240 auclores
1699 2211 1771 2240 aliis

1008 2253 1068 2289 ipsi
1091 2253 1224 2291 fuerunt.
1270 2251 1429 2283 Voculam
1460 2256 1492 2283 ut
1525 2252 1654 2284 exulare
1677 2252 1770 2284 iussit

1009 2295 1187 2327 Ernestius.

1079 2342 1107 2383 ξ.
1133 2338 1184 2373 7-1.
1223 2343 1387 2383 nimirum]
1411 2342 1453 2373 H.
1469 2353 1496 2373 e.
1518 2341 1586 2373 noli
1607 2341 1767 2374 dubitare.

1009 2385 1048 2416 V.
1075 2384 1242 2416 Adnotata
1265 2385 1296 2416 in
1324 2387 1348 2417 J.
1372 2386 1435 2425 22,
1460 2386 1513 2417 5⁴2.

1078 2432 1108 2461 in
1131 2430 1193 2473 die]
1231 2431 1271 2462 H.
1294 2442 1321 2463 e.
1356 2430 1388 2461 in
1413 2430 1651 2474 longinquitate
1680 2438 1770 2463 tem-

1010 2474 1110 2516 poriS.
1157 2476 1211 2506 Sic
1236 2487 1306 2518 cap.
1330 2474 1381 2513 16,
1404 2475 1465 2508 35:
1491 2475 1712 2518 longinquitas
1734 2481 1768 2506 et

1009 2521 1084 2550 dics.
1135 2531 1159 2552 0.
1182 2520 1235 2557 22,
1258 2520 1319 2552 53:
1346 2519 1435 2562 quod
1456 2520 1503 2550 ita
1527 2531 1596 2551 esse
1618 2523 1683 2552 dies
1703 2519 1767 2551 de-

1010 2564 1122 2602 clarat,
1147 2574 1225 2604 quae
1248 2564 1427 2607 procedens
1450 2564 1495 2595 ita
1517 2564 1647 2606 mitigat
1669 2570 1768 2597 cett.:

1009 2619 1026 2639 e
1049 2620 1112 2651 quo
1136 2609 1212 2640 loco
1233 2615 1388 2651 apparet,
1415 2620 1530 2640 vocem
1552 2611 1614 2640 diei
1634 2608 1698 2640 hoc
1720 2608 1769 2639 si—

1008 2653 1163 2694 gnificatu
1198 2653 1346 2685 feminini
1379 2652 1507 2694 generis
1540 2664 1621 2686 esse.
1676 2653 1768 2686 Infra

1009 2699 1064 2729 1V.
1094 2699 1143 2737 17,
1169 2697 1228 2730 39:
1267 2698 1320 2741 qui
1354 2697 1380 2728 si
1412 2708 1502 2729 error
1532 2697 1642 2728 stultis
1670 2704 1766 2729 exte-

1007 2749 1125 2774 nuetur
1149 2745 1208 2774 die.

1079 2787 1156 2819 CAP.
1172 2787 1306 2818 XXXI.
1330 2788 1387 2818 Hic
1408 2788 1484 2818 mihi
1503 2786 1651 2830 afferunt]
1673 2787 1767 2819 Pen'-

1005 2832 1142 2873 patetici
1166 2831 1252 2862 enim
1276 2830 1374 2863 animi
1402 2831 1687 2873 perturbationum
1710 2837 1767 2864 at-

1006 2888 1069 2918 que
1101 2877 1147 2908 ita
1180 2875 1392 2918 aegritudinis
1415 2875 1678 2908 mediocritatem
1701 2876 1766 2908 ad-

1005 2921 1090 2952 mitti
1110 2920 1265 2952 volebant
1289 2921 1331 2963 (v.
1353 2931 1449 2962 supra
1471 2932 1498 2952 c.
1519 2919 1570 2960 16,
1589 2921 1674 2963 22),
1699 2921 1764 2953 do—
