1863 3221
226 103 307 145 204

485 191 673 240 Lecctzfica
703 190 827 226 eludes
856 191 986 226 nestro

818 109 979 140 LIBER
1005 108 1045 139 11.
1074 107 1132 147 11,
1157 106 1210 141 26.

1017 188 1138 238 z'lgfiau
1168 195 1226 225 est
1255 191 1421 238 corpori,

484 264 519 300 Ε
536 265 553 288 ⁹
588 265 659 312 qu&
691 262 855 312 liquatae
882 261 975 298 Sulis
1005 262 1142 298 ardore
1172 261 1352 298 &accedunt

485 336 640 380 Guttae,
674 348 769 385 quae
797 347 893 372 saxa
923 335 1076 371 assidue
1107 334 1299 371 instillant
1326 335 1498 372 Caucasi.

336 404 413 447 ΧΙ.

226 487 288 531 et,
331 481 362 520 si
395 480 495 519 hunc
527 479 733 530 miserum,
777 486 884 519 certe
916 479 1089 518 dolorem
1121 478 1279 518 malum.

225 554 347 593 adhuc
372 567 493 592 meam
518 566 694 592 caussam
724 552 819 605 agis.

923 624 988 664 M.

225 628 391 667 versus?
430 640 505 666 non
539 625 640 666 enim
671 639 859 679 agnosco.

883 549 962 592 Sed
987 551 1059 591 hoc
1087 565 1179 590 mox
1203 550 1356 592 videro.

478 405 558 446 Vix
581 406 699 460 igitur
720 419 834 459 posse
859 405 1034 446 videmur
1060 405 1112 444 ita
1142 405 1321 444 affectum
1344 419 1420 445 non
1445 406 1628 446 miserum
1652 406 1781 447 dicere

1351 483 1420 518 26.
1454 479 1507 518 A.
1538 477 1602 519 Tu
1632 479 1781 532 quidem

1417 549 1572 592 luterea
1594 552 1696 592 unde
1719 552 1782 592 isti

1024 623 1161 664 Dicam
1193 623 1337 664 hercle.
1399 622 1556 664 Etenim
1582 632 1690 664 recte
1722 638 1783 665 re-

315 736 337 770 9
361 738 415 770 Sic
441 740 494 771 Or.
518 750 545 770 c.
572 737 657 769 Gud.
677 739 718 769 11.
739 736 771 769 2.
801 740 881 780 Aug.
902 736 1006 768 Rehd.
1031 737 1120 767 Mon.
1148 736 1175 767 1.
1197 734 1229 767 2.
1258 735 1401 768 Viud.1.
1424 734 1457 767 2.
1482 735 1587 768 Marb.
1613 747 1673 779 pro
1696 735 1781 778 vulg.

226 792 264 816 eoe
286 794 365 824 quo:
390 783 478 826 quod
501 783 600 814 etiarn
624 784 661 814 R.
686 794 738 825 ap.
760 782 850 814 WeS.
877 781 986 814 habet.

293 853 320 882 Ε
344 852 417 891 quo]
453 850 528 881 Scil.
567 860 716 892 corpore.
766 850 922 880 Turnebus
952 848 984 879 in

227 894 418 927 Adversarr.
456 896 497 925 11.
521 894 552 926 9.
588 906 619 936 p.
653 893 700 926 17.
738 899 985 930 commemorat,

227 940 405 982 scriptores
419 939 563 970 Graecos
576 950 615 970 ex
628 938 684 969 illa
697 938 886 969 Promethei
896 938 986 968 sanie

227 985 306 1017 oriri
329 984 459 1015 tradere
482 983 616 1015 herbam
641 982 838 1014 medjcatam
868 989 902 1013 et
926 993 987 1013 ve-

227 1029 351 1060 neficiis
367 1036 487 1071 aptam,
502 1039 564 1070 qua
580 1034 711 1058 unctum
728 1039 746 1058 a
761 1027 878 1058 Medea
893 1028 986 1058 Iaso-

225 1085 301 1104 nem
323 1073 452 1104 ssamma
486 1079 653 1103 taurorum
686 1071 875 1113 aeripedum
907 1071 987 1102 nihil

227 1118 328 1149 fuisse
353 1117 494 1154 laesum,
521 1128 582 1147 nec
605 1116 681 1147 satis
704 1115 809 1159 Hydri
834 1115 986 1146 dentibus

225 1162 461 1204 terrigenarum
483 1162 572 1192 ferro
597 1160 775 1197 violatum;
800 1160 899 1192 etiam
924 1162 987 1191 Se·-

226 1218 341 1238 necam
375 1206 408 1237 in
444 1205 562 1237 Medea
586 1205 651 1238 705
667 1216 715 1248 sq.
739 1205 822 1237 haec
843 1205 985 1236 habere:

228 1253 318 1291 Quae
344 1251 409 1282 sert
433 1250 556 1293 opertis
581 1250 699 1292 hyeme
722 1256 881 1292 perpetua
904 1249 986 1291 iugis

226 1299 363 1339 Sparsus
388 1305 494 1327 cruore
518 1295 678 1326 Caucasus
695 1296 875 1326 Promethei.
924 1293 986 1325 Alii

225 1341 340 1382 legunt
363 1350 400 1372 ex
424 1350 483 1380 quo
509 1346 541 1371 et
566 1339 731 1381 explicant
764 1339 805 1370 de
837 1346 987 1381 tempore

227 1385 393 1429 (seitdem).
441 1384 536 1415 Male.

297 1430 373 1460 CAP.
397 1430 460 1460 XI.
486 1432 514 1471 ς.
529 1427 582 1460 26.
609 1430 670 1460 Sed
694 1430 749 1460 hoc-
771 1438 844 1459 mooe
864 1428 983 1469 videro]

228 1475 301 1506 Fin.
322 1475 362 1505 V.
384 1474 441 1514 21,
459 1474 520 1505 60:
547 1484 693 1515 quaeque
714 1473 869 1514 cuiusque
890 1472 937 1503 vis
954 1479 987 1503 et

227 1526 345 1551 natura
368 1517 428 1555 sit,
454 1528 527 1549 mox
545 1520 725 1549 videbimus.
758 1517 800 1549 ad
821 1517 908 1549 Fam.
931 1518 985 1550 111.

228 1563 260 1602 9,
283 1567 323 1597 ὃς
349 1574 461 1595 verum
485 1563 566 1594 haec
586 1564 766 1594 videbimus.
792 1561 834 1593 ad
857 1565 922 1593 Att.
939 1563 986 1593 X.

229 1609 269 1647 7,
302 1612 335 1641 1:
379 1607 442 1638 Sed
469 1607 509 1638 de
534 1608 598 1638 hoc
620 1609 803 1639 videbimus.
836 1606 878 1638 ib.
906 1608 985 1637 Xll.

227 1653 289 1692 34,
316 1654 353 1685 2:
390 1652 513 1690 Quibus
537 1652 578 1682 de
601 1651 695 1682 rebus
718 1651 759 1682 ad
780 1664 833 1682 me
850 1651 986 1693 scripsi—

226 1698 280 1737 sti,
296 1696 449 1740 quoniam
465 1697 534 1739 ipse
551 1696 658 1733 venio,
679 1707 787 1727 coram
803 1698 985 1728 videbimus.

230 1742 352 1774 Contra
375 1742 436 1773 fut.
459 1753 508 1773 ex.
532 1741 619 1772 infra
639 1742 678 1772 V.
704 1741 734 1775 7,
757 1742 817 1772 20:
853 1740 917 1771 Sed
940 1742 986 1771 vi-

225 1789 319 1827 dero,
342 1785 421 1829 qnid
443 1786 584 1821 efficiatx,
620 1788 769 1825 tantisper
793 1785 858 1816 hoc
880 1785 987 1826 ipsum

225 1831 337 1873 magni
362 1830 500 1868 faciam,
527 1830 615 1873 quod
639 1830 824 1872 pollicetur.
867 1829 907 1860 de
933 1831 986 1860 Or.

226 1877 282 1907 111.
310 1877 358 1914 10,
383 1876 445 1909 37:
473 1887 546 1906 nam
571 1874 612 1905 de
634 1875 764 1905 actione
785 1878 853 1914 post
871 1876 986 1906 videro.

225 1921 327 1952 Acad.
358 1922 397 1952 11.
422 1918 484 1955 24,
512 1919 574 1952 70¹:
616 1919 693 1961 quid
728 1919 897 1950 inventum
931 1918 986 1959 sit,

224 1967 332 2005 paullo
353 1970 422 2005 post
445 1966 562 1995 videro.
608 1964 651 1995 ib.
677 1962 738 2000 44,
769 1963 850 1996 135:
885 1970 985 2001 recte,

226 2021 372 2047 secusne,
397 2011 479 2040 alins
499 2010 678 2039 viderimus.
704 2008 775 2039 Fin.
801 2009 822 2038 1.
851 2008 900 2045 10,
924 2008 985 2039 3Σ);

227 2065 311 2097 quae
334 2053 433 2084 fuerit
456 2064 576 2087 caussa,
598 2062 672 2083 7110oe
690 2054 807 2083 videro.
842 2053 944 2093 Legg.
960 2052 986 2082 Ι.

227 2099 265 2130 21
285 2110 290 2128 :
318 2097 368 2128 cni
382 2104 491 2127 tamen
515 2107 576 2137 ego
599 2096 758 2126 assentiar
776 2096 807 2126 in
826 2096 986 2133 omnibus,

228 2153 354 2179 necne,
390 2152 464 2172 mox
494 2142 610 2172 videro.
669 2140 744 2170 Hoc
776 2142 881 2171 videro
907 2139 988 2170 dicit

229 2188 351 2218 Cortius
383 2185 424 2216 nd
451 2185 516 2216 Cic.
541 2196 616 2227 epp.
651 2185 729 2215 fam.
754 2185 809 2221 IV,
840 2185 888 2215 12.
919 2195 988 2214 esse

228 2230 418 2273 seponentis
452 2229 594 2271 aliquid,
634 2236 789 2271 tanquam
813 2228 903 2271 quod
933 2228 986 2259 vix

228 2286 347 2317 operae
380 2274 519 2317 pretium
544 2274 586 2304 sit
609 2273 796 2315 diligentius
822 2279 985 2309 excutere,

229 2319 286 2350 sed
319 2319 436 2350 leviter
463 2326 495 2349 et
521 2318 672 2350 celeriter
696 2329 884 2360 percurrere
908 2317 987 2348 satis

226 2363 280 2396 sit.
329 2365 421 2402 Quae
444 2362 576 2406 quidem
597 2362 759 2394 sententia
785 2362 883 2393 etiam
908 2365 985 2402 Aug.

228 2411 394 2441 IlIallhiaeo
414 2409 445 2439 in
464 2408 659 2439 Vennischt.
674 2407 841 2438 Schriften
857 2407 986 2438 Altenb.

232 2453 325 2485 1853.
348 2465 381 2494 p.
395 2453 448 2486 78.
472 2452 772 2494 recentioribusque
794 2451 987 2494 grammati-

230 2496 274 2528 cis
305 2497 474 2538 probatur.
524 2498 707 2539 Usurpatur
740 2497 822 2528 haec
846 2496 987 2528 formula

228 2541 261 2572 in
285 2552 320 2571 re
345 2541 527 2572 dill'erenda
553 2548 585 2572 et
610 2542 641 2572 in
665 2541 753 2572 aliud
777 2548 906 2583 tempus
930 2553 986 2572 re-

226 2585 388 2621 iicienda3
414 2597 444 2616 V.
470 2588 608 2625 Madviy.
633 2588 750 2627 Opusc.
775 2586 866 2617 acad.
892 2598 925 2628 p.
943 2587 987 2618 &S

228 2641 297 2673 sq.;
331 2629 417 2672 apud
441 2631 603 2665 comicos.
630 2630 779 2661 Plautum
804 2637 837 2661 et
856 2632 987 2663 Teren-

227 2675 318 2713 tium,
343 2675 398 2705 hie
418 2674 518 2705 fut-ni
546 2674 649 2704 exacti
673 2686 745 2705 usus
769 2675 863 2706 latius
888 2682 985 2717 pate-

227 2720 296 2758 bat,
320 2718 379 2750 sed
399 2719 486 2761 apud
502 2718 689 2760 posterioris
711 2720 826 2750 aetatis
846 2721 986 2762 scripto-

228 2776 280 2797 res
302 2775 368 2795 uno
385 2764 454 2795 fere
478 2763 579 2793 verbo
603 2764 707 2794 videro
726 2764 920 2801 continetur,
937 2777 986 2795 ra-

228 2809 356 2842 rissime
381 2807 508 2849 longius
536 2813 700 2847 evagatur,
728 2814 762 2837 ut
786 2808 872 2839 infra
896 2810 936 2840 V.
954 2807 986 2846 4,

231 2853 292 2886 10:
319 2853 407 2885 cuius
428 2852 469 2884 de
484 2852 655 2893 disciplina
678 2854 766 2883 aliud
789 2856 907 2891 tempus
923 2855 988 2893 fue-

228 2901 268 2930 rit
290 2898 431 2930 fortasse
452 2896 583 2928 dicendi
607 2898 664 2938 (τε
684 2895 762 2927 alias
787 2896 987 2938 viderimus),

230 2954 260 2974 v.
281 2944 389 2975 Madv.
413 2954 446 2985 p.
459 2940 513 2975 96.
561 2943 604 2973 At
626 2951 721 2983 quam
756 2940 931 2973 celeritatis
955 2948 989 2973 et

1035 782 1073 814 V.
1096 780 1182 812 Adn.

1022 846 1239 879 festinationis
1262 847 1337 879 huic
1361 847 1472 879 futuro
1494 853 1612 879 exacto
1634 846 1783 878 tribuunt

1020 892 1097 930 vim,
1123 903 1159 923 ea
1182 892 1214 923 in
1237 891 1310 934 ipso
1333 891 1398 923 hoc
1423 898 1573 935 tempore
1593 902 1660 923 non
1684 891 1780 923 inest.

1022 938 1130 976 Quare
1154 948 1252 979 quum
1285 936 1361 967 huic
1383 939 1488 969 videro
1519 935 1676 968 adverbia
1699 947 1783 975 mox,

1018 985 1106 1021 post,
1130 984 1212 1013 alias
1235 981 1389 1012 adiuncta
1409 981 1493 1020 sint,
1530 981 1583 1012 vel
1607 981 1724 1011 saltem
1748 981 1780 1011 in

1020 1032 1093 1056 tota
1115 1025 1265 1057 oratione
1281 1025 1403 1067 aliquid
1424 1025 1536 1063 lateat,
1563 1025 1652 1068 quod
1668 1025 1710 1056 ad
1730 1025 1781 1056 al·-

1020 1077 1126 1101 teram
1159 1070 1261 1101 iutnn'
1292 1069 1452 1111 temporis
1485 1069 1650 1101 actionem
1674 1069 1779 1111 respi-

1022 1114 1106 1151 ciat;
1132 1114 1220 1146 hunc
1235 1114 1336 1146 futuri
1358 1114 1463 1145 exacti
1480 1125 1572 1145 usum
1589 1113 1631 1146 ad
1646 1114 1782 1145 eandem

1021 1158 1242 1190 revocandum
1265 1158 1408 1190 arbitror
1431 1159 1614 1195 rationem,
1642 1170 1703 1201 qua
1726 1159 1781 1190 fn-

1021 1210 1130 1235 turum
1154 1210 1304 1236 exactum
1329 1210 1362 1235 et
1384 1203 1418 1234 in
1443 1203 1567 1246 protasi
1591 1210 1623 1234 et
1646 1203 1678 1234 in
1696 1215 1781 1245 apo-

1023 1248 1095 1280 dosi
1130 1256 1292 1290 ponatur,
1336 1256 1372 1279 ut
1395 1247 1516 1290 duplex
1551 1248 1638 1280 actio
1666 1248 1784 1279 eodem

1021 1293 1180 1335 temporis
1204 1300 1329 1335 puncto
1351 1293 1460 1324 futura
1486 1304 1556 1324 esse
1585 1292 1713 1324 dicatur
1739 1295 1782 1335 (v.

1022 1349 1082 1369 nos
1106 1337 1139 1368 in
1166 1338 1222 1369 Gr.
1249 1339 1286 1370 L.
1310 1337 1427 1380 §.102
1452 1338 1531 1369 Not.
1554 1338 1604 1369 11.
1631 1343 1665 1368 et
1687 1349 1785 1380 supra

1021 1381 1064 1413 ad
1090 1383 1112 1412 1.
1141 1382 1194 1421 30,
1220 1380 1302 1421 734.)-
1355 1383 1465 1424 ltaque
1490 1382 1523 1412 in
1543 1381 1673 1413 verbis:
1698 1392 1783 1421 mox,

1019 1430 1097 1467 pos!‚
1121 1429 1202 1458 alias
1225 1428 1329 1458 videro
1352 1426 1434 1458 haec
1456 1426 1534 1458 mihi
1556 1426 1663 1458 inesse
1685 1426 1782 1457 vide—

1021 1478 1074 1502 tur
1106 1471 1290 1502 sententia:
1327 1481 1419 1511 mox,
1442 1475 1531 1511 post,
1555 1473 1656 1510 alias,
1681 1482 1780 1513 quum

1022 1516 1151 1548 occasio
1183 1516 1294 1547 oblata
1319 1516 1399 1555 erit,
1437 1527 1533 1558 quum
1560 1526 1642 1558 opus
1668 1515 1781 1557 fuerit,

1022 1572 1120 1603 quum
1141 1560 1181 1591 ad
1204 1572 1272 1592 rem
1295 1571 1486 1602 pervenero,
1511 1562 1640 1592 simul
1663 1562 1781 1592 videbo.

1021 1606 1179 1636 Futurum
1194 1612 1342 1636 exactum
1357 1612 1511 1636 eventum
1526 1605 1655 1636 futurae
1673 1604 1780 1636 actio-

1020 1650 1070 1680 nis
1094 1650 1184 1692 quasi
1208 1649 1369 1692 praecipit
1400 1661 1533 1692 remque
1557 1656 1674 1692 postea
1700 1661 1783 1680 con-

1020 1694 1227 1726 siderandam
1258 1701 1413 1736 tanquam
1436 1701 1526 1726 certo
1557 1694 1699 1725 futuram
1723 1706 1784 1725 ex—

1021 1739 1153 1781 primit3
1188 1740 1335 1770 futurum
1368 1739 1506 1781 simplex
1543 1740 1629 1782 (mox
1661 1739 1782 1781 videbo)

1022 1790 1138 1815 contra
1172 1784 1252 1815 nihil
1287 1783 1375 1814 aliud
1409 1783 1590 1826 significat,
1629 1784 1689 1815 nisi
1714 1795 1782 1815 rem

1021 1836 1137 1870 postea
1164 1828 1406 1860 consideratum
1429 1828 1480 1859 iri.

1088 1873 1228 1916 Videsne]
1254 1875 1358 1914 Saepe
1375 1872 1534 1914 particula
1548 1872 1783 1915 interrogativa

1021 1929 1057 1950 ne
1071 1917 1323 1959 interrogationi
1340 1917 1570 1949 affirmativam
1583 1918 1782 1949 sententiam

1021 1962 1182 1994 subiicere
1207 1962 1336 1993 videtur
1359 1964 1408 2005 (ut
1431 1962 1565 2003 nonne),
1592 1962 1638 1993 ita
1669 1969 1703 1993 nt
1727 1963 1782 1994 af-

1022 2007 1182 2038 firmativa
1200 2008 1371 2049 responsio
1384 2014 1600 2049 exspectetur.
1621 2007 1674 2038 Sic
1689 2009 1715 2050 §.
1728 2007 1780 2041 27:

1023 2051 1088 2082 Sed
1112 2054 1234 2083 videsne
1252 2051 1320 2083 —P
1349 2053 1402 2083 nt.
1431 2053 1480 2088 17,
1502 2051 1564 2085 57:
1588 2056 1704 2083 rectene
1729 2051 1782 2082 in-

1022 2102 1189 2137 terpretor
1219 2096 1415 2127 sententiam
1441 2095 1556 2127 tuam?
1601 2097 1638 2127 V.
1662 2098 1694 2133 ἒ),
1717 2097 1779 2129 26:

1021 2143 1141 2171 isne—
1156 2139 1171 2170 ἶ)
1202 2141 1251 2176 12,
1275 2141 1338 2172 35:
1364 2140 1604 2172 videturne—P
1642 2141 1695 2172 21.
1721 2142 1781 2172 Sa-

1022 2186 1097 2215 tisne
1123 2183 1192 2214 -9
1230 2183 1271 2214 de
1298 2186 1425 2215 Senect.
1458 2187 1514 2215 10:
1555 2186 1724 2224 videtisne,
1749 2191 1784 2215 ut

1022 2228 1109 2270 apud
1121 2228 1303 2259 Homerum
1322 2227 1510 2270 saepissime
1524 2229 1646 2259 Nestor
1659 2228 1700 2259 de
1715 2228 1782 2259 vir·—

1020 2272 1144 2303 tutibus
1158 2272 1223 2303 suis
1236 2272 1429 2315 praedicet?
1447 2272 1599 2303 Acad.11.
1613 2273 1666 2304 10⁶:
1681 2274 1783 2304 vides-

1020 2327 1107 2348 ηε-
1123 2316 1138 2347 ἶ)
1165 2317 1205 2348 Ν.
1231 2318 1268 2348 D.
1293 2318 1347 2348 111.
1370 2316 1423 2355 27,
1444 2316 1507 2349 69:
1537 2315 1782 2348 videturne—Z>

1024 2361 1155 2399 Contra,
1176 2361 1228 2392 ubi
1246 2368 1414 2403 exspectes
1428 2371 1515 2400 num,
1540 2361 1586 2392 uti
1611 2362 1634 2391 Ι.
1651 2361 1704 2399 Τι’,
1719 2360 1780 2394 67ε

1019 2410 1141 2445 potesne
1163 2405 1301 2437 dicere?
1338 2407 1458 2437 Verum
1478 2405 1543 2437 hoc
1563 2416 1600 2437 ne
1620 2417 1726 2448 neque
1742 2405 1783 2436 ad

1021 2450 1251 2481 affirmativam
1286 2461 1392 2493 neque
1423 2449 1465 2481 ad
1506 2449 1691 2492 negativam
1728 2461 1783 2481 re-

1021 2495 1232 2537 sponsionem
1255 2502 1450 2537 praeparat,
1479 2495 1537 2525 sed
1560 2506 1629 2525 rem
1652 2495 1683 2525 in
1709 2505 1782 2524 me-

1022 2540 1077 2571 dio
1102 2540 1257 2583 relinquit
1280 2540 1367 2570 inter
1386 2539 1638 2570 affirmationem
1663 2544 1695 2569 et
1721 2549 1781 2568 ne—

1021 2585 1199 2626 gationem.
1248 2584 1333 2615 Hinc
1364 2590 1520 2625 tanquam
1553 2594 1660 2613 comes
1683 2582 1781 2613 addi-

1021 2636 1073 2660 tur
1106 2630 1139 2660 in
1173 2628 1435 2670 interrogatione
1468 2634 1502 2657 et
1531 2626 1699 2668 negationi
1722 2637 1782 2658 non

1023 2675 1161 2716 monnel,
1177 2685 1260 2716 quae
1278 2674 1503 2712 affirmativam
1520 2671 1780 2712 responsionem,

1022 2726 1054 2749 et
1080 2719 1260 2761 particulae
1281 2727 1356 2748 num
1384 2715 1543 2758 (numne),
1569 2726 1651 2757 quae
1677 2728 1781 2758 nega-

1021 2763 1122 2794 tivam
1148 2761 1394 2804 responsionem
1427 2766 1617 2802 exspectare
1648 2772 1706 2791 nos
1730 2761 1782 2792 iu-

1021 2808 1090 2839 bet.
1125 2808 1230 2838 Etiam
1249 2806 1331 2837 aliae
1345 2805 1476 2845 linguae
1494 2805 1669 2846 negatione
1685 2812 1781 2836 utun-

1024 2860 1077 2884 tur
1092 2853 1124 2884 in
1140 2849 1452 2892 interrogationibus
1465 2848 1660 2880 indefinitis:
1687 2861 1783 2892 qnam

1024 2908 1092 2928 rem
1132 2899 1313 2935 Hartunyus
1347 2893 1478 2925 Gricch.
1515 2893 1636 2926 Partik.
1665 2896 1705 2926 T.
1740 2895 1781 2925 11.

1024 2953 1056 2984 p.
1077 2941 1150 2975 187.
1172 2952 1212 2973 ex
1235 2939 1371 2972 duarum
1392 2938 1703 2981 interrogationum,
1728 2937 1782 2970 af-
