1863 3221
222 108 303 151 234

221 205 282 237 tus
297 199 334 246 ⁵,
356 209 467 249 quem
486 194 686 234 duodecim
707 193 860 233 tabulae
879 194 917 233 in
936 193 1136 233 funeribus
1154 193 1325 234 adhiberi
1340 201 1563 236 vetuerunt.
1606 202 1674 236 56.
1693 196 1782 237 Nee

803 115 970 147 LIBER
996 116 1034 147 11.
1061 113 1124 154 24,
1149 114 1202 148 57.

218 283 314 309 vero
342 282 507 321 unquam
534 281 581 306 ne
608 266 828 320 ingemiseit
851 267 1002 320 quidem
1027 266 1090 307 vir
1110 266 1220 306 fortis
1244 281 1287 307 ac
1311 268 1466 322 sapiens
1487 271 1530 319 ⁶,
1573 268 1647 309 nisi
1678 270 1778 309 forte

219 349 260 382 ut
283 355 324 381 se
352 341 526 380 intendat
551 340 598 379 ad
624 340 866 390 firmitatem,
898 347 938 380 ut
961 340 998 380 in
1027 340 1151 380 stadio
1176 354 1358 380 cursores
1384 342 1628 391 exclamant,
1663 355 1774 395 quain

218 414 385 454 maxime
416 420 592 467 possunt.
657 410 822 453 Faciunt
851 413 977 464 idem,
1023 427 1137 467 quum
1172 421 1432 464 exercentur,
1475 414 1666 465 atllletae3
1707 429 1774 468 pu-

217 487 314 542 giles
355 500 475 536 vero,
527 486 643 526 etiam
676 500 792 540 quum
834 487 977 526 feriunt
1016 486 1311 537 adversarium,
1356 486 1394 526 iu
1434 487 1624 527 iactandis
1662 487 1777 527 cesti-

218 560 290 600 bus
319 559 603 613 ingemiscunt,
644 573 721 599 non
746 559 846 613 quod
876 559 1032 600 doleant
1059 559 1240 599 animove
1272 559 1546 609 succumbant,
1590 560 1657 600 sed
1693 560 1779 614 quia

223 633 488 688 profundenda
527 646 624 673 voce
665 646 779 673 omne
819 647 959 687 corpus
1001 631 1237 684 intenditur,
1281 632 1466 687 venitque
1508 632 1620 687 plaga
1660 633 1778 673 vehe-

221 707 401 747 mentior.

330 778 493 820 XXIV.

220 852 313 892 bent
345 853 489 903 latera,

220 926 324 965 fundi
361 885 565 966 videnius?

218 999 458 1039 contentioni
480 999 588 1038 vocis
613 998 850 1038 asserviunt.
913 1004 981 1038 57.

218 1072 319 1121 vidi,
355 1086 468 1125 quum
498 1077 679 1110 contente
706 1085 774 1124 pro
803 1084 845 1110 se
874 1071 955 1123 ipse
976 1070 1062 1123 lege
1084 1069 1204 1110 Varia
1227 1071 1395 1121 diceret,

558 777 686 831 Quid?
727 779 791 833 qui
831 779 967 820 volunt
1007 780 1228 820 exclamare
1264 778 1411 831 maius,
1454 793 1543 820 num
1585 779 1680 820 satis
1711 779 1778 820 ha-

531 853 687 903 fauees,
729 852 897 906 linguam
926 853 1151 916 intendere,
1195 867 1216 892 e
1247 851 1384 906 quibus
1413 852 1533 892 eiieil
1571 867 1706 893 vocem
1741 861 1779 893 et

625 925 728 965 Toto
766 940 928 979 empore
964 933 1076 979 itque
1113 925 1290 965 omnibus
1330 926 1507 979 ungulis,
1548 933 1588 966 ut
1622 926 1775 976 dieitur,

1017 997 1157 1048 Genu,
1191 998 1436 1048 mehercule,
1469 997 1529 1038 Μ.
1561 998 1773 1038 Antonium

1430 1078 1572 1111 terrain
1595 1078 1771 1124 tangere.

220 1143 267 1184 Ut
304 1145 403 1184 enim
434 1144 595 1184 balistae
626 1143 791 1197 lapidum
827 1150 865 1183 et
895 1143 1043 1196 reliqua
1074 1150 1266 1183 tormenta
1299 1144 1461 1184 telorum
1496 1158 1542 1184 eo
1573 1144 1776 1198 graviores

306 1274 326 1306 5
351 1287 380 1306 v.
410 1274 493 1306 Adn.

217 1319 362 1351 Frustra.

216 1397 414 1429 sententiam
439 1398 486 1428 sic
515 1397 699 1440 explicans:
736 1397 980 1439 Nonnunquam

218 1442 411 1473 conceditur
435 1442 525 1480 viro,
564 1448 598 1473 ut
631 1441 841 1484 ingemiscat,
878 1441 978 1473 modo

217 1486 358 1528 gemitus
384 1498 448 1518 non
475 1487 624 1526 crebros,
651 1487 709 1518 sed
735 1498 824 1518 raros
850 1486 937 1518 edat.

282 1533 444 1563 duodecim
467 1533 605 1573 tabulae]
645 1533 716 1574 Ipsa
742 1532 857 1563 harum
879 1531 979 1563 tabu—

217 1575 321 1607 larum
353 1577 452 1608 verba
486 1577 639 1618 leguntur
671 1576 759 1618 apud
788 1577 979 1608 Ciceronem

218 1620 260 1652 de
282 1622 382 1664 Legg.
410 1623 451 1652 Π.
473 1623 535 1659 25,
561 1620 621 1654 59:
660 1624 801 1653 Mulieres
825 1632 920 1661 yenas
943 1632 978 1653 ne

214 1668 360 1705 radunto,
384 1677 457 1698 neve
480 1669 590 1698 lessum
611 1668 727 1706 funeris
748 1677 818 1706 er90
838 1668 977 1698 habento.

215 1711 312 1750 Quod
344 1718 452 1742 autem
486 1711 527 1742 ad
558 1723 587 1742 v.
619 1714 706 1752 fletus
735 1711 871 1749 attinet,
910 1711 977 1741 01115

214 1756 290 1787 1000
325 1756 474 1787 Davisius
511 1762 544 1787 et
583 1761 661 1797 post
699 1768 772 1786 eum
809 1756 976 1786 Ernestius

215 1800 390 1831 ediderunt
404 1804 509 1840 lessus,
535 1800 637 1831 secuti
653 1801 884 1832 auctoritatem
899 1802 978 1831 Mu-

213 1845 298 1883 reti,
336 1845 389 1888 qui
415 1847 453 1877 V.
477 1847 514 1876 L.
538 1846 596 1877 IX.
626 1857 652 1876 c.
682 1846 731 1877 19.
767 1846 801 1876 in
837 1845 976 1887 antiquis

215 1890 381 1922 codicibus
402 1890 465 1932 legi
488 1897 627 1921 testatur
647 1901 676 1920 v.
697 1892 802 1922 lessus.
836 1890 977 1921 W'ollius

214 1935 380 1977 vulgatam
415 1935 611 1977 scripturam
647 1935 816 1977 reposuit,
858 1934 979 1965 Mureti

214 1980 412 2011 auctoritate
448 1992 511 2011 non
547 1986 726 2022 permotus.
786 1981 978 2022 Quanquam

212 2025 300 2056 haud
324 2025 451 2055 nescius
478 2036 568 2061 sum,
604 2036 621 2055 a
647 2024 761 2064 priscis
784 2023 978 2066 interpreti—

213 2069 272 2099 bus
303 2076 334 2099 et
357 2069 596 2110 manuscriptos
620 2068 719 2099 libros
745 2074 778 2098 et
800 2068 905 2099 editos
929 2079 978 2100 co-

213 2115 319 2144 dicum
345 2113 478 2143 nomine
500 2113 663 2143 interdum
689 2112 870 2154 appellatos
896 2125 976 2151 esse,

213 2164 324 2188 tamen
349 2158 416 2188 h.].
443 2157 588 2200 pluribus
613 2157 654 2187 de
681 2157 799 2187 caussis
824 2168 890 2188 non
913 2157 977 2187 (111-

212 2202 304 2239 bito,
344 2203 419 2245 quin
454 2202 616 2244 scriptura
647 2204 742 2233 lessus
776 2201 867 2232 unice
900 2214 977 2233 vera

213 2246 385 2278 iudicanda
406 2247 458 2279 sit.
494 2247 634 2284 Etenim,
661 2246 749 2288 quod
771 2246 877 2288 primo
900 2246 975 2277 loco

214 2291 440 2323 adnotandum
463 2298 529 2328 est,
557 2292 621 2323 hoc
642 2291 748 2333 ipsum
771 2303 889 2323 nomen
913 2291 976 2322 ha·-

213 2336 309 2368 betur
344 2337 374 2367 in
413 2338 478 2367 ΧΠ
503 2336 643 2373 tabulis3
681 2343 749 2366 tum
784 2336 857 2378 lege
889 2335 976 2367 dicta

213 2380 275 2412 non
301 2384 408 2423 fletus,
441 2381 499 2412 sed
520 2383 697 2412 lamentatio
720 2381 887 2423 prohiberi
913 2380 975 2411 de-

212 2425 288 2462 bet;
314 2427 453 2468 (lenique
476 2426 546 2468 ipsa
569 2425 735 2457 Ciceronis
759 2426 857 2457 verba
880 2426 973 2456 111011-

212 2469 319 2501 lenter
342 2471 495 2501 videntur
519 2471 764 2509 demonstrare,
800 2470 975 2512 legendum

213 2525 282 2544 esse
304 2517 407 2547 lessus.
444 2515 593 2546 Proxime
616 2515 702 2545 enim
725 2515 892 2546 antecedit
912 2518 975 2546 eiu-

213 2560 312 2590 zatus.-
345 2559 432 2601 quod
458 2560 592 2590 verbum
615 2559 739 2601 optime
763 2559 918 2591 convenit
942 2560 974 2591 in

211 2605 343 2642 lessam,
379 2603 510 2633 minime
533 2616 610 2634 vero
642 2604 674 2634 iu
708 2607 833 2644 fletuum
869 2616 975 2647 neque

213 2659 292 2679 vero
317 2647 510 2689 negligenda
536 2655 583 2678 est
607 2648 766 2690 particula
781 2649 903 2681 ironica
927 2652 975 2681 ni-

212 2695 347 2732 mirum,
373 2704 455 2735 1111110
479 2698 513 2722 ut
533 2692 684 2732 languida
709 2701 777 2729 est,
805 2706 900 2736 quum
923 2694 975 2725 le·-

212 2736 298 2779 gitur
332 2740 440 2778 fletus,
480 2736 525 2766 ita
560 2737 730 2767 maximam
764 2738 827 2768 vim
862 2739 973 2778 habet,

213 2793 311 2824 (11111111
334 2781 453 2824 legitur
473 2784 585 2812 lessus:
612 2781 699 2822 quod
721 2782 818 2813 etiam
843 2786 973 2815 Goeren-

210 2829 258 2858 zio
281 2826 323 2857 ad
346 2828 446 2869 Legg.
472 2827 509 2856 ll.
533 2825 595 2861 2J,
620 2825 972 2868 5‘).p.1¹)o.p1oba—

212 2878 274 2902 tur.
309 2873 417 2911 Moser,
444 2850 720 2913 quiretirieudum
745 2875 973 2911 censetflelus,

212 2927 392 2958 pronomen
428 2917 476 2947 hic
507 2914 649 2956 explicat
679 2916 732 2945 hoc
756 2917 842 2954 fletus
867 2926 972 2955 oenus,

211 2961 354 3003 quibus
346 2961 424 3004 ipsis
448 2959 552 2992 verbis
570 2959 683 2990 Cicero
707 2958 888 3000 significare
908 2971 971 3002 po-

411 1321 450 1350 V.
477 1321 637 1360 Wopkens.
663 1320 755 1350 Lect.
781 1318 867 1350 Tull.
894 1320 927 1360 l,
959 1318 1008 1350 11.
1034 1330 1065 1361 p.
1087 1317 1130 1351 87
1150 1330 1197 1361 sq.
1225 1319 1266 1349 H.
1315 1319 1442 1350 XXIV.

552 1272 574 1305 6
609 1275 646 1305 D.
667 1285 684 1305 e
710 1273 794 1305 coni.
819 1276 961 1314 patiens,
997 1273 1071 1305 coll.
1099 1286 1124 1305 c.
1155 1272 1204 1305 17.
1228 1272 1282 1304 21.
1319 1275 1433 1305 Senec.
1457 1274 1580 1316 Tranq.
1611 1285 1663 1305 an.
1691 1285 1717 1305 c.
1741 1273 1772 1305 3.

1495 1317 1508 1349 1
1538 1331 1567 1349 v.
1592 1318 1675 1350 Adn.

1014 1396 1078 1427 tius
1103 1399 1234 1436 lessam,
1272 1408 1368 1438 quam
1400 1396 1542 1428 scribere
1576 1408 1610 1427 se
1636 1396 1777 1428 voluisse

1015 1448 1200 1473 monstrare
1226 1441 1386 1472 videatur.

1085 1488 1111 1528 §.
1131 1486 1182 1518 56.
1216 1497 1277 1518 non
1297 1488 1378 1526 quod
1399 1489 1540 1526 doleant,
1564 1505 1609 1509 —-
1631 1488 1684 1517 sed
1704 1490 1779 1526 quia

1014 1550 1057 1555 —
1076 1533 1257 1572 intenditur]
1281 1533 1319 1563 V.
1336 1533 1520 1563 Ramshorn.
1546 1533 1574 1573 ξ.
1592 1531 1664 1563 1051.
1691 1533 1777 1562 Kim-

1013 1586 1076 1608 πᾶν.
1105 1577 1221 1617 §.1525
1244 1576 1322 1608 Not.
1339 1576 1368 1608 2.
1408 1576 1503 1606 Adde
1526 1576 1693 1607 Adnotatu
1714 1587 1777 1607 no-

1013 1627 1080 1652 stra
1100 1621 1131 1651 in
1158 1632 1184 1651 0.
1201 1620 1253 1659 26,
1280 1618 1332 1653 6-1.
1373 1621 1422 1651 De
1442 1620 1576 1653 indicat.
1601 1632 1631 1652 v.
1656 1620 1698 1651 ad
1721 1622 1775 1651 IV.

1016 1666 1073 1704 12,
1099 1666 1153 1697 ⁴20:

1081 1710 1159 1741 CAP.
1177 1710 1306 1741 XXIV.
1340 1712 1516 1742 exclamare
1538 1710 1655 1754 maius]
1680 1713 1776 1742 Davi-

1011 1757 1076 1787 sius
1109 1754 1140 1785 in
1176 1761 1285 1797 partes
1317 1761 1413 1786 vocat
1438 1755 1541 1787 Plaut.
1565 1755 1711 1786 Mostell.
1736 1757 1776 1787 11.

1011 1802 1052 1836 2,
1078 1799 1139 1833 57:
1182 1799 1237 1830 ille
1271 1803 1426 1832 exclamat
1457 1800 1636 1842 derepente
1668 1803 1774 1831 maxi-

1012 1855 1107 1875 mum.
1155 1845 1270 1875 Horat.
1303 1848 1374 1876 Art.
1410 1844 1610 1886 poet-159:
1650 1847 1775 1885 longum

1012 1892 1130 1920 clamet.
1181 1889 1361 1922 lbid.1e0.
1399 1899 1548 1929 π109η11π1
1582 1891 1674 1929 loqui.
1734 1890 1772 1920 V

1015 1945 1074 1964 nos
1108 1934 1140 1964 in
1169 1935 1224 1965 Gr.
1251 1934 1288 1964 L
1314 1936 1340 1977 ᾗ.
1364 1933 1434 1966 112.
1460 1935 1538 1965 Not.
1558 1931 1588 1965 4.
1640 1934 1689 1966 Cf.
1718 1935 1772 1965 Gr.

1016 1979 1094 2022 βοᾷ)
1118 1978 1223 2022 μέγα,
1259 1990 1384 2020 μακρον
1411 1978 1552 2018 κλαίειν,
1578 1974 1688 2018 oium,
1725 1979 1772 2009 si-

1013 2023 1120 2062 1111111,
1147 2024 1188 2055 de
1209 2024 1323 2065 quibus
1347 2023 1553 2066 exposuimus
1574 2023 1607 2054 in
1633 2023 1688 2054 Gr.
1715 2024 1772 2055 Gr.

1014 2070 1053 2099 T.
1072 2070 1110 2098 ΙΙ.
1138 2070 1163 2108 ὅ.
1184 2069 1258 2101 047.
1283 2069 1360 2099 Not
1377 2070 1409 2100 3.
1431 2069 1501 2111 (Gr.
1524 2068 1626 2100 schol.
1653 2070 1679 2110 §-
1696 2067 1772 2106 276,

1013 2112 1059 2152 3.)
1124 2115 1249 2153 Ilolfius
1282 2123 1340 2143 suo
1376 2113 1580 2144 0100101111111
1615 2112 1774 2143 seimonis

1012 2167 1107 2186 5011511
1140 2157 1256 2187 ductus
1291 2157 1440 2192 dubitat
1478 2169 1554 2188 num
1582 2158 1694 2188 Ciceio
1720 2157 1773 2188 di—

1014 2207 1121 2231 cturus
1147 2201 1265 2232 fuerit:
1292 2204 1465 2233 exclamare
1488 2212 1648 2242 magnum.

1078 2248 1145 2277 eiici
1176 2247 1293 2287 vocem]
1332 2246 1426 2276 Hane
1455 2246 1650 2288 scripturam
1672 2248 1773 2277 Lom—

1011 2292 1100 2321 binus
1136 2302 1152 2321 e
1187 2290 1312 2321 duobus
1349 2291 1442 2321 MSS.
1484 2291 1610 2333 (quibus
1647 2290 1773 2322 accedit

1012 2334 1108 2366 Vind.
1127 2335 1167 2373 1.)
1190 2335 1336 2377 reposuit
1350 2346 1409 2376 pro
1422 2335 1553 2378 vulgata
1567 2338 1654 2367 elici:
1677 2347 1772 2378 quam

1010 2379 1136 2410 munire
1161 2386 1299 2411 conatur
1323 2382 1469 2411 Davisius
1500 2380 1644 2423 pluribus
1670 2392 1687 2411 e
1713 2392 1772 2411 ve-

1010 2424 1133 2455 teribus
1156 2424 1369 2467 scriptoribus
1391 2425 1496 2456 allatis
1517 2425 1618 2464 locis,
1642 2425 1673 2456 in
1696 2425 1771 2467 qui-

1010 2469 1069 2499 bus
1086 2480 1190 2501 vocem
1205 2470 1257 2500 vel
1278 2480 1366 2500 voces
1381 2472 1485 2501 elicere
1507 2470 1635 2512 legitur.
1671 2469 1769 2508 Quasi

1010 2525 1088 2544 vero
1114 2513 1205 2545 11111115
1236 2514 1412 2545 locutionis
1436 2514 1618 2545 bonitatem
1642 2513 1711 2556 quis
1735 2513 1767 2544 in

1011 2558 1143 2589 dubium
1174 2570 1291 2590 vocare
1317 2558 1474 2595 voluerit,
1511 2566 1543 2589 at
1568 2559 1648 2589 haec
1673 2558 1768 2588 locu-

1010 2603 1078 2640 tio,
1105 2603 1181 2635 licet
1203 2604 1267 2635 alio
1291 2602 1365 2633 loco
1388 2602 1625 2644 elegantissima
1649 2602 1700 2637 sit,
1727 2603 1766 2633 ub

1009 2648 1101 2679 huius
1126 2648 1190 2680 loci
1224 2647 1385 2679 sententia
1417 2658 1511 2689 quam
1543 2647 1682 2677 maxime
1706 2647 1765 2677 ub-

1009 2693 1132 2724 horret.
1180 2691 1367 2735 Requiritur
1389 2692 1473 2722 enim
1495 2692 1629 2722 verbum
1643 2717 1650 2729 ‚
1682 2692 1767 2734 quod

1009 2738 1181 2769 maximam
1218 2748 1279 2779 qua
1315 2747 1379 2767 vox
1413 2735 1582 2767 emittatur
1623 2736 1768 2767 declaret

1010 2782 1273 2813 contentionem:
1310 2791 1391 2822 quae
1412 2779 1541 2822 quidem
1566 2781 1612 2811 vis
1637 2781 1767 2823 egregie

1008 2826 1200 2869 exprimitur
1222 2825 1321 2856 verbo
1344 2826 1421 2856 eiici.
1458 2824 1561 2855 Etiam
1576 2828 1675 2857 Moser
1693 2826 1766 2857 edi-

1008 2872 1057 2902 dit
1079 2874 1166 2910 eiz'ci,
1197 2869 1255 2901 sed
1278 2871 1417 2900 Klotzius
1440 2875 1472 2899 et
1496 2872 1626 2910 Tregder
1656 2870 1766 2902 redie-

1008 2923 1083 2947 runt
1109 2916 1151 2947 ad
1174 2915 1258 2956 vulg.
1282 2916 1358 2945 elici.
1398 2914 1470 2955 Ipse
1492 2917 1637 2946 Davisius
1658 2915 1689 2946 in
1713 2915 1764 2946 ed.

1008 2962 1048 2992 Il.
1073 2959 1241 2992 revocavit
1263 2960 1350 2997 eiici,
1374 2957 1561 3001 improbato
1585 2962 1661 2991 elici.
