<?xml version="1.0" encoding="UTF-8"?>
<!DOCTYPE html PUBLIC "-//W3C//DTD XHTML 1.0 Transitional//EN"
    "http://www.w3.org/TR/xhtml1/DTD/xhtml1-transitional.dtd">
<html xmlns="http://www.w3.org/1999/xhtml" xml:lang="en" lang="en">
 <head>
  <title>
</title>
<meta http-equiv="Content-Type" content="text/html;charset=utf-8" />
  <meta name='ocr-system' content='tesseract 3.04.00' />
  <meta name='ocr-capabilities' content='ocr_page ocr_carea ocr_par ocr_line ocrx_word'/>
</head>
<body>
  <div class='ocr_page' id='page_1' title='image "./tusculanaedisput00ciceuoft_0472.png"; bbox 0 0 1863 3221; ppageno 0'>
   <div class='ocr_carea' id='block_1_1' title="bbox 208 91 292 136">
    <p class='ocr_par' dir='ltr' id='par_1_1' title="bbox 208 91 292 136">
     <span class='ocr_line' id='line_1_1' title="bbox 208 91 292 136; baseline -0.012 0"><span class='ocrx_word' id='word_1_1' title='bbox 208 91 292 136; x_wconf 79' lang='lat'><strong>424</strong></span> 
     </span>
    </p>
   </div>
   <div class='ocr_carea' id='block_1_2' title="bbox 212 174 1767 233">
    <p class='ocr_par' dir='ltr' id='par_1_2' title="bbox 212 174 1767 233">
     <span class='ocr_line' id='line_1_2' title="bbox 212 174 1767 233; baseline -0.005 -9"><span class='ocrx_word' id='word_1_2' title='bbox 212 188 438 232; x_wconf 81' lang='lat' dir='ltr'>numerant,</span> <span class='ocrx_word' id='word_1_3' title='bbox 475 194 521 220; x_wconf 94' lang='lat' dir='ltr'><strong>ne</strong></span> <span class='ocrx_word' id='word_1_4' title='bbox 541 179 612 233; x_wconf 86' lang='lat' dir='ltr'><strong>ipsi</strong></span> <span class='ocrx_word' id='word_1_5' title='bbox 635 178 785 230; x_wconf 82' lang='lat' dir='ltr'><strong>quidem</strong></span> <span class='ocrx_word' id='word_1_6' title='bbox 806 176 970 216; x_wconf 85' lang='lat' dir='ltr'><strong>honesta</strong></span> <span class='ocrx_word' id='word_1_7' title='bbox 989 174 1142 226; x_wconf 82' lang='lat' dir='ltr'><strong>dicuut3</strong></span> <span class='ocrx_word' id='word_1_8' title='bbox 1177 175 1300 216; x_wconf 89' lang='lat' dir='ltr'><strong>solum</strong></span> <span class='ocrx_word' id='word_1_9' title='bbox 1324 176 1442 230; x_wconf 84' lang='lat' dir='ltr'><strong>igitur</strong></span> <span class='ocrx_word' id='word_1_10' title='bbox 1462 176 1603 216; x_wconf 89' lang='lat' dir='ltr'><strong>bouum</strong></span> <span class='ocrx_word' id='word_1_11' title='bbox 1621 208 1632 227; x_wconf 85' lang='lat'><strong>,</strong></span> <span class='ocrx_word' id='word_1_12' title='bbox 1667 175 1767 230; x_wconf 83' lang='lat' dir='ltr'><strong>quod</strong></span> 
     </span>
    </p>
   </div>
   <div class='ocr_carea' id='block_1_3' title="bbox 797 96 1196 137">
    <p class='ocr_par' dir='ltr' id='par_1_3' title="bbox 797 96 1196 137">
     <span class='ocr_line' id='line_1_3' title="bbox 797 96 1196 137; baseline -0.003 -7"><span class='ocrx_word' id='word_1_13' title='bbox 797 99 963 130; x_wconf 68' lang='lat' dir='ltr'><strong>meaa</strong></span> <span class='ocrx_word' id='word_1_14' title='bbox 990 98 1028 130; x_wconf 89' lang='lat' dir='ltr'><strong>v.</strong></span> <span class='ocrx_word' id='word_1_15' title='bbox 1056 97 1117 137; x_wconf 83' lang='lat'><strong>15,</strong></span> <span class='ocrx_word' id='word_1_16' title='bbox 1141 96 1196 130; x_wconf 75' lang='lat'><strong>45.</strong></span> 
     </span>
    </p>
   </div>
   <div class='ocr_carea' id='block_1_4' title="bbox 211 240 1774 1102">
    <p class='ocr_par' dir='ltr' id='par_1_4' title="bbox 211 240 1774 1102">
     <span class='ocr_line' id='line_1_4' title="bbox 214 240 1765 304; baseline -0.005 -8"><span class='ocrx_word' id='word_1_17' title='bbox 214 256 441 296; x_wconf 85' lang='lat' dir='ltr'><strong>honestum:</strong></span> <span class='ocrx_word' id='word_1_18' title='bbox 485 267 536 292; x_wconf 73' lang='lat' dir='ltr'><strong>ex</strong></span> <span class='ocrx_word' id='word_1_19' title='bbox 561 264 635 304; x_wconf 87' lang='lat' dir='ltr'><strong>quo</strong></span> <span class='ocrx_word' id='word_1_20' title='bbox 669 249 853 298; x_wconf 80' lang='lat' dir='ltr'><strong>efficitur,</strong></span> <span class='ocrx_word' id='word_1_21' title='bbox 895 248 1099 288; x_wconf 89' lang='lat' dir='ltr'><strong>honestate</strong></span> <span class='ocrx_word' id='word_1_22' title='bbox 1132 262 1207 287; x_wconf 88' lang='lat' dir='ltr'><strong>una</strong></span> <span class='ocrx_word' id='word_1_23' title='bbox 1232 248 1350 289; x_wconf 85' lang='lat' dir='ltr'><strong>vitam</strong></span> <span class='ocrx_word' id='word_1_24' title='bbox 1377 249 1566 288; x_wconf 84' lang='lat' dir='ltr'><strong>contineri</strong></span> <span class='ocrx_word' id='word_1_25' title='bbox 1598 240 1765 289; x_wconf 81' lang='lat' dir='ltr'><strong>beatam.</strong></span> 
     </span>
     <span class='ocr_line' id='line_1_5' title="bbox 213 320 1769 378; baseline -0.005 -10"><span class='ocrx_word' id='word_1_26' title='bbox 213 327 306 368; x_wconf 89' lang='lat' dir='ltr'><strong>Non</strong></span> <span class='ocrx_word' id='word_1_27' title='bbox 331 333 421 367; x_wconf 89' lang='lat' dir='ltr'><strong>sunt</strong></span> <span class='ocrx_word' id='word_1_28' title='bbox 445 324 564 378; x_wconf 81' lang='lat' dir='ltr'><strong>igitur</strong></span> <span class='ocrx_word' id='word_1_29' title='bbox 587 336 633 362; x_wconf 88' lang='lat' dir='ltr'><strong>ea</strong></span> <span class='ocrx_word' id='word_1_30' title='bbox 655 322 755 361; x_wconf 89' lang='lat' dir='ltr'><strong>bona</strong></span> <span class='ocrx_word' id='word_1_31' title='bbox 774 321 935 361; x_wconf 86' lang='lat' dir='ltr'><strong>dicenda</strong></span> <span class='ocrx_word' id='word_1_32' title='bbox 957 335 1029 361; x_wconf 87' lang='lat' dir='ltr'><strong>nee</strong></span> <span class='ocrx_word' id='word_1_33' title='bbox 1054 320 1252 370; x_wconf 87' lang='lat' dir='ltr'><strong>habenda,</strong></span> <span class='ocrx_word' id='word_1_34' title='bbox 1287 321 1422 374; x_wconf 90' lang='lat' dir='ltr'><strong>quibus</strong></span> <span class='ocrx_word' id='word_1_35' title='bbox 1442 321 1701 362; x_wconf 80' lang='lat' dir='ltr'>abundantem</span> <span class='ocrx_word' id='word_1_36' title='bbox 1724 321 1769 360; x_wconf 88' lang='lat' dir='ltr'><strong>li-</strong></span> 
     </span>
     <span class='ocr_line' id='line_1_6' title="bbox 215 393 1768 448; baseline -0.005 -8"><span class='ocrx_word' id='word_1_37' title='bbox 215 407 278 439; x_wconf 81' lang='lat' dir='ltr'><strong>eet</strong></span> <span class='ocrx_word' id='word_1_38' title='bbox 303 412 391 439; x_wconf 78' lang='lat' dir='ltr'><strong>esse</strong></span> <span class='ocrx_word' id='word_1_39' title='bbox 421 395 695 436; x_wconf 87' lang='lat' dir='ltr'><strong>miserrimum.</strong></span> <span class='ocrx_word' id='word_1_40' title='bbox 758 400 826 436; x_wconf 83' lang='lat'><strong>45.</strong></span> <span class='ocrx_word' id='word_1_41' title='bbox 858 394 924 434; x_wconf 90' lang='lat' dir='ltr'><strong>An</strong></span> <span class='ocrx_word' id='word_1_42' title='bbox 957 393 1136 444; x_wconf 75' lang='lat' dir='ltr'>dubitas,</span> <span class='ocrx_word' id='word_1_43' title='bbox 1180 393 1270 447; x_wconf 90' lang='lat' dir='ltr'><strong>quin</strong></span> <span class='ocrx_word' id='word_1_44' title='bbox 1299 401 1502 448; x_wconf 88' lang='lat' dir='ltr'><strong>praestans</strong></span> <span class='ocrx_word' id='word_1_45' title='bbox 1528 393 1768 444; x_wconf 81' lang='lat' dir='ltr'><strong>valetudine,</strong></span> 
     </span>
     <span class='ocr_line' id='line_1_7' title="bbox 213 465 1771 521; baseline -0.004 -10"><span class='ocrx_word' id='word_1_46' title='bbox 213 472 385 521; x_wconf 88' lang='lat' dir='ltr'><strong>viribus,</strong></span> <span class='ocrx_word' id='word_1_47' title='bbox 421 470 565 519; x_wconf 85' lang='lat' dir='ltr'><strong>forma,</strong></span> <span class='ocrx_word' id='word_1_48' title='bbox 599 466 801 507; x_wconf 80' lang='lat' dir='ltr'>acerrimis</span> <span class='ocrx_word' id='word_1_49' title='bbox 833 466 1173 521; x_wconf 84' lang='lat' dir='ltr'><strong>integerrimisque</strong></span> <span class='ocrx_word' id='word_1_50' title='bbox 1202 466 1404 517; x_wconf 71' lang='lat' dir='ltr'><strong>sensibus,</strong></span> <span class='ocrx_word' id='word_1_51' title='bbox 1439 467 1535 506; x_wconf 88' lang='lat' dir='ltr'><strong>adde</strong></span> <span class='ocrx_word' id='word_1_52' title='bbox 1561 466 1703 516; x_wconf 86' lang='lat' dir='ltr'><strong>etiam,</strong></span> <span class='ocrx_word' id='word_1_53' title='bbox 1737 465 1771 506; x_wconf 88' lang='lat' dir='ltr'><strong>si</strong></span> 
     </span>
     <span class='ocr_line' id='line_1_8' title="bbox 211 539 1768 596; baseline -0.004 -12"><span class='ocrx_word' id='word_1_54' title='bbox 211 544 319 594; x_wconf 90' lang='lat' dir='ltr'><strong>libet,</strong></span> <span class='ocrx_word' id='word_1_55' title='bbox 341 541 610 596; x_wconf 80' lang='lat' dir='ltr'><strong>pernicitatem</strong></span> <span class='ocrx_word' id='word_1_56' title='bbox 629 547 667 580; x_wconf 83' lang='lat' dir='ltr'><strong>et</strong></span> <span class='ocrx_word' id='word_1_57' title='bbox 683 540 955 590; x_wconf 71' lang='lat' dir='ltr'><strong>velocitatem,</strong></span> <span class='ocrx_word' id='word_1_58' title='bbox 982 540 1028 579; x_wconf 89' lang='lat' dir='ltr'><strong>da</strong></span> <span class='ocrx_word' id='word_1_59' title='bbox 1047 539 1218 590; x_wconf 89' lang='lat' dir='ltr'><strong>divitias,</strong></span> <span class='ocrx_word' id='word_1_60' title='bbox 1246 539 1430 589; x_wconf 87' lang='lat' dir='ltr'><strong>bonores,</strong></span> <span class='ocrx_word' id='word_1_61' title='bbox 1456 539 1631 593; x_wconf 85' lang='lat' dir='ltr'><strong>imperia,</strong></span> <span class='ocrx_word' id='word_1_62' title='bbox 1657 552 1768 592; x_wconf 87' lang='lat' dir='ltr'><strong>opes,</strong></span> 
     </span>
     <span class='ocr_line' id='line_1_9' title="bbox 211 611 1768 670; baseline -0.003 -15"><span class='ocrx_word' id='word_1_63' title='bbox 211 615 399 670; x_wconf 72' lang='lat' dir='ltr'><strong>gloriam,</strong></span> <span class='ocrx_word' id='word_1_64' title='bbox 438 638 494 644; x_wconf 89' lang='lat'>—</span> <span class='ocrx_word' id='word_1_65' title='bbox 528 613 562 653; x_wconf 90' lang='lat' dir='ltr'><strong>si</strong></span> <span class='ocrx_word' id='word_1_66' title='bbox 598 613 716 653; x_wconf 83' lang='lat' dir='ltr'><strong>fuerit</strong></span> <span class='ocrx_word' id='word_1_67' title='bbox 748 613 804 664; x_wconf 94' lang='lat' dir='ltr'><strong>is,</strong></span> <span class='ocrx_word' id='word_1_68' title='bbox 847 615 911 667; x_wconf 89' lang='lat' dir='ltr'><strong>qui</strong></span> <span class='ocrx_word' id='word_1_69' title='bbox 944 613 1040 653; x_wconf 85' lang='lat' dir='ltr'><strong>baec</strong></span> <span class='ocrx_word' id='word_1_70' title='bbox 1072 612 1212 662; x_wconf 81' lang='lat' dir='ltr'><strong>habet,</strong></span> <span class='ocrx_word' id='word_1_71' title='bbox 1253 612 1444 662; x_wconf 87' lang='lat' dir='ltr'><strong>iniustus,</strong></span> <span class='ocrx_word' id='word_1_72' title='bbox 1486 611 1768 665; x_wconf 73' lang='lat' dir='ltr'><strong>intemperans,</strong></span> 
     </span>
     <span class='ocr_line' id='line_1_10' title="bbox 213 684 1771 740; baseline -0.004 -10"><span class='ocrx_word' id='word_1_73' title='bbox 213 689 382 738; x_wconf 87' lang='lat' dir='ltr'><strong>timidus,</strong></span> <span class='ocrx_word' id='word_1_74' title='bbox 416 686 544 728; x_wconf 89' lang='lat' dir='ltr'><strong>hebeti</strong></span> <span class='ocrx_word' id='word_1_75' title='bbox 566 685 722 739; x_wconf 84' lang='lat' dir='ltr'><strong>ingenio</strong></span> <span class='ocrx_word' id='word_1_76' title='bbox 744 694 858 740; x_wconf 87' lang='lat' dir='ltr'><strong>atque</strong></span> <span class='ocrx_word' id='word_1_77' title='bbox 877 686 996 736; x_wconf 90' lang='lat' dir='ltr'><strong>nullo,</strong></span> <span class='ocrx_word' id='word_1_78' title='bbox 1030 685 1274 726; x_wconf 70' lang='lat' dir='ltr'><strong>dubitabisne</strong></span> <span class='ocrx_word' id='word_1_79' title='bbox 1298 698 1384 725; x_wconf 92' lang='lat' dir='ltr'><strong>eum</strong></span> <span class='ocrx_word' id='word_1_80' title='bbox 1406 684 1588 724; x_wconf 85' lang='lat' dir='ltr'><strong>miserum</strong></span> <span class='ocrx_word' id='word_1_81' title='bbox 1613 684 1771 724; x_wconf 79' lang='lat' dir='ltr'><strong>dicere?</strong></span> 
     </span>
     <span class='ocr_line' id='line_1_11' title="bbox 214 757 1772 815; baseline -0.004 -13"><span class='ocrx_word' id='word_1_82' title='bbox 214 761 353 815; x_wconf 81' lang='lat' dir='ltr'><strong>Qualia</strong></span> <span class='ocrx_word' id='word_1_83' title='bbox 376 761 494 815; x_wconf 85' lang='lat' dir='ltr'><strong>igitur</strong></span> <span class='ocrx_word' id='word_1_84' title='bbox 515 759 589 800; x_wconf 87' lang='lat' dir='ltr'><strong>ista</strong></span> <span class='ocrx_word' id='word_1_85' title='bbox 612 759 712 799; x_wconf 86' lang='lat' dir='ltr'><strong>bona</strong></span> <span class='ocrx_word' id='word_1_86' title='bbox 736 766 846 809; x_wconf 88' lang='lat' dir='ltr'><strong>sunt,</strong></span> <span class='ocrx_word' id='word_1_87' title='bbox 881 772 979 813; x_wconf 87' lang='lat' dir='ltr'><strong>quae</strong></span> <span class='ocrx_word' id='word_1_88' title='bbox 1009 759 1071 812; x_wconf 91' lang='lat' dir='ltr'><strong>qui</strong></span> <span class='ocrx_word' id='word_1_89' title='bbox 1099 758 1261 808; x_wconf 84' lang='lat' dir='ltr'><strong>habeat,</strong></span> <span class='ocrx_word' id='word_1_90' title='bbox 1295 757 1536 797; x_wconf 88' lang='lat' dir='ltr'><strong>miserrimus</strong></span> <span class='ocrx_word' id='word_1_91' title='bbox 1568 770 1656 797; x_wconf 91' lang='lat' dir='ltr'><strong>esse</strong></span> <span class='ocrx_word' id='word_1_92' title='bbox 1683 770 1772 811; x_wconf 88' lang='lat' dir='ltr'><strong>pos-</strong></span> 
     </span>
     <span class='ocr_line' id='line_1_12' title="bbox 214 830 1773 885; baseline -0.004 -10"><span class='ocrx_word' id='word_1_93' title='bbox 214 835 288 876; x_wconf 78' lang='lat' dir='ltr'><strong>sit?</strong></span> <span class='ocrx_word' id='word_1_94' title='bbox 349 834 587 883; x_wconf 84' lang='lat' dir='ltr'><strong>Videamus,</strong></span> <span class='ocrx_word' id='word_1_95' title='bbox 621 847 693 883; x_wconf 88' lang='lat' dir='ltr'><strong>ue,</strong></span> <span class='ocrx_word' id='word_1_96' title='bbox 727 839 770 872; x_wconf 90' lang='lat' dir='ltr'><strong>ut</strong></span> <span class='ocrx_word' id='word_1_97' title='bbox 789 845 954 872; x_wconf 86' lang='lat' dir='ltr'><strong>acervus</strong></span> <span class='ocrx_word' id='word_1_98' title='bbox 973 846 1026 871; x_wconf 80' lang='lat' dir='ltr'><strong>ex</strong></span> <span class='ocrx_word' id='word_1_99' title='bbox 1043 831 1102 871; x_wconf 91' lang='lat' dir='ltr'><strong>sui</strong></span> <span class='ocrx_word' id='word_1_100' title='bbox 1123 832 1279 885; x_wconf 85' lang='lat' dir='ltr'><strong>generis</strong></span> <span class='ocrx_word' id='word_1_101' title='bbox 1299 831 1446 885; x_wconf 85' lang='lat' dir='ltr'><strong>granis,</strong></span> <span class='ocrx_word' id='word_1_102' title='bbox 1481 830 1537 870; x_wconf 82' lang='lat' dir='ltr'><strong>sie</strong></span> <span class='ocrx_word' id='word_1_103' title='bbox 1560 830 1674 870; x_wconf 84' lang='lat' dir='ltr'><strong>beata</strong></span> <span class='ocrx_word' id='word_1_104' title='bbox 1694 830 1773 870; x_wconf 84' lang='lat' dir='ltr'><strong>vita</strong></span> 
     </span>
     <span class='ocr_line' id='line_1_13' title="bbox 215 902 1771 960; baseline -0.004 -12"><span class='ocrx_word' id='word_1_105' title='bbox 215 922 267 949; x_wconf 83' lang='lat' dir='ltr'><strong>ex</strong></span> <span class='ocrx_word' id='word_1_106' title='bbox 290 908 348 948; x_wconf 92' lang='lat' dir='ltr'><strong>sui</strong></span> <span class='ocrx_word' id='word_1_107' title='bbox 380 906 567 947; x_wconf 86' lang='lat' dir='ltr'><strong>similibus</strong></span> <span class='ocrx_word' id='word_1_108' title='bbox 600 905 772 960; x_wconf 87' lang='lat' dir='ltr'><strong>partibus</strong></span> <span class='ocrx_word' id='word_1_109' title='bbox 798 905 894 944; x_wconf 82' lang='lat' dir='ltr'><strong>effici</strong></span> <span class='ocrx_word' id='word_1_110' title='bbox 932 904 1085 944; x_wconf 89' lang='lat' dir='ltr'><strong>debeat.</strong></span> <span class='ocrx_word' id='word_1_111' title='bbox 1149 903 1263 957; x_wconf 81' lang='lat' dir='ltr'><strong>Quod</strong></span> <span class='ocrx_word' id='word_1_112' title='bbox 1297 904 1330 944; x_wconf 92' lang='lat' dir='ltr'><strong>si</strong></span> <span class='ocrx_word' id='word_1_113' title='bbox 1354 904 1406 943; x_wconf 86' lang='lat' dir='ltr'><strong>ita</strong></span> <span class='ocrx_word' id='word_1_114' title='bbox 1435 910 1515 953; x_wconf 86' lang='lat' dir='ltr'><strong>est,</strong></span> <span class='ocrx_word' id='word_1_115' title='bbox 1563 917 1616 943; x_wconf 75' lang='lat' dir='ltr'><strong>ex</strong></span> <span class='ocrx_word' id='word_1_116' title='bbox 1641 902 1771 952; x_wconf 87' lang='lat' dir='ltr'><strong>bonis,</strong></span> 
     </span>
     <span class='ocr_line' id='line_1_14' title="bbox 214 975 1774 1035; baseline -0.004 -15"><span class='ocrx_word' id='word_1_117' title='bbox 214 994 311 1035; x_wconf 88' lang='lat' dir='ltr'><strong>quae</strong></span> <span class='ocrx_word' id='word_1_118' title='bbox 336 980 418 1020; x_wconf 87' lang='lat' dir='ltr'><strong>sola</strong></span> <span class='ocrx_word' id='word_1_119' title='bbox 442 979 606 1018; x_wconf 87' lang='lat' dir='ltr'><strong>honesta</strong></span> <span class='ocrx_word' id='word_1_120' title='bbox 627 984 739 1027; x_wconf 90' lang='lat' dir='ltr'><strong>suut,</strong></span> <span class='ocrx_word' id='word_1_121' title='bbox 775 977 1015 1017; x_wconf 82' lang='lat' dir='ltr'><strong>efficiendum</strong></span> <span class='ocrx_word' id='word_1_122' title='bbox 1038 983 1097 1016; x_wconf 89' lang='lat' dir='ltr'><strong>est</strong></span> <span class='ocrx_word' id='word_1_123' title='bbox 1120 976 1273 1017; x_wconf 80' lang='lat' dir='ltr'><strong>beatum</strong></span> <span class='ocrx_word' id='word_1_124' title='bbox 1292 980 1338 1027; x_wconf 70' lang='grc' dir='ltr'><strong>ὃς</strong></span> <span class='ocrx_word' id='word_1_125' title='bbox 1372 990 1418 1016; x_wconf 86' lang='lat' dir='ltr'><strong>ea</strong></span> <span class='ocrx_word' id='word_1_126' title='bbox 1443 976 1566 1016; x_wconf 66' lang='lat' dir='ltr'><strong>mixta</strong></span> <span class='ocrx_word' id='word_1_127' title='bbox 1588 989 1640 1014; x_wconf 82' lang='lat' dir='ltr'><strong>ex</strong></span> <span class='ocrx_word' id='word_1_128' title='bbox 1661 975 1774 1015; x_wconf 88' lang='lat' dir='ltr'><strong>dissi-</strong></span> 
     </span>
     <span class='ocr_line' id='line_1_15' title="bbox 1476 1048 1769 1102; baseline -0.003 -14"><span class='ocrx_word' id='word_1_129' title='bbox 1476 1062 1551 1102; x_wconf 90' lang='lat' dir='ltr'><strong>quo</strong></span> <span class='ocrx_word' id='word_1_130' title='bbox 1581 1048 1769 1098; x_wconf 82' lang='lat' dir='ltr'><strong>detracto,</strong></span> 
     </span>
    </p>
   </div>
   <div class='ocr_carea' id='block_1_5' title="bbox 215 1049 1433 1103">
    <p class='ocr_par' dir='ltr' id='par_1_5' title="bbox 215 1049 1433 1103">
     <span class='ocr_line' id='line_1_16' title="bbox 215 1049 1433 1103; baseline -0.003 -10"><span class='ocrx_word' id='word_1_131' title='bbox 215 1053 367 1093; x_wconf 90' lang='lat' dir='ltr'><strong>milibus</strong></span> <span class='ocrx_word' id='word_1_132' title='bbox 389 1052 421 1092; x_wconf 86' lang='lat' dir='ltr'><strong>si</strong></span> <span class='ocrx_word' id='word_1_133' title='bbox 446 1058 581 1100; x_wconf 88' lang='lat' dir='ltr'><strong>erunt,</strong></span> <span class='ocrx_word' id='word_1_134' title='bbox 624 1050 828 1089; x_wconf 82' lang='lat' dir='ltr'><strong>honestum</strong></span> <span class='ocrx_word' id='word_1_135' title='bbox 855 1063 906 1089; x_wconf 88' lang='lat' dir='ltr'><strong>ex</strong></span> <span class='ocrx_word' id='word_1_136' title='bbox 928 1049 1009 1088; x_wconf 79' lang='lat' dir='ltr'><strong>iis⁷</strong></span> <span class='ocrx_word' id='word_1_137' title='bbox 1033 1049 1129 1089; x_wconf 83' lang='lat' dir='ltr'><strong>effici</strong></span> <span class='ocrx_word' id='word_1_138' title='bbox 1153 1049 1246 1088; x_wconf 87' lang='lat' dir='ltr'><strong>nihil</strong></span> <span class='ocrx_word' id='word_1_139' title='bbox 1271 1049 1433 1103; x_wconf 85' lang='lat' dir='ltr'><strong>poterit:</strong></span> 
     </span>
    </p>
   </div>
   <div class='ocr_carea' id='block_1_6' title="bbox 213 1120 1772 1251">
    <p class='ocr_par' dir='ltr' id='par_1_6' title="bbox 213 1120 1772 1251">
     <span class='ocr_line' id='line_1_17' title="bbox 215 1120 1771 1180; baseline -0.003 -15"><span class='ocrx_word' id='word_1_140' title='bbox 215 1125 302 1180; x_wconf 84' lang='lat' dir='ltr'><strong>quid</strong></span> <span class='ocrx_word' id='word_1_141' title='bbox 329 1124 469 1179; x_wconf 81' lang='lat' dir='ltr'><strong>poterit</strong></span> <span class='ocrx_word' id='word_1_142' title='bbox 498 1123 652 1163; x_wconf 86' lang='lat' dir='ltr'><strong>beatum</strong></span> <span class='ocrx_word' id='word_1_143' title='bbox 677 1122 868 1176; x_wconf 80' lang='lat' dir='ltr'><strong>intelligi?</strong></span> <span class='ocrx_word' id='word_1_144' title='bbox 908 1122 1048 1162; x_wconf 87' lang='lat' dir='ltr'><strong>etenim</strong></span> <span class='ocrx_word' id='word_1_145' title='bbox 1076 1122 1253 1175; x_wconf 78' lang='lat' dir='ltr'><strong>quicquid</strong></span> <span class='ocrx_word' id='word_1_146' title='bbox 1283 1129 1362 1172; x_wconf 90' lang='lat' dir='ltr'><strong>est,</strong></span> <span class='ocrx_word' id='word_1_147' title='bbox 1407 1122 1505 1175; x_wconf 87' lang='lat' dir='ltr'><strong>quod</strong></span> <span class='ocrx_word' id='word_1_148' title='bbox 1532 1121 1673 1160; x_wconf 85' lang='lat' dir='ltr'><strong>bonum</strong></span> <span class='ocrx_word' id='word_1_149' title='bbox 1706 1120 1771 1172; x_wconf 79' lang='lat' dir='ltr'><strong>sit,</strong></span> 
     </span>
     <span class='ocr_line' id='line_1_18' title="bbox 213 1194 1772 1251; baseline -0.003 -13"><span class='ocrx_word' id='word_1_150' title='bbox 213 1199 250 1238; x_wconf 93' lang='lat' dir='ltr'><strong>id</strong></span> <span class='ocrx_word' id='word_1_151' title='bbox 273 1197 532 1251; x_wconf 77' lang='lat' dir='ltr'><strong>expetendum</strong></span> <span class='ocrx_word' id='word_1_152' title='bbox 555 1202 640 1246; x_wconf 71' lang='lat' dir='ltr'><strong>est,</strong></span> <span class='ocrx_word' id='word_1_153' title='bbox 675 1195 774 1249; x_wconf 87' lang='lat' dir='ltr'><strong>quod</strong></span> <span class='ocrx_word' id='word_1_154' title='bbox 798 1202 927 1235; x_wconf 86' lang='lat' dir='ltr'><strong>autem</strong></span> <span class='ocrx_word' id='word_1_155' title='bbox 952 1196 1212 1249; x_wconf 74' lang='lat' dir='ltr'><strong>expetendum</strong></span> <span class='ocrx_word' id='word_1_156' title='bbox 1229 1226 1239 1245; x_wconf 90' lang='lat'><strong>,</strong></span> <span class='ocrx_word' id='word_1_157' title='bbox 1273 1195 1308 1234; x_wconf 89' lang='lat' dir='ltr'><strong>id</strong></span> <span class='ocrx_word' id='word_1_158' title='bbox 1330 1201 1435 1235; x_wconf 82' lang='lat' dir='ltr'><strong>certe</strong></span> <span class='ocrx_word' id='word_1_159' title='bbox 1457 1194 1772 1249; x_wconf 77' lang='lat' dir='ltr'><strong>approbandum3</strong></span> 
     </span>
    </p>
   </div>
   <div class='ocr_carea' id='block_1_7' title="bbox 217 1267 1775 1325">
    <p class='ocr_par' dir='ltr' id='par_1_7' title="bbox 217 1267 1775 1325">
     <span class='ocr_line' id='line_1_19' title="bbox 217 1267 1775 1325; baseline -0.003 -15"><span class='ocrx_word' id='word_1_160' title='bbox 217 1270 316 1325; x_wconf 90' lang='lat' dir='ltr'><strong>quod</strong></span> <span class='ocrx_word' id='word_1_161' title='bbox 343 1283 438 1310; x_wconf 87' lang='lat' dir='ltr'><strong>vero</strong></span> <span class='ocrx_word' id='word_1_162' title='bbox 461 1268 704 1323; x_wconf 83' lang='lat' dir='ltr'><strong>approbaris,</strong></span> <span class='ocrx_word' id='word_1_163' title='bbox 735 1268 769 1307; x_wconf 88' lang='lat' dir='ltr'><strong>id</strong></span> <span class='ocrx_word' id='word_1_164' title='bbox 793 1274 943 1322; x_wconf 85' lang='lat' dir='ltr'><strong>gratum</strong></span> <span class='ocrx_word' id='word_1_165' title='bbox 965 1275 1244 1322; x_wconf 83' lang='lat' dir='ltr'><strong>acceptumque</strong></span> <span class='ocrx_word' id='word_1_166' title='bbox 1265 1267 1504 1308; x_wconf 87' lang='lat' dir='ltr'><strong>habendum:</strong></span> <span class='ocrx_word' id='word_1_167' title='bbox 1541 1281 1634 1321; x_wconf 83' lang='lat' dir='ltr'><strong>ergo</strong></span> <span class='ocrx_word' id='word_1_168' title='bbox 1663 1267 1775 1306; x_wconf 81' lang='lat' dir='ltr'><strong>etiam</strong></span> 
     </span>
    </p>
   </div>
   <div class='ocr_carea' id='block_1_8' title="bbox 304 1383 1346 1427">
    <p class='ocr_par' dir='ltr' id='par_1_8' title="bbox 304 1383 1346 1427">
     <span class='ocr_line' id='line_1_20' title="bbox 304 1383 1346 1427; baseline -0.002 -8"><span class='ocrx_word' id='word_1_169' title='bbox 304 1384 326 1419; x_wconf 86' lang='grc'><strong>6</strong></span> <span class='ocrx_word' id='word_1_170' title='bbox 350 1399 380 1418; x_wconf 86' lang='lat' dir='ltr'><strong>v.</strong></span> <span class='ocrx_word' id='word_1_171' title='bbox 397 1386 481 1418; x_wconf 83' lang='lat' dir='ltr'><strong>Adn.</strong></span> <span class='ocrx_word' id='word_1_172' title='bbox 528 1383 549 1418; x_wconf 85' lang='lat'><em>7</em></span> <span class='ocrx_word' id='word_1_173' title='bbox 575 1384 629 1416; x_wconf 91' lang='lat' dir='ltr'><strong>Sic</strong></span> <span class='ocrx_word' id='word_1_174' title='bbox 649 1385 740 1416; x_wconf 90' lang='lat' dir='ltr'><strong>Mon.</strong></span> <span class='ocrx_word' id='word_1_175' title='bbox 752 1384 783 1416; x_wconf 80' lang='grc'><strong>2.</strong></span> <span class='ocrx_word' id='word_1_176' title='bbox 811 1385 923 1418; x_wconf 89' lang='lat' dir='ltr'><strong>Duisb.</strong></span> <span class='ocrx_word' id='word_1_177' title='bbox 946 1396 1048 1427; x_wconf 84' lang='lat' dir='ltr'><strong>marg.</strong></span> <span class='ocrx_word' id='word_1_178' title='bbox 1070 1386 1139 1416; x_wconf 90' lang='lat' dir='ltr'><strong>MS.</strong></span> <span class='ocrx_word' id='word_1_179' title='bbox 1164 1385 1215 1417; x_wconf 90' lang='lat' dir='ltr'><strong>ed.</strong></span> <span class='ocrx_word' id='word_1_180' title='bbox 1241 1384 1346 1417; x_wconf 79' lang='lat' dir='ltr'><strong>Asc.2</strong></span> 
     </span>
    </p>
   </div>
   <div class='ocr_carea' id='block_1_9' title="bbox 218 1428 748 1474">
    <p class='ocr_par' dir='ltr' id='par_1_9' title="bbox 218 1428 748 1474">
     <span class='ocr_line' id='line_1_21' title="bbox 218 1428 748 1474; baseline -0.008 -10"><span class='ocrx_word' id='word_1_181' title='bbox 218 1444 244 1464; x_wconf 93' lang='lat' dir='ltr'><strong>c.</strong></span> <span class='ocrx_word' id='word_1_182' title='bbox 269 1432 354 1474; x_wconf 85' lang='lat' dir='ltr'><strong>vulg.</strong></span> <span class='ocrx_word' id='word_1_183' title='bbox 378 1433 435 1463; x_wconf 85' lang='lat' dir='ltr'><strong>his.</strong></span> <span class='ocrx_word' id='word_1_184' title='bbox 482 1430 522 1461; x_wconf 92' lang='lat' dir='ltr'><strong>V.</strong></span> <span class='ocrx_word' id='word_1_185' title='bbox 546 1429 633 1462; x_wconf 75' lang='lat' dir='ltr'><strong>adt.</strong></span> <span class='ocrx_word' id='word_1_186' title='bbox 652 1428 691 1469; x_wconf 84' lang='lat'><strong>3,</strong></span> <span class='ocrx_word' id='word_1_187' title='bbox 718 1429 748 1460; x_wconf 78' lang='grc' dir='ltr'><strong>ὁ.</strong></span> 
     </span>
    </p>
   </div>
   <div class='ocr_carea' id='block_1_10' title="bbox 213 1495 980 2964">
    <p class='ocr_par' dir='ltr' id='par_1_10' title="bbox 217 1495 966 1627">
     <span class='ocr_line' id='line_1_22' title="bbox 217 1495 966 1539; baseline -0.005 -8"><span class='ocrx_word' id='word_1_188' title='bbox 217 1498 305 1531; x_wconf 93' lang='lat' dir='ltr'><strong>Tull.</strong></span> <span class='ocrx_word' id='word_1_189' title='bbox 333 1499 372 1537; x_wconf 81' lang='grc' dir='ltr'><strong>ΙΙ,</strong></span> <span class='ocrx_word' id='word_1_190' title='bbox 395 1497 425 1530; x_wconf 88' lang='grc'><strong>3.</strong></span> <span class='ocrx_word' id='word_1_191' title='bbox 450 1508 482 1539; x_wconf 94' lang='lat' dir='ltr'><strong>p.</strong></span> <span class='ocrx_word' id='word_1_192' title='bbox 499 1496 570 1529; x_wconf 58' lang='lat'><strong>153.</strong></span> <span class='ocrx_word' id='word_1_193' title='bbox 607 1495 649 1528; x_wconf 91' lang='lat' dir='ltr'><strong>H.</strong></span> <span class='ocrx_word' id='word_1_194' title='bbox 671 1502 704 1527; x_wconf 89' lang='lat' dir='ltr'><strong>et</strong></span> <span class='ocrx_word' id='word_1_195' title='bbox 724 1507 783 1528; x_wconf 86' lang='lat' dir='ltr'><strong>nos</strong></span> <span class='ocrx_word' id='word_1_196' title='bbox 807 1495 840 1527; x_wconf 88' lang='lat' dir='ltr'><strong>in</strong></span> <span class='ocrx_word' id='word_1_197' title='bbox 865 1496 922 1528; x_wconf 86' lang='lat' dir='ltr'><strong>Gr.</strong></span> <span class='ocrx_word' id='word_1_198' title='bbox 938 1496 966 1527; x_wconf 93' lang='lat' dir='ltr'>L</span> 
     </span>
     <span class='ocr_line' id='line_1_23' title="bbox 239 1543 387 1581; baseline -0.007 -6"><span class='ocrx_word' id='word_1_199' title='bbox 239 1568 245 1575; x_wconf 96' lang='lat'><strong>.</strong></span> <span class='ocrx_word' id='word_1_200' title='bbox 263 1543 345 1581; x_wconf 82' lang='grc'><strong>113,</strong></span> <span class='ocrx_word' id='word_1_201' title='bbox 374 1543 387 1574; x_wconf 89' lang='lat' dir='ltr'><strong>l</strong></span> 
     </span>
     <span class='ocr_line' id='line_1_24' title="bbox 217 1544 943 1627; baseline -0.001 -8"><span class='ocrx_word' id='word_1_202' title='bbox 217 1544 235 1587; x_wconf 43' lang='grc' dir='ltr'><em>ᾗ</em></span> <span class='ocrx_word' id='word_1_203' title='bbox 284 1588 494 1619; x_wconf 79' lang='lat' dir='ltr'><strong>abundante-m</strong></span> <span class='ocrx_word' id='word_1_204' title='bbox 514 1588 595 1627; x_wconf 73' lang='lat' dir='ltr'><strong>licet]</strong></span> <span class='ocrx_word' id='word_1_205' title='bbox 623 1586 662 1618; x_wconf 89' lang='lat' dir='ltr'><strong>V.</strong></span> <span class='ocrx_word' id='word_1_206' title='bbox 688 1585 730 1616; x_wconf 86' lang='lat' dir='ltr'><strong>ad</strong></span> <span class='ocrx_word' id='word_1_207' title='bbox 755 1587 778 1617; x_wconf 90' lang='grc' dir='ltr'><strong>Ι.</strong></span> <span class='ocrx_word' id='word_1_208' title='bbox 803 1584 864 1625; x_wconf 82' lang='grc'><em>38,</em></span> <span class='ocrx_word' id='word_1_209' title='bbox 890 1584 943 1618; x_wconf 85' lang='grc'><strong>91.</strong></span> 
     </span>
    </p>

    <p class='ocr_par' dir='ltr' id='par_1_11' title="bbox 214 1627 980 1848">
     <span class='ocr_line' id='line_1_25' title="bbox 285 1627 979 1674; baseline 0 -11"><span class='ocrx_word' id='word_1_210' title='bbox 285 1630 382 1674; x_wconf 63' lang='grc'><strong>(5.45.</strong></span> <span class='ocrx_word' id='word_1_211' title='bbox 419 1634 465 1663; x_wconf 85' lang='grc' dir='ltr'><strong>Αη</strong></span> <span class='ocrx_word' id='word_1_212' title='bbox 485 1630 622 1672; x_wconf 77' lang='lat' dir='ltr'><strong>dubitas]</strong></span> <span class='ocrx_word' id='word_1_213' title='bbox 657 1630 770 1661; x_wconf 79' lang='lat' dir='ltr'><strong>Oratio</strong></span> <span class='ocrx_word' id='word_1_214' title='bbox 794 1627 979 1663; x_wconf 71' lang='grc' dir='ltr'>ἀνακόλου-</span> 
     </span>
     <span class='ocr_line' id='line_1_26' title="bbox 218 1674 980 1718; baseline -0.001 -11"><span class='ocrx_word' id='word_1_215' title='bbox 218 1679 276 1715; x_wconf 61' lang='grc' dir='ltr'><strong>Ξος</strong></span> <span class='ocrx_word' id='word_1_216' title='bbox 301 1682 369 1714; x_wconf 81' lang='lat' dir='ltr'><strong>est,</strong></span> <span class='ocrx_word' id='word_1_217' title='bbox 406 1687 489 1718; x_wconf 84' lang='lat' dir='ltr'><strong>quae</strong></span> <span class='ocrx_word' id='word_1_218' title='bbox 511 1675 553 1707; x_wconf 84' lang='lat' dir='ltr'><strong>ad</strong></span> <span class='ocrx_word' id='word_1_219' title='bbox 577 1674 757 1717; x_wconf 79' lang='lat' dir='ltr'><strong>legitimam</strong></span> <span class='ocrx_word' id='word_1_220' title='bbox 781 1682 980 1706; x_wconf 82' lang='lat' dir='ltr'><strong>structuram</strong></span> 
     </span>
     <span class='ocr_line' id='line_1_27' title="bbox 217 1720 978 1755; baseline -0.007 0"><span class='ocrx_word' id='word_1_221' title='bbox 217 1727 373 1755; x_wconf 84' lang='lat' dir='ltr'><strong>revocata</strong></span> <span class='ocrx_word' id='word_1_222' title='bbox 393 1721 440 1752; x_wconf 90' lang='lat' dir='ltr'><strong>sic</strong></span> <span class='ocrx_word' id='word_1_223' title='bbox 463 1720 637 1751; x_wconf 84' lang='lat' dir='ltr'><strong>decurrere</strong></span> <span class='ocrx_word' id='word_1_224' title='bbox 659 1720 818 1751; x_wconf 80' lang='lat' dir='ltr'><strong>debebat:</strong></span> <span class='ocrx_word' id='word_1_225' title='bbox 846 1723 895 1750; x_wconf 88' lang='lat' dir='ltr'><strong>An</strong></span> <span class='ocrx_word' id='word_1_226' title='bbox 913 1720 978 1750; x_wconf 89' lang='lat' dir='ltr'><strong>du—</strong></span> 
     </span>
     <span class='ocr_line' id='line_1_28' title="bbox 216 1764 978 1808; baseline -0.004 -10"><span class='ocrx_word' id='word_1_227' title='bbox 216 1767 314 1804; x_wconf 84' lang='lat' dir='ltr'><strong>bitas,</strong></span> <span class='ocrx_word' id='word_1_228' title='bbox 341 1765 417 1808; x_wconf 87' lang='lat' dir='ltr'><strong>quin</strong></span> <span class='ocrx_word' id='word_1_229' title='bbox 439 1771 609 1807; x_wconf 81' lang='lat' dir='ltr'><strong>praestans</strong></span> <span class='ocrx_word' id='word_1_230' title='bbox 633 1764 761 1804; x_wconf 85' lang='lat' dir='ltr'><strong>val.-‚</strong></span> <span class='ocrx_word' id='word_1_231' title='bbox 787 1764 813 1795; x_wconf 85' lang='lat' dir='ltr'><strong>si</strong></span> <span class='ocrx_word' id='word_1_232' title='bbox 830 1764 918 1796; x_wconf 89' lang='lat' dir='ltr'><strong>idern</strong></span> <span class='ocrx_word' id='word_1_233' title='bbox 935 1764 978 1796; x_wconf 88' lang='lat' dir='ltr'><strong>sit</strong></span> 
     </span>
     <span class='ocr_line' id='line_1_29' title="bbox 214 1809 637 1848; baseline -0.007 -5"><span class='ocrx_word' id='word_1_234' title='bbox 214 1811 353 1843; x_wconf 82' lang='lat' dir='ltr'><strong>iniustus</strong></span> <span class='ocrx_word' id='word_1_235' title='bbox 378 1828 441 1848; x_wconf 88' lang='lat'><strong>—-‚</strong></span> <span class='ocrx_word' id='word_1_236' title='bbox 466 1810 563 1840; x_wconf 87' lang='lat' dir='ltr'><strong>miser</strong></span> <span class='ocrx_word' id='word_1_237' title='bbox 585 1809 637 1841; x_wconf 86' lang='lat' dir='ltr'><strong>sit.</strong></span> 
     </span>
    </p>

    <p class='ocr_par' dir='ltr' id='par_1_12' title="bbox 217 1854 977 1941">
     <span class='ocr_line' id='line_1_30' title="bbox 284 1854 977 1897; baseline -0.003 -10"><span class='ocrx_word' id='word_1_238' title='bbox 284 1857 310 1887; x_wconf 84' lang='lat' dir='ltr'><strong>si</strong></span> <span class='ocrx_word' id='word_1_239' title='bbox 333 1856 440 1896; x_wconf 76' lang='lat' dir='ltr'><strong>fuerit]</strong></span> <span class='ocrx_word' id='word_1_240' title='bbox 479 1854 637 1886; x_wconf 79' lang='lat' dir='ltr'><strong>Futurum</strong></span> <span class='ocrx_word' id='word_1_241' title='bbox 661 1860 810 1885; x_wconf 79' lang='lat' dir='ltr'><strong>exactum</strong></span> <span class='ocrx_word' id='word_1_242' title='bbox 832 1854 977 1897; x_wconf 87' lang='lat' dir='ltr'><strong>positum</strong></span> 
     </span>
     <span class='ocr_line' id='line_1_31' title="bbox 217 1899 744 1941; baseline -0.004 -9"><span class='ocrx_word' id='word_1_243' title='bbox 217 1906 268 1932; x_wconf 87' lang='lat' dir='ltr'><strong>est</strong></span> <span class='ocrx_word' id='word_1_244' title='bbox 290 1900 331 1930; x_wconf 87' lang='lat' dir='ltr'><strong>ob</strong></span> <span class='ocrx_word' id='word_1_245' title='bbox 355 1911 424 1941; x_wconf 83' lang='lat' dir='ltr'><strong>seq.</strong></span> <span class='ocrx_word' id='word_1_246' title='bbox 450 1899 512 1930; x_wconf 85' lang='lat' dir='ltr'><strong>fut.</strong></span> <span class='ocrx_word' id='word_1_247' title='bbox 540 1901 744 1931; x_wconf 80' lang='lat' dir='ltr'><strong>dubitabisne.</strong></span> 
     </span>
    </p>

    <p class='ocr_par' dir='ltr' id='par_1_13' title="bbox 215 1943 978 2651">
     <span class='ocr_line' id='line_1_32' title="bbox 282 1943 978 1985; baseline -0.003 -8"><span class='ocrx_word' id='word_1_248' title='bbox 282 1947 378 1977; x_wconf 84' lang='lat' dir='ltr'><strong>hebeti</strong></span> <span class='ocrx_word' id='word_1_249' title='bbox 398 1947 519 1983; x_wconf 68' lang='lat' dir='ltr'><strong>ingyenio</strong></span> <span class='ocrx_word' id='word_1_250' title='bbox 542 1948 633 1984; x_wconf 79' lang='lat' dir='ltr'><strong>atque</strong></span> <span class='ocrx_word' id='word_1_251' title='bbox 657 1945 755 1985; x_wconf 76' lang='lat' dir='ltr'><strong>nullo]</strong></span> <span class='ocrx_word' id='word_1_252' title='bbox 793 1943 978 1976; x_wconf 84' lang='lat' dir='ltr'><strong>Observent</strong></span> 
     </span>
     <span class='ocr_line' id='line_1_33' title="bbox 215 1988 976 2030; baseline -0.001 -9"><span class='ocrx_word' id='word_1_253' title='bbox 215 1989 342 2022; x_wconf 83' lang='lat' dir='ltr'><strong>tirones</strong></span> <span class='ocrx_word' id='word_1_254' title='bbox 365 1989 562 2020; x_wconf 83' lang='lat' dir='ltr'><strong>intensivam</strong></span> <span class='ocrx_word' id='word_1_255' title='bbox 598 1989 649 2020; x_wconf 82' lang='lat' dir='ltr'><strong>vel</strong></span> <span class='ocrx_word' id='word_1_256' title='bbox 679 1988 789 2030; x_wconf 90' lang='lat' dir='ltr'><strong>potius</strong></span> <span class='ocrx_word' id='word_1_257' title='bbox 813 1989 976 2021; x_wconf 82' lang='lat' dir='ltr'><strong>auctivam</strong></span> 
     </span>
     <span class='ocr_line' id='line_1_34' title="bbox 217 2033 974 2077; baseline 0.001 -12"><span class='ocrx_word' id='word_1_258' title='bbox 217 2033 397 2077; x_wconf 77' lang='lat' dir='ltr'><strong>particulae</strong></span> <span class='ocrx_word' id='word_1_259' title='bbox 422 2037 511 2072; x_wconf 78' lang='lat' dir='ltr'><strong>atque</strong></span> <span class='ocrx_word' id='word_1_260' title='bbox 535 2034 610 2064; x_wconf 90' lang='lat' dir='ltr'><strong>vim.</strong></span> <span class='ocrx_word' id='word_1_261' title='bbox 647 2033 688 2064; x_wconf 87' lang='lat' dir='ltr'><strong>de</strong></span> <span class='ocrx_word' id='word_1_262' title='bbox 715 2034 815 2075; x_wconf 77' lang='lat' dir='ltr'><strong>Legg.</strong></span> <span class='ocrx_word' id='word_1_263' title='bbox 841 2035 896 2065; x_wconf 85' lang='grc' dir='ltr'><strong>ΙΙΙ.</strong></span> <span class='ocrx_word' id='word_1_264' title='bbox 925 2033 974 2071; x_wconf 69' lang='lat'><strong>14,</strong></span> 
     </span>
     <span class='ocr_line' id='line_1_35' title="bbox 217 2077 977 2119; baseline 0.001 -11"><span class='ocrx_word' id='word_1_265' title='bbox 217 2079 279 2111; x_wconf 58' lang='grc' dir='ltr'><strong>δὶς</strong></span> <span class='ocrx_word' id='word_1_266' title='bbox 320 2077 415 2119; x_wconf 80' lang='lat' dir='ltr'><strong>pauci</strong></span> <span class='ocrx_word' id='word_1_267' title='bbox 441 2082 531 2116; x_wconf 78' lang='lat' dir='ltr'><strong>atque</strong></span> <span class='ocrx_word' id='word_1_268' title='bbox 565 2077 743 2108; x_wconf 80' lang='lat' dir='ltr'><strong>admodum</strong></span> <span class='ocrx_word' id='word_1_269' title='bbox 772 2078 886 2119; x_wconf 86' lang='lat' dir='ltr'><strong>pauci:</strong></span> <span class='ocrx_word' id='word_1_270' title='bbox 923 2078 977 2109; x_wconf 86' lang='lat' dir='ltr'><strong>ubi</strong></span> 
     </span>
     <span class='ocr_line' id='line_1_36' title="bbox 216 2121 977 2164; baseline 0.001 -11"><span class='ocrx_word' id='word_1_271' title='bbox 216 2122 310 2164; x_wconf 77' lang='lat' dir='ltr'><strong>plura</strong></span> <span class='ocrx_word' id='word_1_272' title='bbox 324 2121 473 2162; x_wconf 80' lang='lat' dir='ltr'><strong>exempla</strong></span> <span class='ocrx_word' id='word_1_273' title='bbox 490 2121 689 2163; x_wconf 82' lang='lat' dir='ltr'><strong>constipavit</strong></span> <span class='ocrx_word' id='word_1_274' title='bbox 701 2124 844 2153; x_wconf 81' lang='lat' dir='ltr'><strong>Goerenz.</strong></span> <span class='ocrx_word' id='word_1_275' title='bbox 858 2134 889 2164; x_wconf 90' lang='lat' dir='ltr'><strong>p.</strong></span> <span class='ocrx_word' id='word_1_276' title='bbox 901 2122 977 2154; x_wconf 70' lang='lat'><strong>2²60.</strong></span> 
     </span>
     <span class='ocr_line' id='line_1_37' title="bbox 218 2165 977 2206; baseline -0.001 -8"><span class='ocrx_word' id='word_1_277' title='bbox 218 2166 295 2198; x_wconf 85' lang='lat' dir='ltr'><strong>Sall.</strong></span> <span class='ocrx_word' id='word_1_278' title='bbox 325 2166 393 2197; x_wconf 75' lang='lat' dir='ltr'><strong>Cat.</strong></span> <span class='ocrx_word' id='word_1_279' title='bbox 418 2167 480 2204; x_wconf 71' lang='lat'><strong>51,</strong></span> <span class='ocrx_word' id='word_1_280' title='bbox 504 2165 562 2197; x_wconf 80' lang='lat'><strong>10:</strong></span> <span class='ocrx_word' id='word_1_281' title='bbox 597 2177 648 2197; x_wconf 86' lang='lat' dir='ltr'><strong>res</strong></span> <span class='ocrx_word' id='word_1_282' title='bbox 671 2172 764 2196; x_wconf 82' lang='lat' dir='ltr'><strong>tanta</strong></span> <span class='ocrx_word' id='word_1_283' title='bbox 790 2171 879 2206; x_wconf 78' lang='lat' dir='ltr'><strong>atque</strong></span> <span class='ocrx_word' id='word_1_284' title='bbox 909 2173 977 2197; x_wconf 85' lang='lat' dir='ltr'><strong>tam</strong></span> 
     </span>
     <span class='ocr_line' id='line_1_38' title="bbox 217 2208 976 2252; baseline 0 -10"><span class='ocrx_word' id='word_1_285' title='bbox 217 2218 330 2242; x_wconf 85' lang='lat' dir='ltr'><strong>atrox:</strong></span> <span class='ocrx_word' id='word_1_286' title='bbox 371 2210 425 2241; x_wconf 84' lang='lat' dir='ltr'><strong>ubi</strong></span> <span class='ocrx_word' id='word_1_287' title='bbox 450 2222 479 2240; x_wconf 90' lang='lat' dir='ltr'><strong>v.</strong></span> <span class='ocrx_word' id='word_1_288' title='bbox 505 2211 659 2242; x_wconf 80' lang='lat' dir='ltr'><strong>Kritzz&#39;um</strong></span> <span class='ocrx_word' id='word_1_289' title='bbox 691 2222 724 2252; x_wconf 91' lang='lat' dir='ltr'><strong>p.</strong></span> <span class='ocrx_word' id='word_1_290' title='bbox 747 2208 824 2242; x_wconf 72' lang='lat'><strong>242.</strong></span> <span class='ocrx_word' id='word_1_291' title='bbox 872 2213 976 2243; x_wconf 83' lang='lat' dir='ltr'><strong>Hand.</strong></span> 
     </span>
     <span class='ocr_line' id='line_1_39' title="bbox 217 2252 907 2297; baseline -0.003 -9"><span class='ocrx_word' id='word_1_292' title='bbox 217 2255 357 2288; x_wconf 82' lang='lat' dir='ltr'><strong>Tursell.</strong></span> <span class='ocrx_word' id='word_1_293' title='bbox 383 2257 406 2287; x_wconf 90' lang='grc' dir='ltr'><strong>Ι.</strong></span> <span class='ocrx_word' id='word_1_294' title='bbox 431 2266 463 2296; x_wconf 93' lang='lat' dir='ltr'><strong>p.</strong></span> <span class='ocrx_word' id='word_1_295' title='bbox 485 2252 551 2287; x_wconf 64' lang='lat'><strong>450·</strong></span> <span class='ocrx_word' id='word_1_296' title='bbox 564 2266 612 2297; x_wconf 91' lang='lat' dir='ltr'><strong>sq.</strong></span> <span class='ocrx_word' id='word_1_297' title='bbox 637 2262 670 2286; x_wconf 86' lang='lat' dir='ltr'><strong>et</strong></span> <span class='ocrx_word' id='word_1_298' title='bbox 701 2266 761 2286; x_wconf 90' lang='lat' dir='ltr'><strong>nos</strong></span> <span class='ocrx_word' id='word_1_299' title='bbox 791 2255 824 2285; x_wconf 91' lang='lat' dir='ltr'><strong>in</strong></span> <span class='ocrx_word' id='word_1_300' title='bbox 851 2255 907 2286; x_wconf 88' lang='lat' dir='ltr'><strong>Gr.</strong></span> 
     </span>
     <span class='ocr_line' id='line_1_40' title="bbox 219 2297 975 2343; baseline 0 -11"><span class='ocrx_word' id='word_1_301' title='bbox 219 2302 246 2342; x_wconf 62' lang='grc' dir='ltr'><strong>ᾗ.</strong></span> <span class='ocrx_word' id='word_1_302' title='bbox 265 2300 345 2338; x_wconf 76' lang='grc'><strong>135,</strong></span> <span class='ocrx_word' id='word_1_303' title='bbox 367 2299 398 2331; x_wconf 76' lang='lat'><strong>¹2.</strong></span> <span class='ocrx_word' id='word_1_304' title='bbox 432 2301 543 2331; x_wconf 84' lang='lat' dir='ltr'><strong>Nullus</strong></span> <span class='ocrx_word' id='word_1_305' title='bbox 565 2311 665 2341; x_wconf 83' lang='lat' dir='ltr'><strong>saepe</strong></span> <span class='ocrx_word' id='word_1_306' title='bbox 687 2297 765 2333; x_wconf 56' lang='lat' dir='ltr'><strong>&gt;taff</strong></span> <span class='ocrx_word' id='word_1_307' title='bbox 789 2297 975 2343; x_wconf 68' lang='grc' dir='ltr'>ὑπερβολήν</span> 
     </span>
     <span class='ocr_line' id='line_1_41' title="bbox 217 2344 976 2387; baseline 0 -12"><span class='ocrx_word' id='word_1_308' title='bbox 217 2344 338 2375; x_wconf 84' lang='lat' dir='ltr'><strong>dicitur</strong></span> <span class='ocrx_word' id='word_1_309' title='bbox 369 2344 409 2375; x_wconf 90' lang='lat' dir='ltr'><strong>de</strong></span> <span class='ocrx_word' id='word_1_310' title='bbox 432 2344 527 2375; x_wconf 86' lang='lat' dir='ltr'><strong>rebus</strong></span> <span class='ocrx_word' id='word_1_311' title='bbox 560 2344 678 2376; x_wconf 87' lang='lat' dir='ltr'><strong>nullius</strong></span> <span class='ocrx_word' id='word_1_312' title='bbox 703 2344 820 2387; x_wconf 86' lang='lat' dir='ltr'><strong>pretii,</strong></span> <span class='ocrx_word' id='word_1_313' title='bbox 858 2344 976 2375; x_wconf 86' lang='lat' dir='ltr'><strong>nullius</strong></span> 
     </span>
     <span class='ocr_line' id='line_1_42' title="bbox 217 2388 974 2431; baseline 0 -12"><span class='ocrx_word' id='word_1_314' title='bbox 217 2388 386 2420; x_wconf 84' lang='lat' dir='ltr'><strong>momenti.</strong></span> <span class='ocrx_word' id='word_1_315' title='bbox 412 2388 525 2420; x_wconf 79' lang='lat' dir='ltr'><strong>Parad.</strong></span> <span class='ocrx_word' id='word_1_316' title='bbox 552 2390 606 2420; x_wconf 91' lang='lat' dir='ltr'><strong>IV.</strong></span> <span class='ocrx_word' id='word_1_317' title='bbox 632 2390 658 2428; x_wconf 87' lang='lat' dir='ltr'><strong>l,</strong></span> <span class='ocrx_word' id='word_1_318' title='bbox 679 2389 742 2422; x_wconf 58' lang='lat'><strong>28:</strong></span> <span class='ocrx_word' id='word_1_319' title='bbox 769 2388 974 2431; x_wconf 86' lang='lat' dir='ltr'><strong>Itaqnepul-</strong></span> 
     </span>
     <span class='ocr_line' id='line_1_43' title="bbox 216 2433 977 2476; baseline 0.001 -12"><span class='ocrx_word' id='word_1_320' title='bbox 216 2445 268 2464; x_wconf 89' lang='lat' dir='ltr'><strong>sus</strong></span> <span class='ocrx_word' id='word_1_321' title='bbox 302 2445 363 2475; x_wconf 85' lang='lat' dir='ltr'><strong>ego</strong></span> <span class='ocrx_word' id='word_1_322' title='bbox 395 2433 527 2464; x_wconf 83' lang='lat' dir='ltr'><strong>civitate</strong></span> <span class='ocrx_word' id='word_1_323' title='bbox 559 2445 626 2465; x_wconf 85' lang='lat' dir='ltr'><strong>non</strong></span> <span class='ocrx_word' id='word_1_324' title='bbox 657 2445 747 2471; x_wconf 82' lang='lat' dir='ltr'><strong>sum,</strong></span> <span class='ocrx_word' id='word_1_325' title='bbox 783 2445 866 2476; x_wconf 86' lang='lat' dir='ltr'><strong>quae</strong></span> <span class='ocrx_word' id='word_1_326' title='bbox 888 2436 977 2465; x_wconf 82' lang='lat' dir='ltr'><strong>nulla</strong></span> 
     </span>
     <span class='ocr_line' id='line_1_44' title="bbox 218 2477 975 2521; baseline 0 -13"><span class='ocrx_word' id='word_1_327' title='bbox 218 2484 307 2513; x_wconf 72' lang='lat' dir='ltr'><strong>erat3</strong></span> <span class='ocrx_word' id='word_1_328' title='bbox 332 2478 504 2509; x_wconf 82' lang='lat' dir='ltr'><strong>arcessitus</strong></span> <span class='ocrx_word' id='word_1_329' title='bbox 523 2477 556 2508; x_wconf 90' lang='lat' dir='ltr'><strong>in</strong></span> <span class='ocrx_word' id='word_1_330' title='bbox 581 2478 747 2510; x_wconf 85' lang='lat' dir='ltr'><strong>civitatem</strong></span> <span class='ocrx_word' id='word_1_331' title='bbox 770 2490 851 2517; x_wconf 88' lang='lat' dir='ltr'><strong>sum,</strong></span> <span class='ocrx_word' id='word_1_332' title='bbox 877 2490 975 2521; x_wconf 88' lang='lat' dir='ltr'><strong>quum</strong></span> 
     </span>
     <span class='ocr_line' id='line_1_45' title="bbox 219 2522 976 2566; baseline 0.004 -15"><span class='ocrx_word' id='word_1_333' title='bbox 219 2528 305 2552; x_wconf 88' lang='lat' dir='ltr'><strong>esset</strong></span> <span class='ocrx_word' id='word_1_334' title='bbox 325 2522 358 2552; x_wconf 90' lang='lat' dir='ltr'><strong>in</strong></span> <span class='ocrx_word' id='word_1_335' title='bbox 380 2523 547 2564; x_wconf 86' lang='lat' dir='ltr'><strong>republica</strong></span> <span class='ocrx_word' id='word_1_336' title='bbox 570 2524 693 2562; x_wconf 82' lang='lat' dir='ltr'><strong>consul,</strong></span> <span class='ocrx_word' id='word_1_337' title='bbox 720 2523 858 2566; x_wconf 87' lang='lat' dir='ltr'><strong>quitum</strong></span> <span class='ocrx_word' id='word_1_338' title='bbox 872 2526 976 2555; x_wconf 77' lang='lat' dir='ltr'><strong>nullus</strong></span> 
     </span>
     <span class='ocr_line' id='line_1_46' title="bbox 219 2566 975 2608; baseline 0.004 -12"><span class='ocrx_word' id='word_1_339' title='bbox 219 2566 338 2597; x_wconf 79' lang='lat' dir='ltr'><strong>fuerat.</strong></span> <span class='ocrx_word' id='word_1_340' title='bbox 385 2568 423 2597; x_wconf 91' lang='lat' dir='ltr'><strong>V.</strong></span> <span class='ocrx_word' id='word_1_341' title='bbox 446 2570 646 2608; x_wconf 68' lang='lat' dir='ltr'><strong>Stizrenbury.</strong></span> <span class='ocrx_word' id='word_1_342' title='bbox 670 2568 703 2599; x_wconf 90' lang='lat' dir='ltr'><strong>in</strong></span> <span class='ocrx_word' id='word_1_343' title='bbox 727 2569 910 2600; x_wconf 88' lang='lat' dir='ltr'><strong>Comment.</strong></span> <span class='ocrx_word' id='word_1_344' title='bbox 935 2569 975 2600; x_wconf 88' lang='lat'><strong>11.</strong></span> 
     </span>
     <span class='ocr_line' id='line_1_47' title="bbox 218 2610 534 2651; baseline -0.006 -9"><span class='ocrx_word' id='word_1_345' title='bbox 218 2610 260 2642; x_wconf 84' lang='lat' dir='ltr'><strong>ad</strong></span> <span class='ocrx_word' id='word_1_346' title='bbox 286 2610 380 2641; x_wconf 83' lang='lat' dir='ltr'><strong>Offic.</strong></span> <span class='ocrx_word' id='word_1_347' title='bbox 408 2622 439 2651; x_wconf 89' lang='lat' dir='ltr'><strong>p.</strong></span> <span class='ocrx_word' id='word_1_348' title='bbox 463 2612 534 2643; x_wconf 58' lang='lat'><strong>193.</strong></span> 
     </span>
    </p>

    <p class='ocr_par' dir='ltr' id='par_1_14' title="bbox 286 2655 884 2697">
     <span class='ocr_line' id='line_1_48' title="bbox 286 2655 884 2697; baseline 0.008 -11"><span class='ocrx_word' id='word_1_349' title='bbox 286 2656 471 2691; x_wconf 79' lang='lat' dir='ltr'><strong>Videamus,</strong></span> <span class='ocrx_word' id='word_1_350' title='bbox 495 2655 544 2697; x_wconf 82' lang='lat' dir='ltr'><strong>ne]</strong></span> <span class='ocrx_word' id='word_1_351' title='bbox 571 2657 610 2688; x_wconf 84' lang='lat' dir='ltr'><strong>V.</strong></span> <span class='ocrx_word' id='word_1_352' title='bbox 636 2656 677 2687; x_wconf 87' lang='lat' dir='ltr'><strong>ad</strong></span> <span class='ocrx_word' id='word_1_353' title='bbox 702 2659 725 2688; x_wconf 89' lang='grc' dir='ltr'><strong>Ι.</strong></span> <span class='ocrx_word' id='word_1_354' title='bbox 751 2655 805 2697; x_wconf 69' lang='lat'><strong>34,</strong></span> <span class='ocrx_word' id='word_1_355' title='bbox 830 2658 884 2691; x_wconf 77' lang='lat'><strong>83.</strong></span> 
     </span>
    </p>

    <p class='ocr_par' dir='ltr' id='par_1_15' title="bbox 213 2699 976 2964">
     <span class='ocr_line' id='line_1_49' title="bbox 286 2699 976 2740; baseline 0.007 -10"><span class='ocrx_word' id='word_1_356' title='bbox 286 2700 428 2739; x_wconf 74' lang='lat' dir='ltr'><strong>acervus}</strong></span> <span class='ocrx_word' id='word_1_357' title='bbox 458 2699 541 2729; x_wconf 87' lang='lat' dir='ltr'><strong>Hinc</strong></span> <span class='ocrx_word' id='word_1_358' title='bbox 561 2711 661 2740; x_wconf 77' lang='lat' dir='ltr'><strong>genus</strong></span> <span class='ocrx_word' id='word_1_359' title='bbox 680 2702 761 2734; x_wconf 91' lang='lat' dir='ltr'><strong>illud</strong></span> <span class='ocrx_word' id='word_1_360' title='bbox 776 2702 976 2734; x_wconf 89' lang='lat' dir='ltr'><strong>concluden-</strong></span> 
     </span>
     <span class='ocr_line' id='line_1_50' title="bbox 217 2743 975 2786; baseline 0.005 -11"><span class='ocrx_word' id='word_1_361' title='bbox 217 2744 263 2781; x_wconf 87' lang='lat' dir='ltr'><strong>di,</strong></span> <span class='ocrx_word' id='word_1_362' title='bbox 279 2743 367 2786; x_wconf 86' lang='lat' dir='ltr'><strong>quod</strong></span> <span class='ocrx_word' id='word_1_363' title='bbox 388 2744 506 2774; x_wconf 79' lang='lat' dir='ltr'><strong>sorites</strong></span> <span class='ocrx_word' id='word_1_364' title='bbox 527 2745 723 2785; x_wconf 75' lang='lat' dir='ltr'><strong>appellatur,</strong></span> <span class='ocrx_word' id='word_1_365' title='bbox 749 2747 836 2778; x_wconf 90' lang='lat' dir='ltr'><strong>cuius</strong></span> <span class='ocrx_word' id='word_1_366' title='bbox 854 2747 975 2779; x_wconf 89' lang='lat' dir='ltr'><strong>inven-</strong></span> 
     </span>
     <span class='ocr_line' id='line_1_51' title="bbox 217 2756 972 2842; baseline 0.005 -22"><span class='ocrx_word' id='word_1_367' title='bbox 217 2795 272 2820; x_wconf 87' lang='lat' dir='ltr'><strong>tor</strong></span> <span class='ocrx_word' id='word_1_368' title='bbox 279 2756 497 2830; x_wconf 72' lang='lat' dir='ltr'><strong>thrysippus</strong></span> <span class='ocrx_word' id='word_1_369' title='bbox 519 2795 569 2819; x_wconf 84' lang='lat' dir='ltr'><strong>est</strong></span> <span class='ocrx_word' id='word_1_370' title='bbox 594 2790 636 2831; x_wconf 80' lang='lat' dir='ltr'><strong>(v.</strong></span> <span class='ocrx_word' id='word_1_371' title='bbox 650 2792 792 2823; x_wconf 78' lang='lat' dir='ltr'><strong>Goerenz.</strong></span> <span class='ocrx_word' id='word_1_372' title='bbox 806 2791 847 2822; x_wconf 83' lang='lat' dir='ltr'><strong>ad</strong></span> <span class='ocrx_word' id='word_1_373' title='bbox 869 2793 972 2842; x_wconf 48' lang='grc'><strong>15033.</strong></span> 
     </span>
     <span class='ocr_line' id='line_1_52' title="bbox 217 2834 973 2873; baseline 0.004 -8"><span class='ocrx_word' id='word_1_374' title='bbox 217 2834 420 2871; x_wconf 63' lang='lat'><strong>1.1&amp;,45›.)‚</strong></span> <span class='ocrx_word' id='word_1_375' title='bbox 448 2845 566 2864; x_wconf 87' lang='lat' dir='ltr'><strong>nomen</strong></span> <span class='ocrx_word' id='word_1_376' title='bbox 591 2845 684 2864; x_wconf 88' lang='lat' dir='ltr'><strong>suum</strong></span> <span class='ocrx_word' id='word_1_377' title='bbox 711 2835 857 2873; x_wconf 82' lang='lat' dir='ltr'><strong>invenit</strong></span> <span class='ocrx_word' id='word_1_378' title='bbox 885 2838 973 2868; x_wconf 89' lang='lat' dir='ltr'><strong>cuius</strong></span> 
     </span>
     <span class='ocr_line' id='line_1_53' title="bbox 216 2877 973 2920; baseline 0.001 -11"><span class='ocrx_word' id='word_1_379' title='bbox 216 2877 400 2919; x_wconf 62' lang='lat' dir='ltr'><strong>emmplum</strong></span> <span class='ocrx_word' id='word_1_380' title='bbox 424 2877 532 2919; x_wconf 76' lang='lat' dir='ltr'><strong>paullo</strong></span> <span class='ocrx_word' id='word_1_381' title='bbox 556 2885 630 2919; x_wconf 70' lang='lat' dir='ltr'><strong>post</strong></span> <span class='ocrx_word' id='word_1_382' title='bbox 651 2879 816 2920; x_wconf 79' lang='lat' dir='ltr'><strong>seqnitur:</strong></span> <span class='ocrx_word' id='word_1_383' title='bbox 843 2881 973 2913; x_wconf 84' lang='lat' dir='ltr'><strong>Etenim</strong></span> 
     </span>
     <span class='ocr_line' id='line_1_54' title="bbox 213 2924 810 2964; baseline 0.003 -11"><span class='ocrx_word' id='word_1_384' title='bbox 213 2924 358 2964; x_wconf 74' lang='lat' dir='ltr'><strong>quiequid</strong></span> <span class='ocrx_word' id='word_1_385' title='bbox 385 2943 424 2946; x_wconf 96' lang='lat'>—</span> <span class='ocrx_word' id='word_1_386' title='bbox 450 2925 482 2954; x_wconf 67' lang='lat' dir='ltr'><strong>iil</strong></span> <span class='ocrx_word' id='word_1_387' title='bbox 506 2926 543 2954; x_wconf 80' lang='lat' dir='ltr'><strong>sit</strong></span> <span class='ocrx_word' id='word_1_388' title='bbox 567 2925 665 2955; x_wconf 78' lang='lat' dir='ltr'><strong>solum</strong></span> <span class='ocrx_word' id='word_1_389' title='bbox 688 2926 810 2955; x_wconf 76' lang='lat' dir='ltr'><strong>bonum.</strong></span> 
     </span>
    </p>
   </div>
   <div class='ocr_carea' id='block_1_11' title="bbox 936 2255 1408 2294">
    <p class='ocr_par' dir='ltr' id='par_1_16' title="bbox 936 2255 1408 2294">
     <span class='ocr_line' id='line_1_55' title="bbox 936 2255 1408 2294; baseline 0.004 -8"><span class='ocrx_word' id='word_1_390' title='bbox 936 2256 975 2288; x_wconf 85' lang='lat' dir='ltr'><strong>L.</strong></span> <span class='ocrx_word' id='word_1_391' title='bbox 1010 2255 1081 2288; x_wconf 89' lang='lat' dir='ltr'><strong>vius</strong></span> <span class='ocrx_word' id='word_1_392' title='bbox 1107 2256 1176 2289; x_wconf 89' lang='lat' dir='ltr'><strong>Fin.</strong></span> <span class='ocrx_word' id='word_1_393' title='bbox 1203 2257 1258 2288; x_wconf 88' lang='lat'><strong>111.</strong></span> <span class='ocrx_word' id='word_1_394' title='bbox 1283 2260 1321 2294; x_wconf 63' lang='lat' dir='ltr'><strong>S,</strong></span> <span class='ocrx_word' id='word_1_395' title='bbox 1347 2257 1408 2290; x_wconf 69' lang='lat'><strong>27:</strong></span> 
     </span>
    </p>
   </div>
   <div class='ocr_carea' id='block_1_12' title="bbox 1327 1385 1774 1423">
    <p class='ocr_par' dir='ltr' id='par_1_17' title="bbox 1327 1385 1774 1423">
     <span class='ocr_line' id='line_1_56' title="bbox 1327 1385 1774 1423; baseline -0.002 -5.943"><span class='ocrx_word' id='word_1_396' title='bbox 1327 1408 1357 1417; x_wconf 92' lang='grc'><strong>.</strong></span> <span class='ocrx_word' id='word_1_397' title='bbox 1382 1385 1458 1418; x_wconf 85' lang='lat' dir='ltr'><strong>edd.</strong></span> <span class='ocrx_word' id='word_1_398' title='bbox 1481 1392 1563 1419; x_wconf 85' lang='lat' dir='ltr'><strong>vett</strong></span> <span class='ocrx_word' id='word_1_399' title='bbox 1586 1387 1617 1418; x_wconf 90' lang='lat' dir='ltr'><strong>S.</strong></span> <span class='ocrx_word' id='word_1_400' title='bbox 1633 1385 1688 1423; x_wconf 83' lang='lat' dir='ltr'><strong>E.;</strong></span> <span class='ocrx_word' id='word_1_401' title='bbox 1718 1387 1774 1417; x_wconf 87' lang='grc' dir='ltr'><strong>Οι.</strong></span> 
     </span>
    </p>
   </div>
   <div class='ocr_carea' id='block_1_13' title="bbox 1009 1496 1776 2577">
    <p class='ocr_par' dir='ltr' id='par_1_18' title="bbox 1010 1496 1776 2209">
     <span class='ocr_line' id='line_1_57' title="bbox 1082 1496 1776 1539; baseline 0 -11"><span class='ocrx_word' id='word_1_402' title='bbox 1082 1498 1218 1539; x_wconf 79' lang='lat' dir='ltr'><strong>beatum]</strong></span> <span class='ocrx_word' id='word_1_403' title='bbox 1245 1497 1322 1530; x_wconf 84' lang='lat' dir='ltr'><strong>Ern.</strong></span> <span class='ocrx_word' id='word_1_404' title='bbox 1339 1508 1356 1528; x_wconf 89' lang='lat' dir='ltr'><strong>e</strong></span> <span class='ocrx_word' id='word_1_405' title='bbox 1373 1497 1451 1533; x_wconf 73' lang='lat' dir='ltr'><strong>¹cod.</strong></span> <span class='ocrx_word' id='word_1_406' title='bbox 1468 1496 1578 1528; x_wconf 74' lang='lat' dir='ltr'><strong>Guelt‘.</strong></span> <span class='ocrx_word' id='word_1_407' title='bbox 1597 1498 1776 1537; x_wconf 80' lang='lat' dir='ltr'><strong>efficiendus</strong></span> 
     </span>
     <span class='ocr_line' id='line_1_58' title="bbox 1014 1541 1775 1584; baseline -0.001 -11"><span class='ocrx_word' id='word_1_408' title='bbox 1014 1545 1056 1573; x_wconf 81' lang='lat' dir='ltr'><strong>est</strong></span> <span class='ocrx_word' id='word_1_409' title='bbox 1078 1544 1194 1573; x_wconf 80' lang='lat' dir='ltr'><strong>beatus.</strong></span> <span class='ocrx_word' id='word_1_410' title='bbox 1243 1546 1286 1573; x_wconf 80' lang='lat' dir='ltr'><strong>At</strong></span> <span class='ocrx_word' id='word_1_411' title='bbox 1308 1541 1379 1584; x_wconf 88' lang='lat' dir='ltr'><strong>quis</strong></span> <span class='ocrx_word' id='word_1_412' title='bbox 1402 1553 1544 1584; x_wconf 73' lang='lat' dir='ltr'><strong>unquam</strong></span> <span class='ocrx_word' id='word_1_413' title='bbox 1565 1541 1665 1571; x_wconf 76' lang='lat' dir='ltr'><strong>dixit:</strong></span> <span class='ocrx_word' id='word_1_414' title='bbox 1693 1541 1775 1572; x_wconf 80' lang='lat' dir='ltr'><strong>bea-</strong></span> 
     </span>
     <span class='ocr_line' id='line_1_59' title="bbox 1012 1585 1773 1618; baseline -0.001 -1"><span class='ocrx_word' id='word_1_415' title='bbox 1012 1593 1065 1617; x_wconf 84' lang='lat' dir='ltr'><strong>tus</strong></span> <span class='ocrx_word' id='word_1_416' title='bbox 1087 1586 1230 1618; x_wconf 84' lang='lat' dir='ltr'><strong>efficitur</strong></span> <span class='ocrx_word' id='word_1_417' title='bbox 1250 1598 1289 1617; x_wconf 82' lang='lat' dir='ltr'><strong>ex</strong></span> <span class='ocrx_word' id='word_1_418' title='bbox 1311 1586 1431 1617; x_wconf 71' lang='lat' dir='ltr'><strong>bonis?</strong></span> <span class='ocrx_word' id='word_1_419' title='bbox 1460 1586 1506 1616; x_wconf 79' lang='lat' dir='ltr'><strong>uti</strong></span> <span class='ocrx_word' id='word_1_420' title='bbox 1527 1592 1616 1616; x_wconf 84' lang='lat' dir='ltr'><strong>recte</strong></span> <span class='ocrx_word' id='word_1_421' title='bbox 1631 1585 1773 1617; x_wconf 85' lang='lat' dir='ltr'><strong>VVolfius</strong></span> 
     </span>
     <span class='ocr_line' id='line_1_60' title="bbox 1013 1630 1776 1663; baseline -0.001 -1"><span class='ocrx_word' id='word_1_422' title='bbox 1013 1630 1120 1663; x_wconf 84' lang='lat' dir='ltr'><strong>addit.</strong></span> <span class='ocrx_word' id='word_1_423' title='bbox 1162 1633 1294 1662; x_wconf 86' lang='lat' dir='ltr'><strong>Beatum</strong></span> <span class='ocrx_word' id='word_1_424' title='bbox 1326 1631 1358 1662; x_wconf 92' lang='lat' dir='ltr'><strong>h.</strong></span> <span class='ocrx_word' id='word_1_425' title='bbox 1383 1631 1403 1662; x_wconf 95' lang='lat' dir='ltr'><strong>l.</strong></span> <span class='ocrx_word' id='word_1_426' title='bbox 1438 1630 1558 1661; x_wconf 85' lang='lat' dir='ltr'><strong>dicitur</strong></span> <span class='ocrx_word' id='word_1_427' title='bbox 1580 1630 1776 1661; x_wconf 80' lang='lat' dir='ltr'><strong>substantivi</strong></span> 
     </span>
     <span class='ocr_line' id='line_1_61' title="bbox 1012 1672 1771 1718; baseline -0.001 -11"><span class='ocrx_word' id='word_1_428' title='bbox 1012 1676 1108 1714; x_wconf 89' lang='lat' dir='ltr'><strong>Ioco,</strong></span> <span class='ocrx_word' id='word_1_429' title='bbox 1143 1673 1180 1709; x_wconf 78' lang='grc' dir='ltr'><strong>τὸ</strong></span> <span class='ocrx_word' id='word_1_430' title='bbox 1205 1674 1385 1718; x_wconf 79' lang='grc' dir='ltr'><strong>μακάριον,</strong></span> <span class='ocrx_word' id='word_1_431' title='bbox 1412 1682 1447 1707; x_wconf 90' lang='lat' dir='ltr'><strong>ut</strong></span> <span class='ocrx_word' id='word_1_432' title='bbox 1472 1675 1543 1708; x_wconf 91' lang='lat' dir='ltr'><strong>Fin.</strong></span> <span class='ocrx_word' id='word_1_433' title='bbox 1567 1676 1605 1707; x_wconf 92' lang='lat' dir='ltr'><strong>V.</strong></span> <span class='ocrx_word' id='word_1_434' title='bbox 1633 1676 1686 1713; x_wconf 54' lang='lat'><strong>2&amp;</strong></span> <span class='ocrx_word' id='word_1_435' title='bbox 1708 1672 1771 1707; x_wconf 66' lang='lat'><strong>&amp;42</strong></span> 
     </span>
     <span class='ocr_line' id='line_1_62' title="bbox 1013 1719 1773 1763; baseline -0.001 -12"><span class='ocrx_word' id='word_1_436' title='bbox 1013 1721 1188 1760; x_wconf 87' lang='lat' dir='ltr'><strong>virtutem,</strong></span> <span class='ocrx_word' id='word_1_437' title='bbox 1225 1720 1258 1751; x_wconf 92' lang='lat' dir='ltr'><strong>in</strong></span> <span class='ocrx_word' id='word_1_438' title='bbox 1284 1732 1346 1762; x_wconf 86' lang='lat' dir='ltr'><strong>qua</strong></span> <span class='ocrx_word' id='word_1_439' title='bbox 1371 1720 1414 1751; x_wconf 85' lang='lat' dir='ltr'><strong>sit</strong></span> <span class='ocrx_word' id='word_1_440' title='bbox 1437 1720 1541 1763; x_wconf 87' lang='lat' dir='ltr'><strong>ipsum</strong></span> <span class='ocrx_word' id='word_1_441' title='bbox 1568 1719 1666 1751; x_wconf 83' lang='lat' dir='ltr'><strong>etiam</strong></span> <span class='ocrx_word' id='word_1_442' title='bbox 1690 1719 1773 1750; x_wconf 86' lang='lat' dir='ltr'><strong>bea—</strong></span> 
     </span>
     <span class='ocr_line' id='line_1_63' title="bbox 1011 1764 1772 1807; baseline 0 -11"><span class='ocrx_word' id='word_1_443' title='bbox 1011 1772 1099 1796; x_wconf 82' lang='lat' dir='ltr'><strong>tum:</strong></span> <span class='ocrx_word' id='word_1_444' title='bbox 1124 1765 1178 1796; x_wconf 91' lang='lat' dir='ltr'><strong>ubi</strong></span> <span class='ocrx_word' id='word_1_445' title='bbox 1203 1766 1246 1797; x_wconf 84' lang='lat' dir='ltr'><strong>cf.</strong></span> <span class='ocrx_word' id='word_1_446' title='bbox 1274 1768 1417 1796; x_wconf 79' lang='lat' dir='ltr'><strong>Goerenz.</strong></span> <span class='ocrx_word' id='word_1_447' title='bbox 1443 1777 1474 1807; x_wconf 92' lang='lat' dir='ltr'><strong>p.</strong></span> <span class='ocrx_word' id='word_1_448' title='bbox 1488 1764 1565 1798; x_wconf 76' lang='lat'><strong>637.</strong></span> <span class='ocrx_word' id='word_1_449' title='bbox 1606 1764 1772 1796; x_wconf 79' lang='lat' dir='ltr'><strong>Abstinuit</strong></span> 
     </span>
     <span class='ocr_line' id='line_1_64' title="bbox 1011 1809 1772 1852; baseline -0.003 -11"><span class='ocrx_word' id='word_1_450' title='bbox 1011 1810 1078 1841; x_wconf 92' lang='lat' dir='ltr'><strong>h.l.</strong></span> <span class='ocrx_word' id='word_1_451' title='bbox 1103 1810 1211 1841; x_wconf 85' lang='lat' dir='ltr'><strong>verbis</strong></span> <span class='ocrx_word' id='word_1_452' title='bbox 1235 1813 1301 1842; x_wconf 70' lang='lat' dir='ltr'><strong>vua</strong></span> <span class='ocrx_word' id='word_1_453' title='bbox 1325 1812 1414 1841; x_wconf 84' lang='lat' dir='ltr'><strong>beata</strong></span> <span class='ocrx_word' id='word_1_454' title='bbox 1438 1810 1479 1841; x_wconf 91' lang='lat' dir='ltr'><strong>ob</strong></span> <span class='ocrx_word' id='word_1_455' title='bbox 1500 1809 1594 1840; x_wconf 89' lang='lat' dir='ltr'><strong>nimis</strong></span> <span class='ocrx_word' id='word_1_456' title='bbox 1612 1810 1772 1852; x_wconf 82' lang='lat' dir='ltr'><strong>frequen-</strong></span> 
     </span>
     <span class='ocr_line' id='line_1_65' title="bbox 1011 1854 1772 1891; baseline 0 -5"><span class='ocrx_word' id='word_1_457' title='bbox 1011 1861 1078 1886; x_wconf 89' lang='lat' dir='ltr'><strong>tem</strong></span> <span class='ocrx_word' id='word_1_458' title='bbox 1103 1866 1216 1886; x_wconf 88' lang='lat' dir='ltr'><strong>eorum</strong></span> <span class='ocrx_word' id='word_1_459' title='bbox 1239 1866 1427 1891; x_wconf 70' lang='lat' dir='ltr'><strong>recursum3</strong></span> <span class='ocrx_word' id='word_1_460' title='bbox 1461 1854 1594 1885; x_wconf 86' lang='lat' dir='ltr'><strong>nomina</strong></span> <span class='ocrx_word' id='word_1_461' title='bbox 1620 1856 1772 1887; x_wconf 78' lang='lat' dir='ltr'><strong>beatitatis</strong></span> 
     </span>
     <span class='ocr_line' id='line_1_66' title="bbox 1013 1898 1771 1941; baseline -0.001 -11"><span class='ocrx_word' id='word_1_462' title='bbox 1013 1906 1045 1931; x_wconf 85' lang='lat' dir='ltr'><strong>et</strong></span> <span class='ocrx_word' id='word_1_463' title='bbox 1068 1902 1266 1931; x_wconf 70' lang='lat' dir='ltr'><strong>beatitudinis</strong></span> <span class='ocrx_word' id='word_1_464' title='bbox 1284 1906 1400 1941; x_wconf 78' lang='lat' dir='ltr'><strong>postea</strong></span> <span class='ocrx_word' id='word_1_465' title='bbox 1415 1899 1545 1930; x_wconf 87' lang='lat' dir='ltr'><strong>demum</strong></span> <span class='ocrx_word' id='word_1_466' title='bbox 1565 1899 1704 1938; x_wconf 82' lang='lat' dir='ltr'><strong>effinxit,</strong></span> <span class='ocrx_word' id='word_1_467' title='bbox 1731 1898 1771 1929; x_wconf 90' lang='lat' dir='ltr'><strong>de</strong></span> 
     </span>
     <span class='ocr_line' id='line_1_67' title="bbox 1012 1943 1770 1987; baseline -0.003 -12"><span class='ocrx_word' id='word_1_468' title='bbox 1012 1945 1126 1987; x_wconf 89' lang='lat' dir='ltr'><strong>quibus</strong></span> <span class='ocrx_word' id='word_1_469' title='bbox 1149 1944 1190 1975; x_wconf 88' lang='lat' dir='ltr'><strong>de</strong></span> <span class='ocrx_word' id='word_1_470' title='bbox 1212 1945 1253 1976; x_wconf 89' lang='lat' dir='ltr'><strong>N.</strong></span> <span class='ocrx_word' id='word_1_471' title='bbox 1273 1945 1312 1975; x_wconf 92' lang='lat' dir='ltr'><strong>D.</strong></span> <span class='ocrx_word' id='word_1_472' title='bbox 1335 1945 1359 1975; x_wconf 86' lang='lat'><strong>1.</strong></span> <span class='ocrx_word' id='word_1_473' title='bbox 1384 1947 1409 1986; x_wconf 46' lang='grc' dir='ltr'><strong>ᾗ.</strong></span> <span class='ocrx_word' id='word_1_474' title='bbox 1426 1944 1478 1976; x_wconf 80' lang='lat'><strong>95.</strong></span> <span class='ocrx_word' id='word_1_475' title='bbox 1503 1943 1572 1985; x_wconf 88' lang='lat' dir='ltr'><strong>ipse</strong></span> <span class='ocrx_word' id='word_1_476' title='bbox 1597 1943 1662 1976; x_wconf 88' lang='lat' dir='ltr'><strong>sic:</strong></span> <span class='ocrx_word' id='word_1_477' title='bbox 1689 1949 1770 1982; x_wconf 83' lang='lat' dir='ltr'><strong>„aut</strong></span> 
     </span>
     <span class='ocr_line' id='line_1_68' title="bbox 1010 1987 1773 2021; baseline -0.003 -1"><span class='ocrx_word' id='word_1_478' title='bbox 1010 1990 1073 2021; x_wconf 80' lang='lat' dir='ltr'><strong>ista</strong></span> <span class='ocrx_word' id='word_1_479' title='bbox 1097 1989 1166 2020; x_wconf 86' lang='lat' dir='ltr'><strong>sive</strong></span> <span class='ocrx_word' id='word_1_480' title='bbox 1199 1991 1329 2020; x_wconf 80' lang='lat' dir='ltr'><strong>beatitas</strong></span> <span class='ocrx_word' id='word_1_481' title='bbox 1361 1989 1429 2020; x_wconf 89' lang='lat' dir='ltr'><strong>sive</strong></span> <span class='ocrx_word' id='word_1_482' title='bbox 1455 1990 1609 2020; x_wconf 83' lang='lat' dir='ltr'><strong>beatitudo</strong></span> <span class='ocrx_word' id='word_1_483' title='bbox 1633 1987 1773 2019; x_wconf 80' lang='lat' dir='ltr'><strong>dicenda</strong></span> 
     </span>
     <span class='ocr_line' id='line_1_69' title="bbox 1013 2032 1771 2076; baseline -0.001 -12"><span class='ocrx_word' id='word_1_484' title='bbox 1013 2041 1063 2065; x_wconf 88' lang='lat' dir='ltr'><strong>est</strong></span> <span class='ocrx_word' id='word_1_485' title='bbox 1090 2036 1275 2076; x_wconf 80' lang='lat' dir='ltr'><strong>(utrumque</strong></span> <span class='ocrx_word' id='word_1_486' title='bbox 1301 2034 1434 2065; x_wconf 85' lang='lat' dir='ltr'><strong>omnino</strong></span> <span class='ocrx_word' id='word_1_487' title='bbox 1460 2033 1596 2071; x_wconf 89' lang='lat' dir='ltr'><strong>durum,</strong></span> <span class='ocrx_word' id='word_1_488' title='bbox 1630 2032 1689 2063; x_wconf 87' lang='lat' dir='ltr'><strong>sed</strong></span> <span class='ocrx_word' id='word_1_489' title='bbox 1714 2044 1771 2063; x_wconf 91' lang='lat' dir='ltr'><strong>usu</strong></span> 
     </span>
     <span class='ocr_line' id='line_1_70' title="bbox 1011 2077 1771 2118; baseline -0.001 -9"><span class='ocrx_word' id='word_1_490' title='bbox 1011 2078 1191 2110; x_wconf 80' lang='lat' dir='ltr'><strong>mollienda</strong></span> <span class='ocrx_word' id='word_1_491' title='bbox 1226 2079 1325 2109; x_wconf 85' lang='lat' dir='ltr'><strong>verba</strong></span> <span class='ocrx_word' id='word_1_492' title='bbox 1358 2079 1484 2118; x_wconf 77' lang='lat' dir='ltr'><strong>sunt).“</strong></span> <span class='ocrx_word' id='word_1_493' title='bbox 1534 2077 1584 2108; x_wconf 85' lang='lat' dir='ltr'><strong>Cf.</strong></span> <span class='ocrx_word' id='word_1_494' title='bbox 1611 2077 1771 2110; x_wconf 84' lang='lat' dir='ltr'><strong>VVolfium</strong></span> 
     </span>
     <span class='ocr_line' id='line_1_71' title="bbox 1013 2121 1770 2166; baseline 0.003 -13"><span class='ocrx_word' id='word_1_495' title='bbox 1013 2129 1046 2154; x_wconf 87' lang='lat' dir='ltr'><strong>et</strong></span> <span class='ocrx_word' id='word_1_496' title='bbox 1070 2123 1245 2162; x_wconf 87' lang='lat' dir='ltr'><strong>Orellium,</strong></span> <span class='ocrx_word' id='word_1_497' title='bbox 1272 2123 1326 2166; x_wconf 88' lang='lat' dir='ltr'><strong>qui</strong></span> <span class='ocrx_word' id='word_1_498' title='bbox 1352 2122 1508 2162; x_wconf 88' lang='lat' dir='ltr'><strong>Quinctil.</strong></span> <span class='ocrx_word' id='word_1_499' title='bbox 1534 2123 1623 2154; x_wconf 88' lang='lat' dir='ltr'><strong>VIII.</strong></span> <span class='ocrx_word' id='word_1_500' title='bbox 1647 2121 1688 2162; x_wconf 85' lang='lat'><strong>3,</strong></span> <span class='ocrx_word' id='word_1_501' title='bbox 1715 2122 1770 2155; x_wconf 69' lang='grc'><em>32.</em></span> 
     </span>
     <span class='ocr_line' id='line_1_72' title="bbox 1012 2174 1192 2209; baseline 0 -11"><span class='ocrx_word' id='word_1_502' title='bbox 1012 2174 1192 2209; x_wconf 83' lang='lat' dir='ltr'><strong>comparat.</strong></span> 
     </span>
    </p>

    <p class='ocr_par' dir='ltr' id='par_1_19' title="bbox 1009 2212 1770 2566">
     <span class='ocr_line' id='line_1_73' title="bbox 1077 2212 1770 2252; baseline -0.003 -9"><span class='ocrx_word' id='word_1_503' title='bbox 1077 2213 1223 2252; x_wconf 80' lang='lat' dir='ltr'><strong>quicquid</strong></span> <span class='ocrx_word' id='word_1_504' title='bbox 1238 2216 1290 2251; x_wconf 75' lang='lat' dir='ltr'><strong>est,</strong></span> <span class='ocrx_word' id='word_1_505' title='bbox 1308 2214 1390 2252; x_wconf 81' lang='lat' dir='ltr'><strong>quod</strong></span> <span class='ocrx_word' id='word_1_506' title='bbox 1406 2214 1518 2243; x_wconf 78' lang='lat' dir='ltr'><strong>bonam</strong></span> <span class='ocrx_word' id='word_1_507' title='bbox 1531 2214 1570 2242; x_wconf 83' lang='lat' dir='ltr'><strong>stt</strong></span> <span class='ocrx_word' id='word_1_508' title='bbox 1588 2212 1665 2251; x_wconf 62' lang='lat' dir='ltr'><strong>ete]</strong></span> <span class='ocrx_word' id='word_1_509' title='bbox 1691 2212 1770 2242; x_wconf 78' lang='lat' dir='ltr'><strong>Bre—</strong></span> 
     </span>
     <span class='ocr_line' id='line_1_74' title="bbox 1442 2255 1770 2295; baseline 0 -9"><span class='ocrx_word' id='word_1_510' title='bbox 1442 2255 1538 2295; x_wconf 85' lang='lat' dir='ltr'><strong>Quod</strong></span> <span class='ocrx_word' id='word_1_511' title='bbox 1563 2261 1612 2286; x_wconf 86' lang='lat' dir='ltr'><strong>est</strong></span> <span class='ocrx_word' id='word_1_512' title='bbox 1637 2255 1770 2294; x_wconf 85' lang='lat' dir='ltr'><strong>bonurn,</strong></span> 
     </span>
     <span class='ocr_line' id='line_1_75' title="bbox 1011 2300 1768 2343; baseline -0.001 -11"><span class='ocrx_word' id='word_1_513' title='bbox 1011 2312 1109 2333; x_wconf 91' lang='lat' dir='ltr'><strong>omne</strong></span> <span class='ocrx_word' id='word_1_514' title='bbox 1129 2300 1293 2332; x_wconf 88' lang='lat' dir='ltr'><strong>laudabile</strong></span> <span class='ocrx_word' id='word_1_515' title='bbox 1314 2307 1383 2335; x_wconf 72' lang='lat' dir='ltr'><strong>est3</strong></span> <span class='ocrx_word' id='word_1_516' title='bbox 1409 2300 1497 2343; x_wconf 89' lang='lat' dir='ltr'><strong>quod</strong></span> <span class='ocrx_word' id='word_1_517' title='bbox 1519 2306 1626 2331; x_wconf 82' lang='lat' dir='ltr'><strong>autem</strong></span> <span class='ocrx_word' id='word_1_518' title='bbox 1651 2300 1768 2331; x_wconf 69' lang='lat' dir='ltr'><strong>lauda-</strong></span> 
     </span>
     <span class='ocr_line' id='line_1_76' title="bbox 1010 2345 1770 2383; baseline 0 -7"><span class='ocrx_word' id='word_1_519' title='bbox 1010 2345 1076 2376; x_wconf 90' lang='lat' dir='ltr'><strong>bile</strong></span> <span class='ocrx_word' id='word_1_520' title='bbox 1101 2352 1169 2383; x_wconf 86' lang='lat' dir='ltr'><strong>est,</strong></span> <span class='ocrx_word' id='word_1_521' title='bbox 1206 2357 1303 2376; x_wconf 84' lang='lat' dir='ltr'><strong>omne</strong></span> <span class='ocrx_word' id='word_1_522' title='bbox 1338 2352 1388 2376; x_wconf 88' lang='lat' dir='ltr'><strong>est</strong></span> <span class='ocrx_word' id='word_1_523' title='bbox 1412 2346 1595 2376; x_wconf 81' lang='lat' dir='ltr'><strong>honestum.</strong></span> <span class='ocrx_word' id='word_1_524' title='bbox 1646 2345 1770 2376; x_wconf 84' lang='lat' dir='ltr'><strong>Bonum</strong></span> 
     </span>
     <span class='ocr_line' id='line_1_77' title="bbox 1010 2389 1770 2433; baseline 0 -12"><span class='ocrx_word' id='word_1_525' title='bbox 1010 2390 1109 2432; x_wconf 84' lang='lat' dir='ltr'><strong>igitur</strong></span> <span class='ocrx_word' id='word_1_526' title='bbox 1133 2390 1222 2433; x_wconf 90' lang='lat' dir='ltr'><strong>quod</strong></span> <span class='ocrx_word' id='word_1_527' title='bbox 1246 2397 1306 2428; x_wconf 85' lang='lat' dir='ltr'><strong>est,</strong></span> <span class='ocrx_word' id='word_1_528' title='bbox 1330 2390 1506 2421; x_wconf 85' lang='lat' dir='ltr'><strong>honestum</strong></span> <span class='ocrx_word' id='word_1_529' title='bbox 1531 2396 1597 2420; x_wconf 83' lang='lat' dir='ltr'><strong>est:</strong></span> <span class='ocrx_word' id='word_1_530' title='bbox 1625 2389 1679 2420; x_wconf 89' lang='lat' dir='ltr'><strong>ubi</strong></span> <span class='ocrx_word' id='word_1_531' title='bbox 1693 2392 1770 2421; x_wconf 87' lang='lat' dir='ltr'><strong>Goe-</strong></span> 
     </span>
     <span class='ocr_line' id='line_1_78' title="bbox 1009 2435 1769 2488; baseline -0.004 -21"><span class='ocrx_word' id='word_1_532' title='bbox 1009 2435 1417 2477; x_wconf 82' lang='lat' dir='ltr'><strong>renz.comp.P1uta1ch</strong></span> <span class='ocrx_word' id='word_1_533' title='bbox 1443 2435 1543 2466; x_wconf 90' lang='lat' dir='ltr'><strong>Stoic.</strong></span> <span class='ocrx_word' id='word_1_534' title='bbox 1565 2435 1713 2488; x_wconf 55' lang='lat' dir='ltr'><strong>Repu&#39;gn.</strong></span> <span class='ocrx_word' id='word_1_535' title='bbox 1739 2446 1769 2476; x_wconf 88' lang='lat' dir='ltr'><strong>p.</strong></span> 
     </span>
     <span class='ocr_line' id='line_1_79' title="bbox 1014 2475 1768 2531; baseline -0.001 -20"><span class='ocrx_word' id='word_1_536' title='bbox 1014 2480 1120 2512; x_wconf 65' lang='lat'>1030:</span> <span class='ocrx_word' id='word_1_537' title='bbox 1156 2478 1193 2513; x_wconf 79' lang='grc' dir='ltr'><strong>τὸ</strong></span> <span class='ocrx_word' id='word_1_538' title='bbox 1223 2476 1350 2521; x_wconf 65' lang='grc' dir='ltr'>οἷγαξῖόν</span> <span class='ocrx_word' id='word_1_539' title='bbox 1382 2478 1531 2520; x_wconf 79' lang='grc' dir='ltr'>αἱρετόν·</span> <span class='ocrx_word' id='word_1_540' title='bbox 1568 2477 1605 2512; x_wconf 83' lang='grc' dir='ltr'><strong>τὸ</strong></span> <span class='ocrx_word' id='word_1_541' title='bbox 1630 2475 1659 2510; x_wconf 78' lang='grc' dir='ltr'><strong>δ’</strong></span> <span class='ocrx_word' id='word_1_542' title='bbox 1680 2478 1768 2531; x_wconf 80' lang='grc' dir='ltr'>αἱρε-</span> 
     </span>
     <span class='ocr_line' id='line_1_80' title="bbox 1009 2518 1766 2577; baseline -0.003 -20"><span class='ocrx_word' id='word_1_543' title='bbox 1009 2536 1066 2557; x_wconf 82' lang='grc' dir='ltr'><strong>τον</strong></span> <span class='ocrx_word' id='word_1_544' title='bbox 1088 2520 1258 2577; x_wconf 59' lang='grc' dir='ltr'>οἷρεστόθ·</span> <span class='ocrx_word' id='word_1_545' title='bbox 1291 2522 1328 2557; x_wconf 83' lang='grc' dir='ltr'><strong>τὸ</strong></span> <span class='ocrx_word' id='word_1_546' title='bbox 1352 2522 1381 2559; x_wconf 79' lang='grc' dir='ltr'><strong>δ’</strong></span> <span class='ocrx_word' id='word_1_547' title='bbox 1407 2521 1546 2566; x_wconf 67' lang='grc' dir='ltr'><strong>ἀρεστὰ)</strong></span> <span class='ocrx_word' id='word_1_548' title='bbox 1579 2518 1766 2556; x_wconf 78' lang='grc' dir='ltr'>ἐπαινετόν·</span> 
     </span>
    </p>
   </div>
   <div class='ocr_carea' id='block_1_14' title="bbox 1009 2564 1768 2656">
    <p class='ocr_par' dir='ltr' id='par_1_20' title="bbox 1009 2564 1768 2655">
     <span class='ocr_line' id='line_1_81' title="bbox 1009 2564 1768 2603; baseline -0.008 0"><span class='ocrx_word' id='word_1_549' title='bbox 1009 2581 1046 2602; x_wconf 87' lang='grc' dir='ltr'><strong>το</strong></span> <span class='ocrx_word' id='word_1_550' title='bbox 1067 2564 1096 2602; x_wconf 81' lang='grc' dir='ltr'><strong>δ’</strong></span> <span class='ocrx_word' id='word_1_551' title='bbox 1111 2567 1279 2603; x_wconf 75' lang='grc' dir='ltr'>ἐπαινετὸν</span> <span class='ocrx_word' id='word_1_552' title='bbox 1304 2568 1413 2603; x_wconf 86' lang='grc' dir='ltr'><strong>καλόν.</strong></span> <span class='ocrx_word' id='word_1_553' title='bbox 1432 2572 1637 2600; x_wconf 78' lang='lat' dir='ltr'><strong>Tennemarm.</strong></span> <span class='ocrx_word' id='word_1_554' title='bbox 1650 2567 1768 2598; x_wconf 88' lang='lat' dir='ltr'><strong>Gesch.</strong></span> 
     </span>
     <span class='ocr_line' id='line_1_82' title="bbox 1011 2612 1767 2656; baseline -0.003 -12"><span class='ocrx_word' id='word_1_555' title='bbox 1011 2613 1043 2645; x_wconf 89' lang='lat' dir='ltr'><strong>d.</strong></span> <span class='ocrx_word' id='word_1_556' title='bbox 1058 2613 1141 2645; x_wconf 89' lang='lat' dir='ltr'><strong>Phil.</strong></span> <span class='ocrx_word' id='word_1_557' title='bbox 1157 2615 1197 2646; x_wconf 91' lang='lat' dir='ltr'><strong>T.</strong></span> <span class='ocrx_word' id='word_1_558' title='bbox 1213 2615 1301 2656; x_wconf 86' lang='lat' dir='ltr'><strong>1V.p</strong></span> <span class='ocrx_word' id='word_1_559' title='bbox 1305 2614 1427 2656; x_wconf 64' lang='lat' dir='ltr'><strong>‚83sq.</strong></span> <span class='ocrx_word' id='word_1_560' title='bbox 1443 2612 1657 2655; x_wconf 81' lang='lat' dir='ltr'><strong>provocatad</strong></span> <span class='ocrx_word' id='word_1_561' title='bbox 1672 2612 1767 2653; x_wconf 79' lang='lat' dir='ltr'><strong>Diog.</strong></span> 
     </span>
    </p>
   </div>
   <div class='ocr_carea' id='block_1_15' title="bbox 1007 2626 1769 2968">
    <p class='ocr_par' dir='ltr' id='par_1_21' title="bbox 1008 2626 1769 2879">
     <span class='ocr_line' id='line_1_83' title="bbox 1010 2626 1769 2697; baseline -0.004 -8"><span class='ocrx_word' id='word_1_562' title='bbox 1010 2659 1124 2690; x_wconf 87' lang='lat' dir='ltr'><strong>Laert.</strong></span> <span class='ocrx_word' id='word_1_563' title='bbox 1153 2658 1185 2697; x_wconf 77' lang='lat'><strong>7,</strong></span> <span class='ocrx_word' id='word_1_564' title='bbox 1213 2658 1285 2691; x_wconf 89' lang='lat'><strong>101.</strong></span> <span class='ocrx_word' id='word_1_565' title='bbox 1325 2626 1557 2689; x_wconf 78' lang='lat' dir='ltr'><strong>Coniqunctivus</strong></span> <span class='ocrx_word' id='word_1_566' title='bbox 1579 2658 1618 2687; x_wconf 80' lang='lat' dir='ltr'><strong>sit</strong></span> <span class='ocrx_word' id='word_1_567' title='bbox 1639 2656 1685 2687; x_wconf 85' lang='lat' dir='ltr'><strong>ita</strong></span> <span class='ocrx_word' id='word_1_568' title='bbox 1709 2668 1769 2687; x_wconf 81' lang='lat' dir='ltr'><strong>ex·-</strong></span> 
     </span>
     <span class='ocr_line' id='line_1_84' title="bbox 1010 2702 1768 2745; baseline -0.004 -11"><span class='ocrx_word' id='word_1_569' title='bbox 1010 2703 1181 2745; x_wconf 86' lang='lat' dir='ltr'><strong>plieandus</strong></span> <span class='ocrx_word' id='word_1_570' title='bbox 1208 2709 1274 2734; x_wconf 88' lang='lat' dir='ltr'><strong>est:</strong></span> <span class='ocrx_word' id='word_1_571' title='bbox 1313 2702 1468 2745; x_wconf 88' lang='lat' dir='ltr'><strong>quicquid</strong></span> <span class='ocrx_word' id='word_1_572' title='bbox 1499 2707 1548 2732; x_wconf 89' lang='lat' dir='ltr'><strong>est</strong></span> <span class='ocrx_word' id='word_1_573' title='bbox 1576 2703 1619 2731; x_wconf 79' lang='lat' dir='ltr'><strong>ita</strong></span> <span class='ocrx_word' id='word_1_574' title='bbox 1640 2711 1768 2740; x_wconf 87' lang='lat' dir='ltr'><strong>compa-</strong></span> 
     </span>
     <span class='ocr_line' id='line_1_85' title="bbox 1008 2745 1768 2788; baseline -0.001 -10"><span class='ocrx_word' id='word_1_575' title='bbox 1008 2752 1133 2788; x_wconf 83' lang='lat' dir='ltr'><strong>ratum,</strong></span> <span class='ocrx_word' id='word_1_576' title='bbox 1168 2752 1201 2778; x_wconf 77' lang='lat' dir='ltr'><strong>ut</strong></span> <span class='ocrx_word' id='word_1_577' title='bbox 1225 2750 1337 2779; x_wconf 78' lang='lat' dir='ltr'><strong>bonum</strong></span> <span class='ocrx_word' id='word_1_578' title='bbox 1367 2751 1415 2779; x_wconf 85' lang='lat' dir='ltr'><strong>sit.</strong></span> <span class='ocrx_word' id='word_1_579' title='bbox 1462 2746 1567 2777; x_wconf 85' lang='lat' dir='ltr'><strong>Aliter</strong></span> <span class='ocrx_word' id='word_1_580' title='bbox 1600 2756 1635 2776; x_wconf 84' lang='lat' dir='ltr'><strong>se</strong></span> <span class='ocrx_word' id='word_1_581' title='bbox 1667 2745 1768 2777; x_wconf 88' lang='lat' dir='ltr'><strong>habet</strong></span> 
     </span>
     <span class='ocr_line' id='line_1_86' title="bbox 1008 2791 1768 2835; baseline -0.001 -12"><span class='ocrx_word' id='word_1_582' title='bbox 1008 2791 1529 2835; x_wconf 66' lang='lat' dir='ltr'><strong>locus,quilegiu1r1.33,e,0:</strong></span> <span class='ocrx_word' id='word_1_583' title='bbox 1556 2801 1768 2833; x_wconf 79' lang='lat' dir='ltr'><strong>quaecunque</strong></span> 
     </span>
     <span class='ocr_line' id='line_1_87' title="bbox 1008 2834 1765 2879; baseline -0.003 -11"><span class='ocrx_word' id='word_1_584' title='bbox 1008 2844 1095 2874; x_wconf 87' lang='lat' dir='ltr'><strong>sunt,</strong></span> <span class='ocrx_word' id='word_1_585' title='bbox 1121 2849 1203 2879; x_wconf 90' lang='lat' dir='ltr'><strong>quae</strong></span> <span class='ocrx_word' id='word_1_586' title='bbox 1227 2855 1271 2860; x_wconf 92' lang='grc'><strong>--</strong></span> <span class='ocrx_word' id='word_1_587' title='bbox 1293 2839 1432 2876; x_wconf 76' lang='lat' dir='ltr'><strong>faciunt:</strong></span> <span class='ocrx_word' id='word_1_588' title='bbox 1458 2834 1510 2866; x_wconf 88' lang='lat' dir='ltr'><strong>ubi</strong></span> <span class='ocrx_word' id='word_1_589' title='bbox 1536 2847 1563 2866; x_wconf 93' lang='lat' dir='ltr'>v</span> <span class='ocrx_word' id='word_1_590' title='bbox 1585 2835 1765 2867; x_wconf 76' lang='lat' dir='ltr'><strong>Adnotatu.</strong></span> 
     </span>
    </p>

    <p class='ocr_par' dir='ltr' id='par_1_22' title="bbox 1007 2879 1764 2968">
     <span class='ocr_line' id='line_1_88' title="bbox 1076 2879 1764 2923; baseline -0.003 -11"><span class='ocrx_word' id='word_1_591' title='bbox 1076 2882 1331 2923; x_wconf 64' lang='lat' dir='ltr'><strong>CAp.XV1.§.</strong></span> <span class='ocrx_word' id='word_1_592' title='bbox 1348 2879 1402 2912; x_wconf 81' lang='lat'><strong>46</strong></span> <span class='ocrx_word' id='word_1_593' title='bbox 1433 2890 1511 2920; x_wconf 80' lang='lat' dir='ltr'><strong>quae</strong></span> <span class='ocrx_word' id='word_1_594' title='bbox 1531 2885 1601 2911; x_wconf 73' lang='lat' dir='ltr'><strong>sunt</strong></span> <span class='ocrx_word' id='word_1_595' title='bbox 1622 2880 1764 2921; x_wconf 81' lang='lat' dir='ltr'><strong>minima]</strong></span> 
     </span>
     <span class='ocr_line' id='line_1_89' title="bbox 1007 2924 1764 2968; baseline -0.003 -10"><span class='ocrx_word' id='word_1_596' title='bbox 1007 2926 1145 2958; x_wconf 82' lang='lat' dir='ltr'><strong>Neidius</strong></span> <span class='ocrx_word' id='word_1_597' title='bbox 1157 2926 1331 2968; x_wconf 79' lang='lat' dir='ltr'><strong>legendum</strong></span> <span class='ocrx_word' id='word_1_598' title='bbox 1343 2925 1524 2967; x_wconf 58' lang='lat' dir='ltr'><strong>suspicatur</strong></span> <span class='ocrx_word' id='word_1_599' title='bbox 1539 2927 1675 2964; x_wconf 50' lang='lat' dir='ltr'><strong>mimine,</strong></span> <span class='ocrx_word' id='word_1_600' title='bbox 1689 2924 1764 2967; x_wconf 79' lang='lat' dir='ltr'><strong>quia</strong></span> 
     </span>
    </p>
   </div>
  </div>
 </body>
</html>
