1863 3221
265 109 348 153 416

265 199 482 241 sententiae
499 199 670 253 gravitas
687 210 709 237 a
726 194 901 236 Platonis
919 196 1149 235 auctoritate
1165 202 1377 249 repetatur.

840 117 1003 148 LIBER
1029 117 1068 150 V.
1094 116 1154 157 12,
1177 116 1232 150 35.

1439 196 1553 252 Apud
1569 210 1681 251 quem
1698 210 1813 252 saepe

265 273 359 313 haec
384 272 506 312 oratio
534 277 716 324 usurpata
743 276 824 319 cst,
857 276 899 309 ut
924 269 1016 308 nihil
1042 276 1196 323 praeter
1220 269 1401 309 virtutem
1431 271 1626 310 diceretur
1653 271 1809 311 bonum.

264 353 333 387 55.
368 344 486 386 Velut
506 344 543 383 in
569 342 717 395 Gorgia
742 340 948 392 Socrates,
983 357 1097 396 quum
1120 349 1226 381 esset
1246 356 1298 381 ex
1320 356 1367 382 eo
1390 343 1627 397 quaesitum,
1661 343 1813 382 Arche-

263 419 390 468 laum,
424 416 634 457 Perdiccae
656 416 799 465 filium,
833 416 895 469 qui
922 423 998 455 turn
1026 415 1354 455 fortunatissimus
1382 416 1612 464 haberetur⁷
1647 429 1775 455 nonne
1794 418 1812 442 ³

263 491 416 531 beatum
441 496 617 544 putaret:
654 488 764 529 Haud
788 489 885 538 scio,
906 488 1051 542 inqui13
1088 503 1279 542 nunquam
1305 489 1404 528 enim
1421 503 1505 528 cum
1529 502 1576 527 eo
1600 488 1814 529 collocutus

262 578 362 604 sum.
395 587 448 592 —
479 562 571 603 Ain⁷
592 564 658 602 tu?
689 576 738 602 an
761 562 904 602 aliter³
928 563 964 601 id
983 563 1084 602 scire
1107 576 1183 601 non
1205 562 1345 615 poles?
1374 585 1429 591 -—
1459 560 1578 602 Nullo
1598 561 1727 601 modo.
1759 585 1816 592 ——-

263 636 327 676 Tu
348 637 464 690 igitur
485 650 532 676 ne
561 636 608 676 de
626 634 835 675 Persarum
859 635 1011 688 quidem
1037 649 1128 689 rege
1148 649 1289 688 magno
1312 641 1422 688 potes
1442 635 1595 684 dicere,
1628 634 1814 675 beatusne

262 710 325 750 sit.
360 735 411 739 ——
443 710 507 749 An
529 724 600 763 ego
628 709 821 764 possim4,
856 724 969 762 quum
989 710 1186 762 ignorem,
1222 723 1334 761 quam
1357 709 1407 748 sit
1432 708 1590 758 doctus,
1624 722 1735 761 quam
1756 709 1816 749 vir

261 784 412 824 bonus?
441 808 497 812 —
528 782 656 835 Quid?
688 789 727 822 tu
747 783 785 822 in
808 796 854 822 eo
877 781 987 821 sitam
1010 783 1128 821 vitani
1149 782 1298 821 beatam
1322 782 1461 836 putas?
1491 806 1543 811 —
1577 779 1634 821 lta
1655 795 1814 835 prorsus

262 856 468 908 existimo,
510 857 632 896 bonos
659 856 818 906 beatos,
860 855 1055 910 improbos
1086 855 1266 894 miseros.
1302 879 1355 884 —-
1385 853 1511 894 Miser
1538 867 1632 907 ergo
1664 854 1814 895 Arche-

350 975 372 1007 4
396 975 449 1006 Sic
469 976 523 1007 Or.
549 986 575 1005 c.
599 974 637 1005 R.
660 975 694 1005 P.
720 972 805 1004 Gud.
822 972 851 1004 1.
879 975 920 1004 Il.
947 972 1082 1016 aliisque
1103 984 1163 1015 pro
1189 973 1276 1015 vulg.
1299 983 1435 1012 possum.

260 1046 330 1075 nius
350 1042 391 1073 ad
404 1041 487 1073 Phil.
509 1042 548 1080 V,
572 1041 602 1073 3.
630 1053 662 1083 p.
681 1040 751 1073 103.
789 1040 874 1071 Hinc
890 1042 1021 1072 Orellius

261 1087 350 1119 uncis
373 1086 514 1118 inclusit.
562 1087 746 1128 Utrumque
775 1084 862 1126 apud
886 1085 1020 1116 Cicero-

260 1144 335 1164 nem
368 1131 487 1163 dicitur
520 1138 551 1162 et
586 1133 743 1163 insinuare
777 1130 847 1161 sine
869 1139 900 1161 se
935 1136 967 1161 et
991 1139 1021 1162 se

259 1180 430 1216 insinuare,
457 1183 491 1207 ut
515 1176 556 1207 de
581 1177 635 1207 Or.
660 1177 681 1206 l.
704 1175 756 1211 20,
779 1174 841 1206 90:
868 1181 900 1206 et
923 1174 1021 1206 blan—

259 1223 332 1261 diri,
348 1229 380 1253 et
390 1224 549 1253 insinuare
561 1221 615 1252 iis:
638 1220 692 1251 ubi
706 1231 735 1251 v.
751 1222 880 1252 Ellendt.
892 1219 1021 1251 Vol.11.

258 1279 292 1310 p.
308 1267 361 1300 57.
387 1266 465 1298 ibid.
485 1268 524 1297 lI.
541 1266 594 1304 35,
616 1264 693 1297 149:
720 1271 755 1296 ut
781 1266 933 1307 (animus)
958 1277 1019 1307 pe-

259 1313 346 1345 nitus
370 1314 501 1343 insinuet
526 1311 557 1342 in
585 1322 739 1342 caussam.
786 1310 826 1341 ad
852 1311 940 1341 Fam.
965 1311 1019 1349 IV,

263 1358 321 1391 13:
357 1364 390 1388 et
410 1357 441 1387 in
466 1356 564 1398 ipsius
589 1355 859 1387 consuetudinem
881 1374 922 1378 —
944 1357 1020 1386 insi-

259 1405 373 1435 nuabo.
410 1401 491 1432 Phil.
509 1401 531 1432 1.
552 1400 600 1432 d.:
627 1400 717 1431 eccui
738 1406 884 1442 potestas
904 1399 937 1430 in
962 1400 1019 1430 fo-

260 1459 332 1479 rum
355 1448 536 1479 insinuandi
561 1445 641 1483 fuit;
673 1452 806 1476 eontra:
842 1446 935 1475 Verr.
962 1445 1019 1475 ΙΙΙ.

259 1491 322 1531 68,
352 1491 422 1524 157.
470 1492 631 1530 Zumptius
654 1489 742 1532 (Vol.
761 1491 783 1521 1.
807 1500 838 1530 p.
856 1489 946 1529 579.)
981 1500 1019 1519 ex

259 1537 433 1568 Nanniano
462 1542 495 1566 et
515 1537 595 1577 Lag.
613 1532 667 1566 42.
692 1533 796 1566 edidit
816 1544 846 1566 se
868 1536 1019 1565 insinuet:

259 1581 313 1613 ubi
347 1580 568 1623 comparavit:
606 1591 637 1622 p.
661 1580 755 1610 Caec.
778 1581 817 1612 5:
855 1591 894 1610 ac
925 1589 955 1610 se
987 1578 1018 1609 in

261 1626 328 1658 eius
363 1625 618 1657 familiaritatem
650 1627 846 1656 insinuasset.
893 1623 924 1655 d.
956 1624 1019 1665 leg.

259 1683 327 1714 agr.
355 1673 397 1710 Il,
420 1672 458 1702 5:
485 1681 583 1712 quum
608 1669 814 1700 familiariter
833 1679 881 1700 nie
903 1669 937 1699 in
960 1680 1021 1700 eo-

260 1728 331 1748 rum
349 1726 531 1748 sermonem
555 1717 756 1746 insinuarem.
780 1714 870 1745 Lael.
888 1714 941 1752 21,
958 1713 1019 1746 99:

259 1773 300 1793 ne
323 1772 353 1793 se
378 1763 519 1793 insinuet.

327 1807 355 1849 gi.
377 1807 432 1839 35.
479 1807 510 1836 in
537 1804 666 1846 Goryia]
692 1815 724 1846 p.
742 1800 818 1836 470.
843 1804 882 1834 D.
903 1803 941 1834 E.

324 1854 377 1891 qui
399 1855 464 1882 tum
486 1851 555 1889 fort.
578 1848 752 1891 haberetur]
780 1847 1020 1879 Grammaticae

259 1896 341 1929 ratio
367 1895 572 1938 requirebat:
609 1896 662 1934 qui
692 1897 756 1924 tum
783 1895 804 1933 f.
829 1895 1018 1931 habebatur,-

258 1953 333 1974 nam
353 1941 435 1973 haec
455 1939 555 1971 verba
576 1950 643 1970 non
668 1949 706 1969 ex
729 1944 839 1969 mente
862 1938 939 1976 eius,
966 1936 1019 1980 qui

258 1987 314 2019 illa
337 1998 354 2017 e
379 1988 512 2017 Socrate
536 1983 737 2026 quaesierat,
763 1983 936 2020 fluxerunt,
960 1981 1019 2013 sed

259 2032 299 2064 ab
319 2031 392 2073 ipso
407 2030 565 2061 Cicerone
586 2027 812 2070 explicationis
833 2039 944 2059 caussa
964 2026 1019 2057 in-

258 2083 345 2107 serta
366 2081 451 2112 sunt,
477 2073 565 2115 quod
588 2073 639 2103 vel
662 2084 700 2103 ex
722 2072 836 2103 addito
861 2076 926 2103 lum
948 2072 1019 2103 luce

261 2120 376 2153 clarius
408 2124 555 2160 apparet.
605 2116 836 2148 Coniunctivus
859 2116 957 2158 igitur
981 2127 1018 2146 ea

261 2177 373 2197 caussa
404 2163 534 2195 videtur
565 2162 707 2204 positus,
744 2160 832 2203 quod
866 2161 1018 2203 scriptor,

260 2216 404 2242 mentem
439 2208 472 2238 in
508 2207 656 2238 instituta
693 2206 823 2248 obliqua
869 2206 1018 2236 oratione

261 2255 400 2287 defixam
423 2253 565 2290 habens,
598 2251 741 2282 eiusdem
766 2250 917 2293 obliquae
941 2261 1015 2281 ora-

260 2300 359 2332 tionis
384 2298 527 2330 colorem
548 2296 647 2328 etiam
668 2296 709 2328 ad
731 2295 766 2326 id
785 2295 1018 2326 enuntiationis

260 2344 461 2381 membrum,
497 2341 585 2385 quod
616 2354 688 2373 cum
719 2340 849 2383 obliqua
873 2340 1018 2371 oratione

260 2390 509 2431 haudquaquam
540 2386 712 2425 cohaeret,
760 2385 849 2429 quasi
880 2385 1018 2416 insciens

261 2434 450 2466 transfudit.
500 2432 667 2474 Appellari
689 2438 802 2474 potest
824 2430 906 2462 haec
929 2437 1017 2461 stru-

263 2487 353 2511 ctura
375 2477 513 2521 quodam
537 2477 637 2509 modo
659 2476 812 2508 attractio
834 2475 1018 2513 modorum,

262 2524 302 2555 de
324 2535 385 2566 qua
405 2522 610 2564 exposuimus
630 2522 663 2553 in
679 2522 734 2553 Gr.
749 2523 787 2552 L.
811 2522 838 2564 ᾗ.
855 2518 953 2557 140¹»,
974 2519 1019 2551 bi.

265 2569 315 2600 Cf.
338 2569 477 2599 Dz‘etrich.
502 2567 522 2597 1.
546 2566 577 2596 d.
604 2579 635 2609 p.
650 2565 703 2598 39.
750 2565 907 2597 Geminus
929 2564 1020 2596 locus

262 2612 382 2655 legitur
417 2611 458 2641 de
491 2613 544 2642 Or.
570 2612 592 2641 ῐ.
618 2611 679 2649 5-1»,
707 2611 792 2643 232:
840 2610 1017 2652 (Socrates)

262 2656 444 2700 respondit,
469 2667 539 2685 sese
564 2656 727 2694 meruisse,
754 2663 788 2686 ut
813 2655 1018 2698 amplissimis

262 2701 442 2735 honoribus
462 2707 494 2731 et
515 2700 664 2740 praemiis
685 2700 905 2738 decoraretur,
931 2707 964 2731 et
985 2706 1020 2730 ut

264 2748 294 2779 ei
323 2746 426 2778 victus
459 2743 666 2787 quotidianus
699 2745 731 2775 iu
757 2745 920 2788 Prytaneo
954 2755 1019 2787 pu-

263 2793 348 2825 blice
366 2790 595 2834 praeberetur:
621 2788 675 2830 qui
690 2789 795 2819 honos
812 2790 897 2831 apud
913 2791 1017 2821 Grae—

265 2849 321 2870 cos
343 2835 500 2868 maximus
521 2836 699 2865 haberetur:
732 2833 785 2863 ubi
808 2837 934 2866 Ellendt.
954 2834 1017 2865 im-

264 2882 382 2914 merito
403 2879 543 2911 Ernestii
574 2878 792 2910 coniecturam
815 2880 941 2910 habetur
964 2891 1018 2910 re-

266 2927 369 2970 cepit..

330 2970 428 3004 nonne
450 2988 491 2994 —
513 2967 648 3010 putaret]
683 2966 846 2998 Ernestius
871 2968 1019 3000 tentabat

1056 1050 1135 1072 anne
1158 1040 1209 1072 vel
1231 1043 1542 1081 annon—putaret:
1566 1039 1655 1082 quod
1677 1039 1717 1071 ab
1735 1039 1814 1071 lati-

1055 1085 1159 1116 nitate
1181 1085 1345 1117 abhorret.
1376 1085 1415 1115 V.
1437 1095 1496 1115 nos
1516 1084 1549 1115 in
1565 1085 1620 1118 Gr.
1637 1085 1674 1117 L.
1696 1084 1813 1127 §.158,

1055 1129 1086 1162 6.
1120 1137 1154 1161 et
1185 1132 1327 1163 Ochsner.
1354 1129 1422 1160 Ecl.
1449 1129 1514 1160 Cic.
1539 1141 1571 1172 p.
1588 1127 1663 1163 ’ΔΤ-’1.
1711 1129 1813 1161 Acad.

1056 1176 1097 1208 ΙΙ.
1118 1174 1172 1214 2-1,
1193 1175 1254 1209 76:
1282 1185 1320 1205 ex
1340 1185 1392 1205 me
1412 1174 1604 1217 quaesieras,
1628 1184 1727 1206 nonne
1750 1186 1815 1217 pu—

1055 1227 1171 1251 tarem.
1221 1219 1291 1251 Fin.
1315 1221 1356 1250 Il.
1381 1219 1440 1255 15,
1466 1220 1526 1252 ὁδε
1559 1230 1598 1250 ex
1622 1225 1655 1250 te
1679 1231 1813 1263 quaero,

1055 1275 1154 1297 nonne
1177 1264 1358 1306 intelligas.-
1395 1263 1448 1294 ubi
1471 1276 1501 1295 v.
1526 1267 1669 1296 Goerenz.
1691 1275 1724 1307 p.
1738 1264 1814 1297 210.

1056 1312 1113 1342 ΙΙΙ.
1133 1309 1165 1348 -1·,
1192 1312 1248 1343 Ῑόῖ
1275 1320 1409 1352 quaero,
1431 1319 1528 1341 nonne
1547 1309 1608 1340 tibi
1628 1309 1815 1341 faciendum

1055 1355 1143 1385 idem
1164 1355 1216 1385 sit.
1251 1357 1339 1385 Orat.
1361 1354 1416 1391 65,
1439 1353 1522 1386 214:
1549 1356 1691 1394 Quaero,
1715 1364 1814 1387 nonne

1053 1400 1088 1430 id
1113 1411 1263 1430 numerus
1288 1399 1445 1430 effecerit.

1122 1445 1217 1476 Haud
1237 1445 1312 1485 scio]
1346 1443 1425 1474 Cum
1444 1442 1548 1474 ironia
1571 1443 1710 1486 quadam
1732 1442 1813 1474 dixit

1054 1491 1139 1521 haud
1160 1491 1222 1520 scio
1247 1489 1314 1531 (ich
1334 1488 1425 1519 weiss
1449 1499 1482 1519 es
1506 1491 1577 1520 eben
1598 1489 1691 1527 nicht)
1706 1513 1715 1528 ,
1746 1499 1812 1518 non

1053 1533 1246 1576 simpliciter
1265 1536 1364 1565 nescio
1386 1532 1449 1574 rich
1470 1533 1561 1564 weiss
1583 1544 1616 1564 es
1635 1533 1744 1575 nicht).
1777 1534 1813 1563 In

1054 1578 1236 1618 sententiis,
1262 1589 1344 1620 quae
1369 1589 1440 1609 cum
1462 1577 1568 1609 ironia
1589 1577 1812 1619 proferuntur,

1056 1624 1187 1666 propria
1224 1622 1383 1665 quaedam
1417 1622 1511 1653 sedes
1549 1629 1599 1654 est
1635 1622 1814 1665 particulae

1054 1671 1151 1708 haud,
1178 1670 1272 1708 (nicht
1293 1670 1376 1707 eben,
1398 1678 1459 1699 non
1478 1667 1598 1709 ferme),
1622 1679 1703 1710 quae
1723 1679 1813 1699 sem-

1056 1725 1114 1756 per
1138 1713 1328 1744 dubitanter
1350 1719 1382 1743 et
1403 1724 1474 1743 cum
1496 1712 1708 1744 fluctuatione
1729 1724 1812 1755 qua—

1056 1758 1130 1789 dam
1156 1770 1224 1789 rem
1252 1764 1350 1800 negat
1384 1759 1427 1800 (V.
1453 1757 1536 1788 Adn.
1560 1758 1591 1788 in
1619 1769 1646 1789 c.
1664 1762 1705 1796 ὅ,
1729 1757 1811 1799 23.),

1055 1803 1198 1846 itemque
1222 1802 1277 1834 ubi
1299 1802 1345 1840 is,
1380 1802 1434 1844 qui
1459 1802 1623 1844 loquitur,
1659 1813 1731 1833 cum
1755 1813 1811 1833 ur-

1055 1848 1201 1880 banitate
1224 1847 1363 1890 quadam
1386 1858 1422 1878 ea
1442 1858 1524 1890 quae
1544 1846 1644 1878 sentit
1663 1847 1811 1889 profert3

1054 1893 1131 1925 hinc
1164 1894 1197 1924 in
1228 1893 1284 1924 illa
1316 1892 1505 1924 locutione:
1547 1893 1632 1924 haud
1664 1895 1726 1924 scio
1758 1902 1812 1924 an.

1052 1939 1092 1970 V.
1130 1941 1329 1978 Sturenbur9.
1365 1936 1407 1968 ad
1443 1937 1537 1968 offic.
1573 1937 1756 1968 Comment.
1786 1938 1812 1969 I.

1052 1995 1084 2026 p.
1112 1983 1183 2016 125.
1214 1980 1284 2015 144.

1121 2030 1191 2060 Ain'
1206 2029 1264 2059 tu?
1291 2039 1332 2060 an
1351 2026 1455 2070 aliter]
1477 2027 1530 2058 Sic
1542 2026 1661 2069 legitur
1672 2027 1705 2058 in
1719 2038 1813 2058 com-

1054 2072 1198 2115 pluribus
1220 2072 1295 2104 edd.
1316 2079 1395 2104 vett.
1422 2079 1454 2103 et
1477 2072 1550 2105 cod.
1572 2074 1647 2103 Vat.
1678 2071 1813 2114 aliisque

1056 2117 1223 2148 Gebhardi
1244 2117 1387 2159 itemque
1411 2116 1539 2149 Gud.2.
1561 2116 1808 2153 Duisb.Marb.;

1055 2161 1171 2193 eodem
1196 2161 1319 2192 ducunt
1340 2162 1378 2192 R.
1402 2163 1435 2192 P.
1460 2161 1544 2192 Gud.
1564 2163 1589 2193 1.
1614 2164 1654 2193 11.
1677 2161 1708 2194 b.
1732 2173 1811 2192 unus

1055 2208 1133 2243 Ox.,
1169 2206 1222 2248 qui
1248 2206 1369 2236 habent
1393 2216 1435 2236 an
1459 2210 1491 2236 lu
1515 2216 1556 2237 an
1580 2199 1688 2237 aliter}
1724 2206 1811 2247 quod

1053 2253 1192 2282 Klotzius
1212 2250 1258 2282 sic
1280 2250 1487 2282 distinctum:
1513 2255 1559 2281 An
1580 2252 1636 2280 ln?
1662 2261 1702 2281 an
1724 2253 1812 2282 aliter

1052 2295 1169 2327 iniuria
1216 2295 1352 2337 recepit.
1412 2297 1544 2334 Tregder
1581 2306 1608 2325 c.
1646 2295 1809 2325 nonnullis

1054 2340 1270 2372 deterioribus
1306 2339 1400 2371 codd.
1428 2339 1549 2370 edidit:
1585 2342 1632 2371 An
1655 2343 1688 2371 tu
1712 2342 1811 2379 aliter,

1055 2385 1181 2417 omissis
1203 2384 1309 2416 verbis
1333 2387 1403 2416 Ain‘
1423 2386 1480 2416 tu?
1524 2385 1614 2423 Quae
1639 2384 1723 2415 ratio
1746 2384 1811 2415 mi-

1053 2430 1141 2462 nime
1158 2430 1275 2472 placet.
1315 2432 1446 2462 Orellius
1461 2428 1508 2461 sic
1523 2428 1644 2460 edidit:
1670 2431 1810 2460 Ain'tu?

1056 2475 1127 2519 [an]
1152 2478 1250 2507 aliter.
1298 2475 1400 2506 Recte
1424 2477 1523 2505 Moser
1546 2485 1645 2505 uncos
1669 2473 1808 2504 sustulit.

1053 2521 1180 2552 Verba:
1215 2522 1285 2552 Ain'
1305 2521 1363 2550 lu?
1400 2519 1536 2550 eandem
1568 2519 1636 2549 fere
1660 2518 1725 2549 vim
1747 2518 1810 2549 ha-

1054 2566 1151 2602 bent,
1177 2576 1274 2608 quam
1299 2565 1441 2595 Graeca:
1474 2563 1515 2596 τί
1539 2563 1631 2601 δαί;
1664 2564 1723 2593 Est
1746 2563 1808 2594 ad-

1054 2610 1191 2642 mirandi
1216 2609 1354 2641 formula
1379 2608 1419 2639 de
1443 2620 1496 2645 re,
1531 2619 1614 2650 quae
1638 2607 1731 2638 nobis
1753 2607 1809 2638 in-

1055 2662 1243 2697 exspectata
1276 2653 1404 2685 accidit.
1462 2653 1515 2683 Sic
1538 2654 1614 2684 Ter.
1641 2652 1741 2683 Andr.
1766 2653 1804 2683 V.

1053 2701 1073 2732 3
1087 2726 1095 2741 ‚
1118 2699 1153 2732 4:
1180 2703 1245 2731 ain'
1266 2700 1416 2731 tandem?
1451 2697 1504 2728 ubi
1529 2708 1560 2729 v.
1582 2698 1806 2729 Ruhnkenium.

1054 2747 1079 2776 E
1103 2745 1258 2776 Cicerone
1277 2745 1335 2775 Ed.
1352 2744 1485 2774 Wunder
1505 2741 1546 2772 ad
1568 2752 1614 2772 or.
1635 2753 1684 2784 pr.
1698 2742 1807 2774 Plane.

1054 2792 1116 2828 20,
1138 2788 1191 2822 49.
1214 2801 1245 2832 p.
1267 2787 1336 2820 142.
1362 2787 1403 2818 de
1426 2785 1565 2818 formula
1597 2789 1661 2818 ain'
1683 2788 1806 2818 tandem

1054 2834 1151 2866 affert
1182 2834 1224 2866 ad
1254 2833 1344 2864 Fam.
1370 2831 1412 2870 9,
1437 2832 1490 2864 21.
1539 2831 1579 2862 ad
1613 2834 1682 2864 Att.
1708 2830 1749 2869 6,
1773 2832 1804 2863 ⁸2.

1055 2879 1124 2910 Fin.
1141 2880 1193 2909 lV.
1215 2880 1241 2915 1,
1262 2880 1289 2909 1.
1315 2878 1415 2918 Legg.
1435 2877 1456 2906 l.
1472 2877 1526 2917 20,
1545 2877 1598 2907 55.
1624 2877 1663 2908 II.
1682 2876 1731 2913 10,
1751 2876 1803 2908 23.

1055 2925 1111 2955 111.
1129 2922 1160 2959 6,
1181 2920 1230 2955 14.
1267 2922 1307 2952 de
1328 2921 1408 2963 Rep.
1429 2923 1455 2958 1,
1476 2922 1523 2952 15.
1551 2927 1583 2952 et
1603 2920 1643 2952 de
1665 2920 1804 2952 formula

1054 2971 1119 3000 ain‘
1138 2972 1170 2999 tu
1192 2967 1232 2999 de
1258 2968 1311 2997 Or.
1334 2966 1356 2996 l.
1376 2964 1429 3001 56.
1453 2964 1520 2997 165.
1547 2967 1634 2997 Brut.
1654 2963 1708 3005 41,
1732 2965 1799 2997 152¹.
