1832 3137
1555 110 1633 152 ‘281

1311 197 1427 239 lubes
1450 211 1510 239 me
1534 199 1637 240 bona

653 118 818 151 LlBER
845 120 899 152 lll.
930 117 989 159 17,
1014 117 1068 153 36.

78 198 146 239 sed
166 203 295 238 tamen
320 211 458 251 magna
473 228 484 248 ‚
527 212 640 252 quam
664 199 780 239 affert
802 198 1065 253 longinquitas
1087 206 1126 240 et
1149 199 1247 240 dies.

75 271 270 325 cogitare,
304 270 481 312 oblivisci
502 272 706 312 malorum.
768 269 936 312 Diceres
959 272 1118 326 aliquid,
1154 280 1191 313 et
1214 286 1354 327 magno
1378 272 1529 325 quidem
1554 272 1637 327 phi-

73 344 235 400 losopho
268 344 448 399 dignum,
483 344 516 384 si
549 358 595 385 ea
624 344 723 385 bona
748 357 836 385 esse
861 344 1030 385 sentires
1048 348 1064 372 ⁶
1082 378 1092 395 ‚
1127 359 1224 400 qnae
1246 352 1380 386 essent
1400 345 1554 386 homine
1580 346 1636 386 di-

73 417 275 472 guissima.

186 489 326 532 XVll.
389 498 458 532 56.
492 489 739 546 Pythagoras
766 490 854 530 mihi
881 491 912 530 si
944 492 1092 531 diceret
1117 500 1183 532 aut
1202 491 1391 534 Socrates
1413 500 1479 533 aut
1498 492 1633 534 Plato:

75 562 178 618 Quid
214 565 348 605 iaces?
386 572 452 605 aut
474 565 563 619 quid
591 565 772 605 maeres?
803 570 868 604 aut
893 577 961 603 cur
986 565 1205 605 succumbis
1229 566 1412 620 cedisque
1434 567 1637 608 fortunae?

74 652 171 693 quae
187 639 403 693 pervellere
420 641 434 665 ¹
462 645 498 679 te
517 638 681 678 forsitan
701 637 871 692 potuerit
890 643 929 677 et
950 651 1139 691 pungere,
1164 652 1240 678 non
1259 640 1382 692 potuit
1404 648 1510 680 certe
1530 641 1636 681 vires

75 712 273 764 frangere.

334 710 480 766 Magna
497 711 558 752 vis
579 718 639 751 est
657 711 695 751 in
713 710 946 761 virtutibus;
981 723 1048 750 eas
1066 711 1212 761 excita,
1247 712 1279 751 si
1301 713 1399 752 forte
1420 713 1633 754 dormiunt.

72 782 156 825 Iam
178 785 245 824 tibi
269 785 395 825 aderit
413 774 594 839 princeps
614 782 845 834 Fortitudo,
879 797 977 838 quae
1002 790 1039 824 te
1062 784 1190 824 animo
1213 791 1321 824 tanto
1346 799 1434 825 esse
1458 789 1573 840 coget
1588 789 1602 813 ¹
1623 818 1634 837 ‚

71 865 115 898 ut
138 857 265 898 omnia
280 889 291 909 ‚
325 871 423 912 quae
447 857 600 912 possint
624 857 779 898 homine
806 858 967 898 evenire
982 890 992 909 ,

161 985 182 1020 6
216 987 270 1020 Sic
305 989 360 1019 Or.
384 999 412 1019 c.
435 987 473 1019 R.
498 988 534 1020 P.
572 987 658 1019 Gud.
684 986 711 1021 1.
736 985 757 1019 2

71 1034 180 1067 XVII.
230 1032 245 1065 1
272 1045 303 1065 ν.
325 1032 412 1064 Adn.

73 1113 145 1151 IX,
173 1110 232 1144 16:
271 1111 352 1143 nihil
381 1123 451 1143 esse
475 1111 632 1154 sapientis
656 1118 837 1155 praestare,

71 1156 133 1188 nisi
157 1159 302 1197 culpam‚·
336 1156 415 1187 illud
450 1163 559 1188 autem
592 1159 736 1189 delictum
761 1157 836 1196 dici,

74 1208 110 1234 ut
142 1201 222 1234 ibid.
249 1203 288 1234 V.
322 1213 374 1244 ep.
400 1201 457 1235 17:
494 1201 659 1245 sapientes
692 1203 837 1245 turpitu—

73 1246 162 1287 dine,
186 1258 251 1278 non
273 1258 364 1283 casu3
391 1253 425 1278 et
445 1248 554 1279 delicto
573 1258 638 1286 suo,
662 1258 728 1278 non
751 1247 835 1279 alio-

73 1303 143 1324 rum
178 1291 295 1323 iniuria
335 1292 544 1324 commoveri.
606 1272 769 1323 Plutarch.
804 1292 836 1322 in

74 1336 207 1368 Consol
232 1336 273 1368 ad
298 1336 452 1378 Apollon.
482 1334 554 1368 114.
577 1348 611 1368 c:
640 1334 708 1370 τὸ
706 1335 762 1379 (aa
788 1335 834 1390 μὴ

73 1377 115 1415 δι’
139 1378 239 1415 αυτὸν
272 1382 388 1419 κακῶς
417 1380 571 1435 πρά-τευ)
595 1394 611 1415 0
643 1379 702 1423 μὲ)
706 1361 837 1424 Κράν-

70 1437 138 1467 τωρ
175 1424 279 1468 φησιν
316 1437 353 1459 ου
389 1423 506 1480 μικρὸν
546 1423 629 1459 εἶναι
663 1437 837 1469 κουφισμα

70 1469 154 1513 πρὸς
173 1469 235 1509 τὰς
254 1483 380 1518 τυχας,
407 1469 475 1513 ἐγώ
498 1467 529 1505 δ’
548 1466 586 1505 &a
608 1471 731 1514 εἴποιμι
751 1471 837 1514 φάρ-

74 1527 178 1558 μακον
203 1513 286 1550 εἶναι
309 1513 452 1553 ἀλυπίας
476 1515 643 1558 μέγιστοι.

141 1571 203 1593 non
225 1564 357 1601 potuerit
378 1562 548 1604 praestari]
574 1562 616 1593 H.
630 1573 659 1593 e.
681 1572 746 1593 non
769 1573 835 1604 po·—

72 1605 171 1637 tuerit
183 1606 355 1648 impedire,
372 1605 544 1649 quominus
558 1606 714 1639 eveniret.
739 1609 837 1639 Prae-

71 1654 153 1682 stare
180 1661 245 1683 rem
268 1650 409 1692 aliquam
432 1651 458 1681 is
484 1650 621 1691 dicitur,
660 1651 714 1694 qui
738 1651 837 1683 fidem

72 1695 165 1735 facit,
191 1707 263 1728 earn
287 1707 353 1727 non
378 1703 581 1734 eventuram,
606 1703 662 1728 aut
684 1696 752 1728 eius
776 1708 839 1739 pe-

71 1740 209 1772 riculum
243 1741 275 1772 in
301 1753 336 1773 se
367 1740 495 1783 recipit.
544 1741 597 1773 Sic
629 1741 670 1772 de
699 1744 789 1773 Orat.
813 1743 838 1773 Ι.

72 1784 136 1824 24,
165 1786 248 1819 113:
284 1788 383 1818 Istam
408 1786 556 1828 culpam,
583 1798 678 1829 quam
704 1786 837 1827 vereris,

73 1842 135 1873 ego
159 1831 347 1874 praestabo.
388 1833 537 1863 Davisius
557 1838 726 1874 comparat
746 1832 836 1864 Fam.

71 1877 112 1914 V,
140 1876 198 1910 17:
229 1876 346 1908 Casum
369 1888 465 1919 quem
491 1888 596 1919 neque
618 1876 723 1908 vitare
747 1877 838 1919 quis-

72 1932 168 1964 quam
192 1928 342 1953 nostrum
367 1933 428 1952 nee
454 1928 621 1964 praestare
647 1921 713 1953 ullo
738 1928 837 1964 pacto

72 1972 194 2010 potest.
242 1966 315 1998 Alia
338 1966 488 2009 exempla
520 1966 609 2008 larga
634 1978 731 1997 manu
755 1978 837 2009 sup-

72 2011 201 2054 peditat
233 2013 355 2044 Sclamz.
381 2010 412 2041 in
438 2010 549 2042 Lexie.
573 2011 723 2042 Ciceron.
751 2011 783 2043 h.
806 2024 837 2043 v,

72 2058 240 2099 Sequente
283 2055 470 2088 accusativo
508 2067 534 2088 c.
569 2056 631 2088 inf.
671 2056 760 2088 infra
794 2057 836 2089 V.

73 2101 114 2133 10
126 2125 134 2141 ‚
159 2100 214 2135 29.

139 2157 168 2199 §.
189 2157 242 2190 35.
269 2160 355 2197 igynes
375 2159 534 2201 adhibent]
560 2157 760 2201 Exquisitins
781 2157 836 2189 di-

71 2207 160 2234 ctum
185 2213 246 2244 pro
270 2202 395 2244 vulgari
418 2205 502 2243 faces
522 2205 699 2236 admovere.

137 2249 176 2279 Et
195 2251 228 2279 tu
250 2249 387 2280 oblivisci
408 2248 507 2291 iubes]
532 2251 570 2280 Et
593 2253 695 2281 tamen
717 2252 760 2288 tu,
785 2251 838 2289 qui

69 2302 90 2324 a
114 2296 228 2324 natura
260 2294 371 2324 datum
404 2296 559 2325 auxilium
591 2296 753 2326 inveterati
783 2296 838 2325 do-

71 2339 145 2368 loris
181 2338 237 2379 (sc.
252 2362 260 2378 ,
287 2344 322 2368 ut
343 2349 440 2380 supra
464 2350 490 2369 c.
512 2339 573 2377 15,
597 2339 652 2370 31.
688 2339 836 2380 legimus,

71 2381 230 2423 Epicurus
259 2382 402 2423 negabat
433 2386 581 2414 vetustate
605 2385 704 2414 minui
736 2383 836 2424 mala)

71 2429 272 2465 extorqueas,
308 2428 446 2458 oblivisci
466 2429 578 2458 iubes?
616 2429 711 2469 (quod
733 2432 838 2460 contra

70 2473 218 2502 naturam
240 2471 307 2509 est).
356 2471 403 2502 De
428 2474 454 2502 et
479 2482 509 2501 v·
535 2471 577 2502 ad
605 2472 626 2503 l.
651 2471 715 2509 325,
740 2472 796 2504 92.

139 2517 193 2546 Est
212 2516 306 2558 enim]
332 2518 422 2547 Enim
444 2515 606 2546 rationem
628 2515 738 2547 reddit
760 2528 835 2548 ver-

70 2559 188 2592 borum
212 2563 368 2592 auxilium
392 2570 412 2591 a
437 2564 552 2592 natura
576 2562 695 2594 datum.

138 2607 233 2636 tarda
254 2607 310 2637 illa
331 2607 466 2646 quidem,
490 2607 544 2637 sed
561 2606 677 2648 tamen]
702 2606 742 2637 V.
766 2605 838 2637 Ad-

72 2655 189 2682 notata
213 2649 244 2681 in
273 2652 296 2683 ῐ.
321 2650 362 2688 3,
388 2650 419 2682 6.

138 2697 347 2735 lonyinquitas
369 2699 395 2727 et
419 2696 499 2739 dies]
525 2697 564 2727 V.
589 2695 631 2726 ad
657 2696 698 2726 Il.
721 2693 760 2734 4,
789 2695 839 2727 12.

141 2749 217 2782 CAP.
241 2751 350 2782 XVH.
378 2751 405 2793 §.
421 2750 474 2783 36.
512 2754 538 2783 si
561 2752 686 2792 diceret]
715 2750 840 2782 Obser-

73 2793 235 2834 vandum,
272 2792 432 2830 ἀπόδοσιν
466 2796 588 2828 nullam
617 2796 729 2838 sequi3
766 2807 838 2826 eam

72 2845 181 2869 tamen
204 2839 307 2871 latere
333 2844 361 2884 ᾗ.
379 2841 432 2874 37.
468 2841 501 2873 in
527 2840 655 2872 verbis:
692 2842 734 2872 ad
763 2842 838 2872 haec

73 2885 153 2914 bona
178 2886 205 2915 si
223 2895 270 2916 me
290 2895 417 2918 revocas
443 2893 504 2918 etc.
553 2886 586 2917 Si
609 2885 716 2917 oratio
745 2885 837 2917 inte-

72 2938 132 2969 gra
154 2938 193 2959 ac
211 2929 307 2971 plena
329 2937 426 2969 esset,
450 2931 515 2963 hoc
536 2931 608 2963 fere
626 2930 728 2962 modo
751 2941 835 2962 con-

73 2973 215 3004 formata
245 2984 315 3006 csse
339 2975 501 3008 debebit.-
539 2977 735 3016 Pythagoras
760 2977 836 3007 mihi

1027 864 1255 898 contemnas
1279 865 1317 898 et
1337 872 1407 913 pro
1428 859 1547 899 nihilo
1569 873 1637 914 pu-

761 1012 770 1021 .
806 990 887 1030 Aug.
921 987 1027 1021 Marb.
1064 988 1156 1021 Mon.
1184 987 1213 1020 1.
1247 999 1309 1031 pro
1345 987 1431 1031 vulg.
1459 992 1533 1020 sent.
1565 997 1637 1021 esse.

872 1114 898 1144 si
928 1111 1047 1154 diceret]
1069 1115 1123 1144 aut
1154 1113 1295 1144 Socrates
1326 1116 1380 1144 aut
1408 1114 1518 1144 Plato:
1555 1113 1639 1151 Quid

871 1160 980 1189 iaces?
1016 1161 1070 1188 aut
1100 1159 1175 1197 quid
1197 1159 1339 1189 maeres?
1365 1175 1408 1181 —
1430 1175 1472 1182 —-
1495 1167 1638 1197 parerem

873 1206 899 1233 et
923 1212 1083 1242 sequerer;
1107 1208 1151 1240 at,
1176 1201 1287 1233 subito
1311 1202 1452 1245 abrupto
1478 1201 1638 1234 orationis

872 1253 990 1278 tenore
1026 1258 1267 1289 suppressaque
1303 1246 1464 1290 apodosi,
1509 1247 1636 1286 Cicero,

875 1291 1050 1334 Epicurum
1084 1291 1275 1334 appellans,
1313 1303 1432 1324 novam
1469 1291 1639 1324 exorditur

873 1337 1040 1379 protasin:
1078 1338 1122 1368 ad
1153 1338 1228 1368 haec
1258 1339 1338 1368 bona
1368 1348 1416 1369 me
1446 1340 1472 1369 si
1499 1347 1635 1369 revocas.

872 1381 962 1413 Talis
986 1381 1162 1413 verborum
1187 1382 1383 1423 complexio,
1408 1382 1441 1413 in
1468 1394 1530 1425 qua
1556 1393 1639 1425 pro-

871 1426 949 1457 tasis
968 1426 1127 1457 destituta
1145 1432 1195 1456 est
1218 1426 1369 1468 apodosi,
1391 1427 1437 1458 ita
1460 1433 1581 1465 tamen,
1603 1432 1639 1458 ut

872 1471 1028 1514 apodosis
1053 1471 1084 1502 in
1109 1470 1172 1502 alia
1196 1471 1443 1503 constructione
1463 1471 1586 1509 lateat,
1620 1483 1639 1502 a

870 1516 1091 1559 grammaticis
1110 1515 1229 1547 dicitur
1244 1513 1526 1551 ἅναπατῖόδοτωτ
1550 1515 1639 1547 cuius

872 1562 993 1604 ligurie
1018 1561 1170 1612 exempli
1193 1561 1225 1592 in
1247 1561 1283 1592 iis
1306 1561 1472 1593 Ciceronis
1495 1561 1638 1604 scriptis,

869 1606 902 1638 in
937 1606 1053 1650 quibus
1086 1606 1193 1638 oratio
1226 1606 1387 1649 quaedam
1421 1606 1641 1649 negligentior

873 1658 1010 1694 regnat,
1035 1663 1097 1683 nec
1121 1651 1229 1683 omnia
1253 1651 1295 1683 ad
1318 1663 1448 1683 severas
1472 1663 1640 1694 gramma-

870 1697 957 1729 ticae
980 1696 1069 1739 leges
1093 1703 1248 1728 rexocata
1271 1704 1357 1733 sunt
1384 1696 1541 1740 epistolas
1563 1697 1639 1729 dico

873 1749 906 1774 et
928 1742 1048 1779 libros,
1075 1741 1129 1784 qui
1153 1748 1228 1773 sunt
1252 1742 1293 1773 de
1315 1742 1546 1785 philosophia,
1570 1754 1637 1774 non

873 1768 1051 1818 admoduni
1075 1793 1151 1818 sunt
1173 1786 1408 1829 infrequentia.
1454 1788 1494 1819 V.
1520 1789 1638 1820 Rams-

872 1834 958 1864 horn.
992 1833 1020 1874 ξ.
1038 1832 1114 1865 )07.
1162 1833 1300 1863 Kithner.
1330 1834 1357 1875 ᾗ.
1390 1831 1462 1864 165.
1498 1833 1580 1863 Not.
1604 1832 1637 1865 2.

874 1877 924 1909 Cf.
951 1875 1120 1915 ale.6‚
1148 1876 1197 1909 13.
1248 1877 1318 1908 Nec
1340 1887 1414 1908 reno
1434 1877 1500 1908 hoc
1523 1876 1637 1908 vitium

873 1921 1162 1964 deprehenditur·
1153 1932 1185 1951 m
1203 1921 1446 1963 partitionibus,
1469 1921 1501 1952 in
1521 1921 1637 1964 quibus

872 1972 949 2009 post
971 1966 1061 2008 prius
1094 1966 1276 1997 membrum
1303 1978 1368 1997 non
1392 1966 1539 2009 sequitur
1562 1966 1639 2009 qui-

873 2011 947 2042 dem
968 2011 1116 2048 alterum,
1141 2011 1201 2042 sed
1221 2012 1254 2042 in
1277 2011 1340 2043 alia
1359 2018 1524 2043 structura
1545 2011 1636 2043 latet.

872 2058 911 2088 V.
943 2056 985 2088 ad
1017 2057 1070 2088 lV.
1098 2055 1152 2095 27,
1178 2056 1232 2089 59.
1267 2056 1333 2096 35,
1359 2056 1413 2090 75.
1450 2058 1490 2088 V.
1515 2056 1556 2096 9,
1582 2056 1638 2090 25.

870 2102 924 2141 27,
950 2102 1004 2135 ’ΐὸ-

938 2167 1018 2198 quae
1034 2159 1200 2198 pervellere
1219 2161 1246 2190 te
1264 2159 1396 2198 forsitan
1415 2157 1562 2202 potuerit]
1587 2158 1640 2190 Sic

873 2214 986 2235 omnes
1008 2202 1128 2240 codd.;
1153 2203 1213 2234 sed
1236 2203 1362 2246 aliquot
1385 2203 1461 2235 edd.
1483 2209 1579 2241 vett„
1604 2210 1640 2235 ut

872 2248 1021 2286 videtur,
1059 2259 1076 2279 e
1102 2248 1186 2279 coni.
1211 2248 1347 2290 legunt:
1384 2258 1463 2288 quae
1489 2252 1522 2279 ut
1551 2258 1640 2287 perv.

872 2297 899 2325 te
919 2313 963 2317 —
984 2295 1130 2333 potuerit.
1178 2296 1219 2324 At
1241 2293 1383 2328 frustra;
1410 2292 1639 2324 coniunctivus

874 2339 958 2369 enim
982 2337 1106 2380 pendet
1128 2349 1145 2368 a
1168 2339 1300 2377 forsitan
1328 2339 1385 2378 (=
1411 2337 1479 2368 fors
1504 2337 1547 2367 sit
1571 2337 1639 2374 an).

874 2385 913 2415 V.
937 2394 996 2414 nos
1019 2382 1051 2413 in
1077 2383 1134 2413 Gr.
1155 2383 1192 2413 L.
1222 2382 1396 2424 ᾗ.133,2.
1422 2383 1457 2412 B.
1497 2381 1548 2413 Cf.
1572 2383 1639 2414 We-

873 2431 955 2461 senb.
984 2429 1053 2458 Em.
1073 2427 1096 2457 1.
1123 2437 1156 2468 p.
1173 2427 1204 2458 5.

941 2482 1037 2524 coget]
1072 2483 1170 2521 Ern.‚
1205 2489 1340 2513 auctore
1366 2482 1561 2522 Bouhierio,
1595 2483 1639 2515 ob

872 2538 941 2569 seq.
962 2529 1115 2566 patiatur,
1144 2537 1183 2557 ex
1204 2537 1269 2558 uno
1294 2526 1390 2558 Leid.
1412 2527 1506 2559 dedit
1528 2532 1639 2569 cogam

874 2578 988 2604 contra
1011 2573 1065 2603 Or.
1089 2576 1172 2611 coyet
1194 2571 1325 2614 quidem
1347 2572 1502 2612 retinuit,
1526 2572 1586 2604 sed
1610 2584 1639 2606 e.

875 2627 940 2648 nno
978 2618 1036 2646 Ox.
1074 2622 1107 2646 et
1141 2616 1239 2648 Vind.
1267 2617 1294 2649 1.
1326 2617 1458 2660 scripsit
1492 2621 1638 2657 patietur.

875 2660 1006 2703 Optime
1021 2667 1147 2692 tutatur
1156 2663 1257 2693 Moser
1277 2661 1428 2694 codicum
1448 2662 1637 2706 scripturaS,

875 2706 999 2742 dicens,
1025 2717 1124 2748 quum
1144 2713 1281 2757 utraque
1300 2707 1462 2750 scriptura
1476 2720 1537 2751 pro
1553 2708 1638 2739 scri-

874 2750 980 2792 ptoris
1016 2751 1197 2789 sententia,
1231 2758 1339 2783 utrum
1371 2753 1473 2795 magis
1507 2764 1548 2784 an
1572 2752 1638 2783 mi·-

875 2807 934 2827 nus
960 2801 1051 2827 certo
1080 2777 1202 2839 aliquid
1235 2796 1401 2829 affirmare
1426 2797 1524 2834 velit,
1560 2808 1637 2828 vera

873 2851 943 2872 esse
967 2840 1095 2884 potuit,
1121 2852 1188 2873 non
1214 2853 1304 2881 esse,
1331 2842 1420 2884 quod
1443 2842 1636 2872 Ciceronem

873 2896 1044 2928 cogamuS,
1077 2892 1113 2917 ut
1136 2886 1189 2918 vel
1214 2886 1324 2930 priore
1347 2887 1421 2918 loco
1444 2885 1546 2927 magis
1570 2885 1634 2916 du-

869 2930 1015 2963 bitanter
1048 2930 1203 2975 loquatur
1242 2931 1294 2963 vel
1320 2931 1503 2973 posteiiore
1529 2930 1636 2962 confi-

869 2975 1009 3008 dentius.
