1863 3221
239 608 241 611 .
646 565 967 607 M.'1*ULL{1
1006 564 1375 607 ClCERONts

271 658 982 713 TUSCULANARUM
1023 657 1745 715 DISPUTATIONUM

862 847 906 878 M.
934 846 1164 878 BRUTUM

768 925 949 963 LIBER
980 925 1255 963 TERTIUS.

342 1113 371 1153 Ι.
437 1120 474 1153 1.
511 1112 704 1166 Quidnam
729 1127 839 1162 esse,
874 1111 1019 1163 Brute,
1054 1126 1220 1153 caussae
1246 1119 1396 1167 putem,
1430 1128 1521 1164 our,
1556 1129 1670 1168 quum
1695 1130 1785 1156 con-

227 1193 373 1227 stemus
396 1199 446 1226 ex
466 1185 594 1225 animo
618 1192 655 1225 et
678 1199 866 1240 corpore,
899 1185 1076 1240 corporis
1097 1185 1257 1225 curandi
1282 1186 1488 1240 tuendique
1509 1200 1647 1227 caussa
1672 1202 1787 1241 quac-

226 1259 298 1299 sita
322 1259 373 1298 sit
393 1273 457 1299 ars
482 1265 596 1312 atque
618 1258 701 1298 eius
729 1257 875 1298 utilitas
896 1260 909 1283 ¹
935 1258 1094 1298 deorum
1118 1258 1389 1298 immortalium
1411 1258 1627 1299 inventioni
1650 1275 1788 1301 eonse-

227 1338 356 1381 crata3
397 1331 516 1371 animi
547 1337 674 1371 autem
704 1330 895 1371 medicina
929 1344 1000 1370 uec
1027 1337 1102 1370 [ani
1127 1331 1348 1371 desiderata
1381 1331 1454 1381 sit,
1497 1339 1703 1386 antequam
1729 1333 1787 1373 in-

317 1450 337 1478 Ι.
390 1448 403 1479 1
432 1447 484 1478 Sic
508 1458 568 1489 ego
587 1446 701 1489 scripsi
726 1459 752 1479 c.
775 1447 862 1479 Man.
888 1459 906 1479 e
930 1447 1026 1485 coni,
1053 1447 1152 1478 etiam
1174 1447 1414 1490 VVesenbergio
1441 1449 1510 1480 Em.
1533 1450 1557 1480 Ι.
1579 1460 1612 1491 p.
1633 1447 1678 1480 20
1702 1461 1782 1491 pro-

227 1494 323 1532 batag
350 1495 403 1523 Or.
427 1504 452 1523 c.
475 1492 513 1522 L.
541 1503 558 1523 e
580 1491 687 1530 coni.‚
723 1497 758 1522 ut
781 1491 932 1530 videtur,
968 1492 1094 1535 aliquot
1119 1493 1198 1523 Oxx.
1221 1499 1254 1524 et
1280 1492 1365 1525 Gud.
1390 1492 1422 1524 2.
1447 1505 1507 1535 pro
1533 1493 1619 1535 vulg.
1642 1504 1695 1525 ars
1716 1497 1782 1526 eius

226 1542 316 1578 atque
338 1541 380 1569 ut.
406 1538 525 1579 (neque
543 1536 638 1568 aliter
663 1536 748 1569 Gud.
766 1536 794 1568 1.
815 1536 959 1579 itemque
981 1537 1019 1568 R.
1034 1543 1066 1568 et
1089 1537 1174 1568 Pith.
1198 1549 1250 1579 ap.
1264 1538 1375 1574 Wes.;
1400 1537 1488 1568 idem
1509 1537 1530 1568 l.
1556 1537 1587 1568 d.
1612 1538 1780 1580 complura

227 1582 399 1613 verborum
423 1581 454 1612 in
483 1580 580 1614 codd.
602 1581 876 1624 transpositorum
907 1581 1056 1623 exempla
1087 1582 1271 1623 congessit3
1309 1582 1492 1624 Wopkens.
1514 1594 1546 1624 p.
1571 1579 1625 1613 96.
1653 1594 1670 1613 e
1697 1583 1781 1614 coni.

225 1636 280 1658 ars
296 1629 418 1666 eiusque
441 1628 571 1657 utilitate
598 1625 631 1668 (i.
647 1637 675 1657 e.
700 1626 742 1657 ob
767 1625 976 1668 utilitatem);
1004 1626 1105 1657 Bouh.
1127 1637 1155 1658 e.
1181 1626 1266 1657 coni.
1289 1636 1342 1657 ars
1362 1629 1484 1666 eiusque
1508 1629 1624 1658 utililas
1641 1629 1672 1658 d.
1694 1629 1714 1659 i.
1735 1630 1783 1659 in-

223 1674 363 1703 ventione
388 1669 447 1713 <sic
468 1670 562 1711 Aug.)
594 1681 676 1702 cons.
711 1672 722 1713 (

724 1671 744 1703 i.
767 1682 794 1702 e.
815 1670 894 1702 artis
917 1670 1011 1701 huius
1043 1670 1165 1701 utilitas
1189 1678 1379 1703 consecrata
1412 1672 1542 1702 honore
1565 1671 1624 1702 diis
1653 1671 1696 1702 ob
1716 1671 1783 1703 eius

223 1715 449 1746 inventionem
475 1714 625 1752 reddito,
651 1715 704 1746 vel
726 1715 836 1757 potius
859 1715 988 1746 honore
1013 1714 1125 1746 divino
1146 1715 1184 1746 iis
1207 1715 1391 1747 hominibus
1414 1716 1559 1755 tributo,
1585 1715 1700 1758 quibus
1722 1716 1783 1748 de—

223 1759 318 1791 betur
341 1759 517 1801 inventio).
564 1759 708 1791 Frustra.
757 1761 796 1791 V.
821 1759 905 1790 Adn.

293 1837 370 1868 CAP.
386 1838 410 1867 I.
437 1837 464 1878 ᾗ.
483 1835 508 1868 l.
535 1836 690 1879 quaesita]
716 1837 792 1868 Non
814 1837 901 1868 idem
924 1844 983 1875 est,

223 1881 312 1924 quod
333 1891 471 1923 sequens
491 1884 637 1921 inventa5
670 1881 751 1912 illud
772 1881 859 1912 enim
881 1881 985 1923 signi-

223 1927 309 1964 ficat,
332 1925 479 1967 corporis
499 1925 681 1956 medicinae
701 1926 926 1957 inventionem
944 1926 984 1957 ab

221 1970 391 2002 hominum
409 1969 620 2000 multitudine
636 1969 855 2001 desideratam
872 1971 984 2008 fuisse,

222 2015 287 2046 hoc
311 2020 426 2045 contra
448 2014 582 2052 indicat,
608 2014 706 2045 animi
727 2015 909 2046 medicinae
930 2015 984 2045 in—

222 2058 426 2094 ventionem,
451 2059 490 2088 ab
507 2058 675 2088 hominum
690 2059 900 2090 multitudine
917 2070 983 2090 non

222 2102 305 2134 adeo
331 2101 568 2140 desideratam,
605 2113 623 2132 a
652 2102 857 2143 philosophis
890 2114 985 2134 com-

222 2145 418 2177 municatam
436 2146 547 2185 fuisse,
572 2146 619 2176 uti
634 2154 725 2176 recte
742 2146 883 2187 explicat
900 2150 984 2178 Orel-

222 2193 282 2223 lius
306 2196 421 2221 contra
448 2191 611 2229 Wolfium,
647 2189 701 2231 qui
724 2193 865 2229 quaesita
897 2190 983 2221 idem

222 2234 331 2266 valere
353 2240 532 2271 statuerat,
557 2234 646 2276 quod
668 2237 803 2265 inventa.

288 2283 379 2318 atque
390 2281 455 2309 eius
467 2280 586 2309 utilitas
600 2279 692 2319 cem]
711 2279 898 2310 Sententia:
922 2281 982 2310 Ars

221 2323 349 2354 medica
362 2329 490 2354 tantam
506 2322 691 2353 existimata
710 2329 759 2353 est
776 2323 897 2354 habere
914 2323 981 2354 uti-

221 2367 358 2404 litatem,
385 2374 420 2398 ut
443 2367 509 2398 eius
534 2367 682 2398 inventio
706 2378 771 2398 non
795 2367 980 2399 hominibus

222 2411 481 2447 adscriberetur,
518 2411 576 2442 sed
598 2411 675 2453 ipsis
699 2411 760 2442 diis
782 2411 979 2443 immortali-

223 2456 293 2487 bus.
329 2458 524 2495 Consecrant,
546 2456 566 2487 i.
580 2467 607 2487 e.
627 2456 688 2486 diis
703 2456 870 2499 adscripta
884 2456 979 2488 ideo-

222 2510 283 2541 que
303 2510 394 2530 sacra
416 2500 537 2533 habita.
569 2501 632 2532 Pro
649 2502 682 2532 P.
698 2500 806 2531 Sestio
822 2500 876 2539 68,
899 2500 978 2534 143:

221 2543 306 2574 hanc
337 2543 525 2584 opinionem
563 2546 619 2586 (sc.
645 2545 915 2585 immortalitatis)
952 2545 979 2576 si

221 2587 254 2619 in
278 2587 336 2618 illo
369 2588 573 2618 sanctissimo
599 2589 740 2620 Hercule
772 2594 982 2621 consecratam

224 2631 380 2667 videmus,
408 2631 494 2662 cuius
515 2643 652 2673 corpore
671 2633 854 2672 combusto,
881 2634 980 2665 vitam

223 2676 290 2707 eius
315 2682 348 2706 et
371 2675 525 2705 virtutem
558 2676 786 2708 immortalitas
816 2679 981 2720 excepisse

223 2719 359 2751 diciturt
384 2719 437 2749 ubi
458 2721 642 2751 Matthiaeus
666 2732 698 2762 p.
719 2722 797 2753 le&
822 2733 981 2754 consecra-

226 2768 292 2796 tam
311 2763 452 2795 Hercule
474 2763 561 2794 inter
582 2763 660 2793 deos
681 2764 785 2794 relato
805 2772 837 2796 et
861 2777 979 2797 conse-2

223 2814 315 2840 erato
340 2814 504 2845 sanctam,
531 2813 566 2837 ut
586 2807 625 2838 ab
648 2819 685 2839 ea
710 2809 865 2840 recedere
887 2811 980 2842 nefas

222 2853 274 2885 sit.
322 2855 454 2885 Deorum
473 2854 694 2883 immortalium
712 2855 878 2885 inventioni
899 2866 979 2895 gra—

220 2897 290 2930 vius
312 2897 436 2928 dictum
467 2903 515 2928 est
537 2906 616 2938 pro:
650 2896 711 2927 diis
744 2896 979 2930 immortalibus

219 2944 434 2975 inventoribus.
470 2940 519 2972 Ad
539 2940 691 2972 adiectivi
711 2940 893 2973 attributivi
916 2943 977 2973 vim

1019 1837 1143 1868 maiore
1166 1836 1196 1868 vi
1218 1837 1420 1870 efferendam
1440 1836 1579 1868 Romani
1600 1848 1699 1880 saepe
1721 1849 1781 1880 pro

1021 1882 1185 1913 adiectivo
1205 1889 1333 1924 ponunt
1356 1882 1594 1913 substantivum
1615 1882 1709 1924 eique
1730 1883 1781 1914 al·-

1019 1933 1126 1958 terum
1149 1926 1388 1958 substantivum
1412 1927 1445 1958 in
1470 1926 1615 1968 genitivo
1643 1927 1779 1958 addunt.

1020 1972 1111 2002 Infra
1133 1972 1152 2002 5
1166 1995 1174 2008 ,
1203 1971 1257 2003 11:
1298 1974 1494 2003 mediocritas
1517 1973 1690 2010 officiorum
1721 1982 1782 2013 pro

1018 2015 1238 2046 mediocribus
1265 2015 1402 2051 officiis3
1437 2015 1482 2046 sic
1510 2026 1608 2057 saepe
1631 2018 1782 2055 opinionis

1019 2069 1105 2091 error
1140 2071 1201 2101 pro
1236 2059 1317 2090 falsa
1350 2060 1528 2102 opinione3
1563 2059 1650 2091 infra
1673 2060 1715 2098 2,
1740 2057 1778 2091 4:

1021 2115 1130 2134 cursus
1153 2115 1254 2140 error,
1282 2104 1423 2135 falscher
1443 2105 1540 2145 Weg.
1579 2105 1618 2135 V.
1642 2105 1692 2141 15,
1715 2101 1777 2136 43:

1019 2147 1051 2177 in
1076 2147 1237 2178 bonorum
1263 2159 1392 2185 errore,
1428 2148 1459 2178 h.
1477 2160 1503 2178 e.
1525 2148 1557 2178 in
1582 2147 1677 2178 bonis
1703 2147 1779 2189 opi-

1019 2191 1114 2222 natis.
1151 2191 1204 2226 27,
1232 2191 1289 2223 78:
1317 2191 1486 2233 pravitatis
1509 2203 1646 2223 errores,
1686 2191 1780 2223 Plura

1019 2234 1242 2277 suppeditabit
1267 2237 1484 2275 Naegelsbach.
1516 2236 1554 2266 L.
1579 2235 1650 2265 Stil.
1676 2236 1704 2277 §-
1722 2235 1776 2267 6⁴2.

1018 2291 1049 2321 p.
1070 2277 1130 2311 14&
1145 2291 1216 2321 sqq.
1250 2279 1301 2309 Ad
1322 2279 1517 2310 sententiam
1534 2279 1691 2321 apposite
1714 2281 1777 2310 Da-

1017 2326 1113 2355 visius
1134 2323 1338 2365 comparavit
1358 2324 1438 2354 Plin.
1462 2325 1502 2356 H.
1522 2324 1563 2354 N.
1582 2324 1717 2361 XXIX,
1740 2324 1775 2355 l:

1016 2367 1229 2409 ‚‚(rnr›(licina)
1256 2371 1323 2399 Diis
1347 2371 1484 2407 primum
1507 2370 1678 2399 inventores
1706 2377 1778 2399 suos

1014 2414 1187 2452 assigynavit
1210 2417 1237 2444 et
1260 2415 1343 2444 caelo
1367 2414 1518 2444 dicavit.“
1574 2411 1778 2443 Adscribitur

1015 2463 1122 2487 autem
1162 2468 1212 2487 ars
1252 2456 1377 2487 medica
1416 2456 1591 2498 praecipue
1630 2455 1776 2498 Apollini

1014 2501 1146 2543 eiusque
1171 2500 1237 2532 filio
1262 2501 1468 2542 Aesculapio.
1517 2502 1579 2531 Res
1604 2500 1637 2530 in
1663 2500 1776 2541 vulgus

1015 2553 1106 2578 nota.

1082 2594 1147 2621 tam
1169 2589 1359 2631 desiderata]
1396 2587 1540 2619 Attende
1563 2587 1605 2618 ad
1630 2588 1773 2629 exquisi—

1014 2633 1131 2666 tiorem
1144 2633 1416 2675 significationem
1436 2631 1613 2674 particulae
1629 2635 1693 2662 tam
1713 2643 1774 2673 pro

1015 2680 1103 2710 adeo.
1146 2679 1197 2709 Cf.
1220 2678 1288 2709 Fin.
1312 2679 1336 2717 Ι,
1362 2679 1387 2708 1.
1410 2688 1460 2717 pr.
1503 2675 1642 2714 Quidam
1665 2682 1774 2707 autem

1016 2734 1081 2753 non
1106 2722 1140 2753 id
1163 2727 1228 2753 tam
1252 2720 1514 2763 reprehendunt,
1552 2719 1578 2750 si
1609 2720 1773 2751 remissius

1013 2773 1147 2808 agatur:
1181 2765 1235 2797 nbi
1258 2777 1287 2796 v.
1311 2767 1467 2796 Bremium
1489 2770 1520 2795 et
1543 2774 1637 2805 quem
1662 2764 1774 2795 laudat

1013 2813 1167 2843 Drakenb.
1191 2809 1232 2841 ad
1256 2809 1328 2840 Liv.
1349 2809 1515 2839 XXXIII.
1539 2808 1600 2845 45,
1626 2806 1657 2840 4.

1081 2858 1139 2894 Αη,
1160 2855 1256 2895 quod]
1281 2852 1448 2884 Sententia
1471 2852 1564 2883 huius
1580 2852 1663 2884 loci:
1689 2853 1772 2884 Ani-

1014 2900 1058 2930 mi
1087 2898 1249 2930 medicina
1278 2897 1402 2928 idcirco
1424 2897 1465 2928 ab
1498 2897 1683 2928 hominibus
1707 2909 1767 2929 ne-

1012 2943 1090 2985 gligi
1115 2943 1261 2981 videtur,
1297 2941 1385 2984 quod
1414 2941 1556 2981 animus,
1593 2942 1647 2984 qui
1672 2941 1770 2973 habet
