1863 3221
231 111 280 154 14
835 116 1180 150 PROLEGOMENA.

336 203 436 240 Tum
464 201 648 247 docetur,

337 274 377 307 2.
438 270 607 305 ,Mortem
629 280 709 303 non
731 265 847 302 modo
869 266 1027 302 malam
1051 279 1131 302 non
1156 280 1253 309 esse,
1284 265 1356 303 sed
1373 266 1519 303 bonum
1539 268 1664 303 eciam
1686 280 1777 303 esse.

337 335 377 386 a)
406 335 579 372 Primum
603 332 826 383 quaeritur,
857 332 955 382 quid
979 333 1029 369 sit
1051 345 1156 369 mors
1173 332 1270 382 ipsa.
1329 331 1406 369 Alii
1430 332 1639 370 discessum
1662 332 1782 370 animi

225 419 247 441 a
275 416 443 453 corpore
474 407 618 452 putant
652 413 730 437 esse
763 406 949 449 mortem,
990 400 1054 436 alii
1089 399 1239 436 nullum
1266 406 1422 436 censent
1448 399 1531 437 [ieri
1561 400 1780 448 discessum,

226 471 293 508 sed
314 484 391 507 una
413 470 584 506 animum
605 474 643 504 et
663 481 809 518 corpus
832 467 1022 514 occidere,
1053 467 1301 516 animumque
1319 466 1360 503 in
1383 480 1550 517 corpore
1572 467 1782 518 exstingui.

227 537 304 583 Qui
329 536 526 574 discedere
548 535 718 572 animum
747 542 923 583 censent,
954 535 1021 572 alii
1046 535 1178 571 statim
1205 533 1407 584 dissipari,
1440 534 1505 571 alii
1527 535 1596 571 diu
1623 548 1780 585 perma—

226 618 328 651 nere,
360 603 425 640 alii
445 616 608 653 semper.
627 624 684 630 —-—-
724 603 850 640 Porro
875 603 1095 652 quaeritur,
1127 601 1225 651 quid
1246 601 1296 638 sit
1313 601 1396 652 ipse
1416 601 1579 639 animus.
1603 623 1658 628 —
1698 603 1779 641 Va-

225 671 306 708 riae
329 669 663 721 philosophorum
690 671 737 707 de
762 669 882 706 animi
907 677 1049 707 natura
1072 670 1297 706 afferuntur
1321 669 1554 717 sententiae,
1587 682 1706 719 quae,
1736 675 1782 706 ut

224 739 330 775 inter
351 751 388 774 se
410 737 616 785 differant,
648 737 687 773 in
713 737 808 773 duas
833 743 963 787 partes
990 736 1118 774 dividi
1141 742 1321 787 possunt.
1382 736 1458 772 Alii
1484 736 1584 773 enim
1610 742 1779 783 censent,

224 806 392 843 animum
416 818 493 842 esse
516 804 733 851 materiam,
765 804 832 840 alii
856 804 1054 840 diversum
1077 804 1263 853 quiddam
1287 817 1307 839 a
1332 817 1513 854 corpore.
1538 807 1750 841 e.9—-11.

336 870 378 922 b)
411 873 679 922 Quaecunque
701 877 828 908 autem
853 884 985 909 earum
1005 871 1288 907 sententiarum
1309 884 1402 907 vera
1421 876 1498 916 est,
1530 870 1607 907 hoc
1631 876 1781 906 certum

224 946 292 987 est,
323 949 487 976 mortem
509 946 581 974 (ιιιι
600 940 757 975 malam
777 954 855 975 non
877 954 972 981 esus-e,
1007 946 1076 974 nul
1097 938 1242 974 bonum
1255 940 1409 988 potius.
1471 939 1565 975 Nam
1588 936 1626 984 α)
1646 937 1676 973 si
1697 943 1780 973 sta-

223 1007 390 1054 mimus,
422 1006 592 1043 animum
617 1019 696 1042 esse
718 1005 917 1042 materiam
942 1011 979 1042 et
1002 1019 1087 1042 cum
1111 1018 1280 1055 corpore
1302 1005 1487 1052 interire,
1518 1005 1670 1055 pariter
1694 1017 1781 1040 cum

224 1075 306 1112 vita
328 1087 462 1110 sensus
482 1073 703 1121 amittitur3
734 1073 801 1122 qui
822 1079 950 1110 autem
970 1073 1094 1109 omnis
1116 1086 1250 1108 sensus
1263 1085 1402 1122 expers
1421 1078 1488 1119 est,
1519 1072 1551 1108 is
1570 1073 1686 1108 miser
1702 1070 1783 1107 dici

225 1154 304 1177 non
332 1146 482 1190 potest3
521 1152 613 1189 ergo
639 1152 744 1176 mors
771 1153 851 1176 non
879 1146 935 1176 est
961 1140 1115 1175 malum.
1174 1137 1213 1186 β)
1243 1139 1282 1175 Si
1304 1152 1400 1175 vero
1425 1138 1652 1185 statuimus,
1691 1137 1781 1174 ani-

222 1222 326 1245 mum
356 1208 555 1244 diversum
581 1206 765 1255 quiddam
794 1220 872 1243 esse
899 1220 919 1243 a
954 1219 1122 1256 corpore
1151 1212 1189 1242 et
1208 1211 1300 1255 post
1330 1211 1493 1242 mortem
1520 1218 1674 1242 manere
1700 1203 1783 1241 sive

222 1275 480 1312 immortalem
504 1287 602 1321 esse,
632 1287 790 1323 sperare
811 1274 922 1321 licet,
954 1274 1124 1319 animos,
1157 1285 1275 1321 quum
1296 1285 1316 1309 e
1337 1285 1505 1322 corpore
1531 1271 1781 1319 excesserint,

224 1344 266 1380 in
295 1342 493 1379 meliorem
516 1341 806 1390 beatioremque
829 1354 942 1390 posse
971 1340 1179 1390 pervenire
1210 1345 1368 1376 statum.
1428 1339 1548 1385 Quod
1576 1339 1609 1376 si
1633 1339 1687 1375 ita
1714 1345 1781 1385 est,

223 1411 415 1460 sequitur,
437 1416 603 1446 mortem
619 1423 697 1444 non
716 1409 832 1445 modo
850 1410 1007 1445 malum
1024 1422 1102 1444 non,
1120 1422 1214 1453 esse,
1239 1406 1310 1443 sed
1324 1406 1468 1442 bonum
1489 1409 1613 1442 etiam
1635 1405 1740 1442 esus-fi
1753 1404 1780 1456 ).

224 1493 256 1516 c.
285 1482 347 1516 11.
378 1498 433 1504 --
480 1477 557 1513 Iam
583 1481 812 1526 argumenta
833 1474 1080 1522 afferuntur,
1112 1473 1254 1523 quibus
1281 1473 1592 1521 demonstretur,
1624 1475 1782 1510 (azimos-

224 1561 304 1583 ωδε
326 1544 587 1581 immortales.

336 1610 394 1664 (1)
425 1612 687 1661 Argumenta
718 1625 820 1661 qaue
850 1609 1044 1646 dic-zuzim·
1071 1609 1282 1646 historica.
1347 1608 1654 1645 tumim-talitatis
1685 1607 1776 1658 opi-

224 1681 380 1718 nionem
411 1678 637 1716 hominibus
663 1684 804 1714 natura
827 1677 1001 1713 innatam
1020 1690 1117 1724 esse,
1157 1675 1197 1726 α)
1228 1676 1397 1726 primum
1422 1675 1677 1713 confirmatur
1700 1689 1778 1710 αιι-

224 1750 411 1784 ctoritate
426 1748 557 1782 omnis·
577 1746 864 1795 antiquitatis:
904 1757 1001 1793 quae
1027 1757 1104 1792 quo
1124 1743 1292 1793 propius
1313 1744 1447 1779 aberat
1466 1744 1514 1780 ab
1543 1749 1635 1779 ortu
1655 1748 1693 1778 et
1712 1741 1778 1794 di-

223 1815 315 1852 vina
349 1813 553 1864 progenie,
592 1811 669 1849 hoc
699 1811 834 1848 melius
867 1825 910 1848 ea
941 1812 1122 1858 fortasse,
1161 1823 1260 1859 quae
1292 1817 1403 1847 erant
1429 1823 1544 1856 vera,
1581 1809 1778 1846 cernebat.

224 1882 508 1933 Antiquitatem
540 1886 668 1916 autem
696 1879 771 1915 hac
800 1879 1021 1915 animorum
1046 1877 1352 1915 immortalitatis
1383 1878 1570 1928 opinione
1591 1877 1779 1914 imbutam

222 1950 359 1996 fuisse,
401 1961 523 1998 quum
555 1946 688 1983 multis
721 1945 806 1983 aliis
841 1946 978 1993 rebus,
1017 1951 1103 1982 tum
1137 1960 1155 1981 e
1192 1947 1465 1994 sepulcrorum
1502 1946 1778 1986 caerimoniis,

222 2031 317 2065 quas
337 2029 483 2052 summa
506 2028 598 2051 cura
621 2014 764 2059 coluit,
804 2019 839 2049 et
862 2026 880 2049 e
902 2026 1010 2049 more
1033 2010 1158 2049 claros
1183 2012 1292 2049 viros
1314 2018 1352 2049 et
1370 2012 1530 2049 feminas
1549 2011 1592 2047 in
1615 2011 1780 2047 deorum

223 2095 427 2120 numerum
451 2081 714 2118 transferendi
734 2080 950 2129 intelligere
968 2079 1071 2116 licet.
1104 2093 1134 2116 C.
1156 2083 1219 2116 12.
1242 2100 1298 2106 --
1328 2077 1368 2129 β)
1391 2085 1475 2115 tum
1495 2092 1687 2115 consen-su
1700 2092 1778 2127 po-

216 2151 412 2200 pulorum
442 2150 621 2185 omnium
647 2148 694 2184 de
721 2147 941 2184 animorum
972 2147 1284 2183 immortalitate:
1328 2146 1432 2182 unde
1455 2151 1640 2195 apparet,
1677 2144 1779 2181 hanc

222 2217 447 2267 opinionem
479 2229 558 2252 non
589 2215 857 2252 collocutione
883 2220 951 2251 aut
978 2213 1242 2251 conventione
1270 2212 1473 2249 hominum
1502 2212 1675 2249 effectam
1708 2224 1778 2248 ne·-

223 2299 298 2334 que
319 2283 516 2321 institutis
536 2289 605 2319 aut
626 2282 773 2332 legibus
798 2281 1066 2318 confirmatam
1086 2294 1185 2328 esse,
1213 2280 1280 2317 sed
1298 2287 1441 2317 natura
1462 2280 1642 2316 omnibus
1660 2279 1778 2315 inna-

225 2359 313 2388 tam.
342 2366 374 2388 c.
395 2354 461 2389 15.
482 2372 536 2376 —
566 2348 605 2402 y)
630 2350 799 2398 denique
819 2362 884 2396 eo,
917 2348 1024 2398 quod
1045 2348 1230 2384 omnc'bzcs·
1250 2362 1348 2384 cura
1375 2350 1521 2383 innata
1548 2354 1604 2383 est
1627 2360 1776 2389 eoram,

223 2434 325 2469 quae
340 2426 436 2469 post
454 2425 618 2454 mortem
634 2418 787 2466 futura
807 2418 902 2453 sint.
961 2415 1142 2452 Inhaeret
1162 2415 1264 2451 enim
1281 2414 1323 2451 in
1343 2414 1538 2451 mentibus
1559 2413 1668 2463 quasi
1691 2426 1777 2450 sae-

224 2486 402 2522 culorum
435 2485 631 2534 quoddam
662 2484 872 2534 augurium
904 2484 1151 2530 futurorum,
1192 2482 1312 2532 idque
1336 2483 1376 2519 in
1409 2481 1586 2518 maximis
1615 2479 1779 2530 ingeniis

223 2552 497 2600 altissimisque
517 2552 653 2587 animis
674 2558 712 2588 et
734 2551 886 2588 exsistit
906 2551 1082 2598 maxime,
1114 2557 1152 2587 et
1170 2557 1336 2600 apparet
1357 2549 1554 2586 facillime:
1587 2561 1664 2596 quo
1686 2546 1777 2595 qui-

223 2619 306 2654 ‹lem
335 2619 512 2668 dempto,
545 2618 631 2667 quis
659 2625 735 2653 tam
764 2625 861 2655 esset
889 2632 1038 2666 amens,
1080 2618 1147 2667 qui
1173 2631 1322 2668 semper
1349 2616 1390 2653 in
1416 2614 1618 2652 laboribus
1645 2620 1680 2650 et
1705 2626 1776 2663 pe-

223 2687 358 2724 riculis
380 2686 545 2722 viveret.
577 2699 609 2721 c.
630 2688 693 2722 14.
722 2689 783 2722 15.

335 2751 392 2804 (2)
416 2754 676 2802 Argumenta
698 2766 802 2802 qnae
828 2753 1022 2789 (licuntur
1054 2753 1333 2802 metaplqyst'ca
1369 2749 1552 2799 (rationis
1572 2763 1591 2785 a
1614 2746 1779 2799 priore).

222 2822 440 2870 Antequam
475 2825 602 2856 autem
632 2819 767 2855 Cicero
800 2819 848 2855 ad
885 2820 1148 2857 enumeranda
1176 2825 1214 2856 et
1246 2816 1504 2855 examinanda
1534 2816 1628 2853 haec
1657 2828 1778 2864 argu-

223 2894 351 2926 menta
372 2887 536 2934 transit,
567 2885 738 2936 primum
759 2885 932 2935 quaerit,
964 2887 1088 2935 qualis
1112 2887 1239 2923 animo
1258 2884 1532 2921 informandus
1552 2883 1601 2920 sit
1623 2882 1776 2919 animo-

311 2964 344 3002 ⁴)
373 2965 411 2995 V.
436 2974 495 2995 nos
515 2962 549 2994 in
572 2961 657 2994 libro
683 2961 773 2993 dicto
797 2962 834 2993 de
858 2963 1011 2994 Ciceronis
1033 2964 1066 2995 in
1084 2964 1195 3001 philos.
1220 2971 1294 2993 mer.
1319 2972 1352 3003 p.
1375 2957 1443 2992 218
1464 2957 1575 3002 sq.7).
