<?xml version="1.0" encoding="UTF-8"?>
<!DOCTYPE html PUBLIC "-//W3C//DTD XHTML 1.0 Transitional//EN"
    "http://www.w3.org/TR/xhtml1/DTD/xhtml1-transitional.dtd">
<html xmlns="http://www.w3.org/1999/xhtml" xml:lang="en" lang="en">
 <head>
  <title>
</title>
<meta http-equiv="Content-Type" content="text/html;charset=utf-8" />
  <meta name='ocr-system' content='tesseract 3.04.00' />
  <meta name='ocr-capabilities' content='ocr_page ocr_carea ocr_par ocr_line ocrx_word'/>
</head>
<body>
  <div class='ocr_page' id='page_1' title='image "./tusculanaedisput00ciceuoft_0509.png"; bbox 0 0 1832 3137; ppageno 0'>
   <div class='ocr_carea' id='block_1_1' title="bbox 1573 74 1657 116">
    <p class='ocr_par' dir='ltr' id='par_1_1' title="bbox 1573 74 1657 116">
     <span class='ocr_line' id='line_1_1' title="bbox 1573 74 1657 116; baseline 0.024 -2"><span class='ocrx_word' id='word_1_1' title='bbox 1573 74 1657 116; x_wconf 73' lang='lat'>459</span> 
     </span>
    </p>
   </div>
   <div class='ocr_carea' id='block_1_2' title="bbox 95 154 1656 285">
    <p class='ocr_par' dir='ltr' id='par_1_2' title="bbox 95 154 1656 285">
     <span class='ocr_line' id='line_1_2' title="bbox 98 154 1655 218; baseline 0.002 -21"><span class='ocrx_word' id='word_1_2' title='bbox 98 154 464 218; x_wconf 11' lang='lat' dir='ltr'>esse-*parabiles13</span> <span class='ocrx_word' id='word_1_3' title='bbox 504 156 717 196; x_wconf 88' lang='lat' dir='ltr'>secundum</span> <span class='ocrx_word' id='word_1_4' title='bbox 748 164 877 197; x_wconf 81' lang='lat' dir='ltr'>autem</span> <span class='ocrx_word' id='word_1_5' title='bbox 902 171 1026 210; x_wconf 85' lang='lat' dir='ltr'>genus</span> <span class='ocrx_word' id='word_1_6' title='bbox 1054 157 1303 212; x_wconf 72' lang='lat' dir='ltr'><strong>cupiditatum</strong></span> <span class='ocrx_word' id='word_1_7' title='bbox 1327 171 1400 199; x_wconf 82' lang='lat' dir='ltr'>uec</span> <span class='ocrx_word' id='word_1_8' title='bbox 1427 159 1473 199; x_wconf 88' lang='lat' dir='ltr'>ad</span> <span class='ocrx_word' id='word_1_9' title='bbox 1505 161 1655 214; x_wconf 86' lang='lat' dir='ltr'>potien-</span> 
     </span>
     <span class='ocr_line' id='line_1_3' title="bbox 95 227 1656 285; baseline 0.003 -16"><span class='ocrx_word' id='word_1_10' title='bbox 95 228 184 269; x_wconf 85' lang='lat' dir='ltr'>dum</span> <span class='ocrx_word' id='word_1_11' title='bbox 207 227 358 268; x_wconf 84' lang='lat' dir='ltr'>difficile</span> <span class='ocrx_word' id='word_1_12' title='bbox 384 241 472 268; x_wconf 88' lang='lat' dir='ltr'>esse</span> <span class='ocrx_word' id='word_1_13' title='bbox 493 235 643 279; x_wconf 81' lang='lat' dir='ltr'>censet,</span> <span class='ocrx_word' id='word_1_14' title='bbox 677 243 749 269; x_wconf 85' lang='lat' dir='ltr'>nec</span> <span class='ocrx_word' id='word_1_15' title='bbox 772 242 866 269; x_wconf 87' lang='lat' dir='ltr'>vero</span> <span class='ocrx_word' id='word_1_16' title='bbox 888 230 935 269; x_wconf 85' lang='lat' dir='ltr'>ad</span> <span class='ocrx_word' id='word_1_17' title='bbox 952 231 1185 282; x_wconf 78' lang='lat' dir='ltr'>carendum3</span> <span class='ocrx_word' id='word_1_18' title='bbox 1220 231 1370 282; x_wconf 83' lang='lat' dir='ltr'>tertias,</span> <span class='ocrx_word' id='word_1_19' title='bbox 1404 232 1505 285; x_wconf 84' lang='lat' dir='ltr'>quod</span> <span class='ocrx_word' id='word_1_20' title='bbox 1522 241 1656 274; x_wconf 77' lang='lat' dir='ltr'><strong>essent</strong></span> 
     </span>
    </p>
   </div>
   <div class='ocr_carea' id='block_1_3' title="bbox 645 77 1117 119">
    <p class='ocr_par' dir='ltr' id='par_1_3' title="bbox 645 77 1117 119">
     <span class='ocr_line' id='line_1_4' title="bbox 645 77 1117 119; baseline 0.004 -9"><span class='ocrx_word' id='word_1_21' title='bbox 645 79 806 111; x_wconf 82' lang='lat' dir='ltr'><strong>LIBER</strong></span> <span class='ocrx_word' id='word_1_22' title='bbox 832 80 871 111; x_wconf 91' lang='lat' dir='ltr'>V.</span> <span class='ocrx_word' id='word_1_23' title='bbox 894 78 960 119; x_wconf 77' lang='lat'>33,</span> <span class='ocrx_word' id='word_1_24' title='bbox 984 77 1039 112; x_wconf 77' lang='lat'>94.</span> <span class='ocrx_word' id='word_1_25' title='bbox 1063 78 1117 112; x_wconf 83' lang='lat'>95.</span> 
     </span>
    </p>
   </div>
   <div class='ocr_carea' id='block_1_4' title="bbox 90 300 1714 1010">
    <p class='ocr_par' dir='ltr' id='par_1_4' title="bbox 90 300 1714 1010">
     <span class='ocr_line' id='line_1_5' title="bbox 95 300 1656 358; baseline 0.003 -18"><span class='ocrx_word' id='word_1_26' title='bbox 95 301 208 356; x_wconf 84' lang='lat' dir='ltr'>plane</span> <span class='ocrx_word' id='word_1_27' title='bbox 230 300 369 341; x_wconf 85' lang='lat' dir='ltr'>inanes</span> <span class='ocrx_word' id='word_1_28' title='bbox 391 314 515 354; x_wconf 88' lang='lat' dir='ltr'>neque</span> <span class='ocrx_word' id='word_1_29' title='bbox 537 302 810 342; x_wconf 82' lang='lat' dir='ltr'>necessitatem</span> <span class='ocrx_word' id='word_1_30' title='bbox 835 302 948 341; x_wconf 88' lang='lat' dir='ltr'>modo</span> <span class='ocrx_word' id='word_1_31' title='bbox 964 334 974 352; x_wconf 92' lang='lat'><strong>‚</strong></span> <span class='ocrx_word' id='word_1_32' title='bbox 1008 303 1075 343; x_wconf 88' lang='lat' dir='ltr'>sed</span> <span class='ocrx_word' id='word_1_33' title='bbox 1097 316 1144 343; x_wconf 90' lang='lat' dir='ltr'>ne</span> <span class='ocrx_word' id='word_1_34' title='bbox 1167 310 1343 346; x_wconf 80' lang='lat' dir='ltr'>naturam</span> <span class='ocrx_word' id='word_1_35' title='bbox 1365 304 1516 358; x_wconf 88' lang='lat' dir='ltr'>quidem</span> <span class='ocrx_word' id='word_1_36' title='bbox 1541 305 1656 345; x_wconf 84' lang='lat' dir='ltr'>attin-</span> 
     </span>
     <span class='ocr_line' id='line_1_6' title="bbox 93 373 1714 433; baseline 0.004 -21"><span class='ocrx_word' id='word_1_37' title='bbox 93 380 256 427; x_wconf 80' lang='lat' dir='ltr'>gerent,</span> <span class='ocrx_word' id='word_1_38' title='bbox 291 373 460 413; x_wconf 82' lang='lat' dir='ltr'>funditus</span> <span class='ocrx_word' id='word_1_39' title='bbox 487 374 696 414; x_wconf 84' lang='lat' dir='ltr'>eiiciendas</span> <span class='ocrx_word' id='word_1_40' title='bbox 723 374 887 429; x_wconf 80' lang='lat' dir='ltr'>putavit.</span> <span class='ocrx_word' id='word_1_41' title='bbox 948 380 1017 415; x_wconf 77' lang='lat'>94.</span> <span class='ocrx_word' id='word_1_42' title='bbox 1053 374 1139 415; x_wconf 84' lang='lat' dir='ltr'>Hoc</span> <span class='ocrx_word' id='word_1_43' title='bbox 1170 377 1255 416; x_wconf 80' lang='lat' dir='ltr'>loco</span> <span class='ocrx_word' id='word_1_44' title='bbox 1287 377 1404 417; x_wconf 88' lang='lat' dir='ltr'>multa</span> <span class='ocrx_word' id='word_1_45' title='bbox 1438 377 1484 418; x_wconf 84' lang='lat' dir='ltr'>ab</span> <span class='ocrx_word' id='word_1_46' title='bbox 1509 376 1655 433; x_wconf 77' lang='lat' dir='ltr'>Epicu-</span> <span class='ocrx_word' id='word_1_47' title='bbox 1711 427 1714 433; x_wconf 24' lang='grc' dir='ltr'><strong>Δ</strong></span> 
     </span>
     <span class='ocr_line' id='line_1_7' title="bbox 93 438 1711 504; baseline 0.003 -18"><span class='ocrx_word' id='word_1_48' title='bbox 93 446 173 486; x_wconf 85' lang='lat' dir='ltr'>reis</span> <span class='ocrx_word' id='word_1_49' title='bbox 196 446 455 500; x_wconf 85' lang='lat' dir='ltr'>disputantur,</span> <span class='ocrx_word' id='word_1_50' title='bbox 490 459 637 500; x_wconf 86' lang='lat' dir='ltr'>eaeque</span> <span class='ocrx_word' id='word_1_51' title='bbox 662 447 881 501; x_wconf 89' lang='lat' dir='ltr'>voluptates</span> <span class='ocrx_word' id='word_1_52' title='bbox 902 447 1122 501; x_wconf 77' lang='lat' dir='ltr'>singillatim</span> <span class='ocrx_word' id='word_1_53' title='bbox 1139 451 1159 474; x_wconf 82' lang='lat'><strong>²</strong></span> <span class='ocrx_word' id='word_1_54' title='bbox 1180 457 1460 501; x_wconf 84' lang='lat' dir='ltr'>extenuantur,</span> <span class='ocrx_word' id='word_1_55' title='bbox 1494 465 1654 504; x_wconf 81' lang='lat' dir='ltr'>quarum</span> <span class='ocrx_word' id='word_1_56' title='bbox 1705 438 1711 447; x_wconf 33' lang='grc' dir='ltr'><em>Ι</em></span> 
     </span>
     <span class='ocr_line' id='line_1_8' title="bbox 93 521 1255 574; baseline 0.003 -16"><span class='ocrx_word' id='word_1_57' title='bbox 93 530 241 573; x_wconf 81' lang='lat' dir='ltr'>genera</span> <span class='ocrx_word' id='word_1_58' title='bbox 260 521 371 559; x_wconf 78' lang='lat' dir='ltr'>non²</span> <span class='ocrx_word' id='word_1_59' title='bbox 393 526 662 569; x_wconf 82' lang='lat' dir='ltr'>contemnunt,</span> <span class='ocrx_word' id='word_1_60' title='bbox 696 521 917 573; x_wconf 83' lang='lat' dir='ltr'>quaerunt2</span> <span class='ocrx_word' id='word_1_61' title='bbox 943 526 1070 559; x_wconf 81' lang='lat' dir='ltr'>tamen</span> <span class='ocrx_word' id='word_1_62' title='bbox 1090 522 1255 574; x_wconf 84' lang='lat' dir='ltr'>copiam.</span> 
     </span>
     <span class='ocr_line' id='line_1_9' title="bbox 94 591 1655 646; baseline 0.002 -14"><span class='ocrx_word' id='word_1_63' title='bbox 94 605 165 632; x_wconf 85' lang='lat' dir='ltr'>nas</span> <span class='ocrx_word' id='word_1_64' title='bbox 184 592 426 646; x_wconf 86' lang='lat' dir='ltr'>voluptates,</span> <span class='ocrx_word' id='word_1_65' title='bbox 459 593 506 632; x_wconf 90' lang='lat' dir='ltr'>de</span> <span class='ocrx_word' id='word_1_66' title='bbox 528 592 664 646; x_wconf 91' lang='lat' dir='ltr'>quibus</span> <span class='ocrx_word' id='word_1_67' title='bbox 685 592 804 632; x_wconf 86' lang='lat' dir='ltr'>multa</span> <span class='ocrx_word' id='word_1_68' title='bbox 824 591 872 632; x_wconf 87' lang='lat' dir='ltr'>ab</span> <span class='ocrx_word' id='word_1_69' title='bbox 895 592 968 631; x_wconf 89' lang='lat' dir='ltr'>illis</span> <span class='ocrx_word' id='word_1_70' title='bbox 993 592 1156 633; x_wconf 76' lang='lat' dir='ltr'>liabetur</span> <span class='ocrx_word' id='word_1_71' title='bbox 1177 595 1323 644; x_wconf 80' lang='lat' dir='ltr'>oratio,</span> <span class='ocrx_word' id='word_1_72' title='bbox 1359 595 1517 646; x_wconf 81' lang='lat' dir='ltr'>faciles,</span> <span class='ocrx_word' id='word_1_73' title='bbox 1551 611 1655 636; x_wconf 76' lang='lat' dir='ltr'>eom-</span> 
     </span>
     <span class='ocr_line' id='line_1_10' title="bbox 92 665 1652 721; baseline 0.003 -17"><span class='ocrx_word' id='word_1_74' title='bbox 92 678 254 716; x_wconf 88' lang='lat' dir='ltr'>munes,</span> <span class='ocrx_word' id='word_1_75' title='bbox 287 665 326 705; x_wconf 89' lang='lat' dir='ltr'>in</span> <span class='ocrx_word' id='word_1_76' title='bbox 351 666 478 705; x_wconf 89' lang='lat' dir='ltr'>medio</span> <span class='ocrx_word' id='word_1_77' title='bbox 505 665 602 705; x_wconf 86' lang='lat' dir='ltr'>sitas</span> <span class='ocrx_word' id='word_1_78' title='bbox 627 678 716 705; x_wconf 89' lang='lat' dir='ltr'>esse</span> <span class='ocrx_word' id='word_1_79' title='bbox 740 665 894 714; x_wconf 86' lang='lat' dir='ltr'>dieunt,</span> <span class='ocrx_word' id='word_1_80' title='bbox 940 677 1084 718; x_wconf 81' lang='lat' dir='ltr'>easque</span> <span class='ocrx_word' id='word_1_81' title='bbox 1109 666 1140 705; x_wconf 88' lang='lat' dir='ltr'>si</span> <span class='ocrx_word' id='word_1_82' title='bbox 1167 673 1305 706; x_wconf 82' lang='lat' dir='ltr'>natura</span> <span class='ocrx_word' id='word_1_83' title='bbox 1332 667 1530 721; x_wconf 83' lang='lat' dir='ltr'>requirat,</span> <span class='ocrx_word' id='word_1_84' title='bbox 1575 683 1652 709; x_wconf 90' lang='lat' dir='ltr'>uon</span> 
     </span>
     <span class='ocr_line' id='line_1_11' title="bbox 92 737 1656 792; baseline 0.003 -15"><span class='ocrx_word' id='word_1_85' title='bbox 92 751 240 791; x_wconf 82' lang='lat' dir='ltr'><strong>genere</strong></span> <span class='ocrx_word' id='word_1_86' title='bbox 276 744 342 777; x_wconf 80' lang='lat' dir='ltr'>aut</span> <span class='ocrx_word' id='word_1_87' title='bbox 366 737 452 777; x_wconf 88' lang='lat' dir='ltr'>loeo</span> <span class='ocrx_word' id='word_1_88' title='bbox 482 744 548 777; x_wconf 88' lang='lat' dir='ltr'>aut</span> <span class='ocrx_word' id='word_1_89' title='bbox 588 737 751 787; x_wconf 82' lang='lat' dir='ltr'>ordine,</span> <span class='ocrx_word' id='word_1_90' title='bbox 798 738 866 777; x_wconf 85' lang='lat' dir='ltr'>sed</span> <span class='ocrx_word' id='word_1_91' title='bbox 904 738 1055 787; x_wconf 80' lang='lat' dir='ltr'>forma,</span> <span class='ocrx_word' id='word_1_92' title='bbox 1088 745 1240 789; x_wconf 83' lang='lat' dir='ltr'>aetate,</span> <span class='ocrx_word' id='word_1_93' title='bbox 1282 739 1403 792; x_wconf 82' lang='lat' dir='ltr'>figura</span> <span class='ocrx_word' id='word_1_94' title='bbox 1442 740 1656 781; x_wconf 85' lang='lat' dir='ltr'>metiendas</span> 
     </span>
     <span class='ocr_line' id='line_1_12' title="bbox 90 809 1657 863; baseline 0.003 -15"><span class='ocrx_word' id='word_1_95' title='bbox 90 816 247 863; x_wconf 85' lang='lat' dir='ltr'>putant,</span> <span class='ocrx_word' id='word_1_96' title='bbox 281 809 329 849; x_wconf 92' lang='lat' dir='ltr'>ab</span> <span class='ocrx_word' id='word_1_97' title='bbox 356 809 480 862; x_wconf 91' lang='lat' dir='ltr'>iisque</span> <span class='ocrx_word' id='word_1_98' title='bbox 503 809 701 849; x_wconf 84' lang='lat' dir='ltr'>abstinere</span> <span class='ocrx_word' id='word_1_99' title='bbox 725 810 884 850; x_wconf 89' lang='lat' dir='ltr'>minime</span> <span class='ocrx_word' id='word_1_100' title='bbox 909 823 998 850; x_wconf 86' lang='lat' dir='ltr'>esse</span> <span class='ocrx_word' id='word_1_101' title='bbox 1021 809 1198 861; x_wconf 83' lang='lat' dir='ltr'>difficile,</span> <span class='ocrx_word' id='word_1_102' title='bbox 1232 811 1266 851; x_wconf 92' lang='lat' dir='ltr'>si</span> <span class='ocrx_word' id='word_1_103' title='bbox 1292 819 1358 851; x_wconf 87' lang='lat' dir='ltr'>aut</span> <span class='ocrx_word' id='word_1_104' title='bbox 1383 812 1566 853; x_wconf 80' lang='lat' dir='ltr'>valetudo</span> <span class='ocrx_word' id='word_1_105' title='bbox 1590 820 1657 853; x_wconf 89' lang='lat' dir='ltr'>aut</span> 
     </span>
     <span class='ocr_line' id='line_1_13' title="bbox 90 881 1656 939; baseline 0.002 -17"><span class='ocrx_word' id='word_1_106' title='bbox 90 881 256 922; x_wconf 73' lang='lat' dir='ltr'>officium</span> <span class='ocrx_word' id='word_1_107' title='bbox 286 888 353 922; x_wconf 85' lang='lat' dir='ltr'>aut</span> <span class='ocrx_word' id='word_1_108' title='bbox 378 882 479 922; x_wconf 82' lang='lat' dir='ltr'>fama</span> <span class='ocrx_word' id='word_1_109' title='bbox 510 882 702 936; x_wconf 76' lang='lat' dir='ltr'>postulet,</span> <span class='ocrx_word' id='word_1_110' title='bbox 747 883 982 937; x_wconf 87' lang='lat' dir='ltr'>omninoque</span> <span class='ocrx_word' id='word_1_111' title='bbox 1008 897 1133 937; x_wconf 85' lang='lat' dir='ltr'>genus</span> <span class='ocrx_word' id='word_1_112' title='bbox 1161 883 1234 924; x_wconf 86' lang='lat' dir='ltr'>hoc</span> <span class='ocrx_word' id='word_1_113' title='bbox 1270 884 1509 938; x_wconf 86' lang='lat' dir='ltr'>voluptatum</span> <span class='ocrx_word' id='word_1_114' title='bbox 1548 892 1656 939; x_wconf 83' lang='lat' dir='ltr'>opta-</span> 
     </span>
     <span class='ocr_line' id='line_1_14' title="bbox 1146 953 1654 1010; baseline 0.004 -14"><span class='ocrx_word' id='word_1_115' title='bbox 1146 961 1215 996; x_wconf 86' lang='lat'><strong>95.</strong></span> <span class='ocrx_word' id='word_1_116' title='bbox 1252 953 1476 1010; x_wconf 90' lang='lat' dir='ltr'>Totumque</span> <span class='ocrx_word' id='word_1_117' title='bbox 1506 957 1578 998; x_wconf 80' lang='lat' dir='ltr'>hoe</span> <span class='ocrx_word' id='word_1_118' title='bbox 1609 958 1654 998; x_wconf 88' lang='lat' dir='ltr'>de</span> 
     </span>
    </p>
   </div>
   <div class='ocr_carea' id='block_1_5' title="bbox 89 1027 1655 1084">
    <p class='ocr_par' dir='ltr' id='par_1_5' title="bbox 89 1027 1655 1084">
     <span class='ocr_line' id='line_1_15' title="bbox 89 1027 1655 1084; baseline 0.001 -15"><span class='ocrx_word' id='word_1_119' title='bbox 89 1028 287 1082; x_wconf 83' lang='lat' dir='ltr'>voluptate</span> <span class='ocrx_word' id='word_1_120' title='bbox 304 1028 361 1067; x_wconf 86' lang='lat' dir='ltr'>sic</span> <span class='ocrx_word' id='word_1_121' title='bbox 381 1027 445 1067; x_wconf 90' lang='lat' dir='ltr'>ille</span> <span class='ocrx_word' id='word_1_122' title='bbox 466 1027 652 1081; x_wconf 77' lang='lat' dir='ltr'>praecipit</span> <span class='ocrx_word' id='word_1_123' title='bbox 666 1031 701 1078; x_wconf 80' lang='grc'>3,</span> <span class='ocrx_word' id='word_1_124' title='bbox 732 1035 771 1067; x_wconf 91' lang='lat' dir='ltr'>ut</span> <span class='ocrx_word' id='word_1_125' title='bbox 790 1028 1027 1082; x_wconf 83' lang='lat' dir='ltr'>voluptatem</span> <span class='ocrx_word' id='word_1_126' title='bbox 1047 1029 1168 1083; x_wconf 81' lang='lat' dir='ltr'>ipsam</span> <span class='ocrx_word' id='word_1_127' title='bbox 1192 1043 1261 1084; x_wconf 83' lang='lat' dir='ltr'>per</span> <span class='ocrx_word' id='word_1_128' title='bbox 1275 1042 1334 1079; x_wconf 88' lang='lat' dir='ltr'>se,</span> <span class='ocrx_word' id='word_1_129' title='bbox 1368 1030 1454 1082; x_wconf 86' lang='lat' dir='ltr'>quia</span> <span class='ocrx_word' id='word_1_130' title='bbox 1478 1029 1655 1084; x_wconf 83' lang='lat' dir='ltr'>volu&#39;ptas</span> 
     </span>
    </p>
   </div>
   <div class='ocr_carea' id='block_1_6' title="bbox 87 954 1083 1009">
    <p class='ocr_par' dir='ltr' id='par_1_6' title="bbox 87 954 1083 1009">
     <span class='ocr_line' id='line_1_16' title="bbox 87 954 1083 1009; baseline 0 -14"><span class='ocrx_word' id='word_1_131' title='bbox 87 954 165 995; x_wconf 83' lang='lat' dir='ltr'>bile</span> <span class='ocrx_word' id='word_1_132' title='bbox 190 968 303 1005; x_wconf 87' lang='lat' dir='ltr'>esse,</span> <span class='ocrx_word' id='word_1_133' title='bbox 337 955 369 994; x_wconf 92' lang='lat' dir='ltr'>si</span> <span class='ocrx_word' id='word_1_134' title='bbox 397 969 474 995; x_wconf 91' lang='lat' dir='ltr'>non</span> <span class='ocrx_word' id='word_1_135' title='bbox 500 955 625 1004; x_wconf 90' lang='lat' dir='ltr'>obsit,</span> <span class='ocrx_word' id='word_1_136' title='bbox 660 955 847 1009; x_wconf 81' lang='lat' dir='ltr'>prodesse</span> <span class='ocrx_word' id='word_1_137' title='bbox 872 970 1083 1009; x_wconf 84' lang='lat' dir='ltr'>nunquam.</span> 
     </span>
    </p>
   </div>
   <div class='ocr_carea' id='block_1_7' title="bbox 90 1100 1655 1156">
    <p class='ocr_par' dir='ltr' id='par_1_7' title="bbox 90 1100 1655 1156">
     <span class='ocr_line' id='line_1_17' title="bbox 90 1100 1655 1156; baseline 0.001 -15"><span class='ocrx_word' id='word_1_138' title='bbox 90 1101 162 1151; x_wconf 87' lang='lat' dir='ltr'>sit,</span> <span class='ocrx_word' id='word_1_139' title='bbox 196 1114 352 1155; x_wconf 85' lang='lat' dir='ltr'>semper</span> <span class='ocrx_word' id='word_1_140' title='bbox 376 1100 581 1155; x_wconf 77' lang='lat' dir='ltr'>optandam</span> <span class='ocrx_word' id='word_1_141' title='bbox 608 1101 975 1155; x_wconf 71' lang='lat' dir='ltr'>expetendamque⁴</span> <span class='ocrx_word' id='word_1_142' title='bbox 1006 1108 1113 1156; x_wconf 87' lang='lat' dir='ltr'>putet</span> <span class='ocrx_word' id='word_1_143' title='bbox 1137 1102 1348 1156; x_wconf 86' lang='lat' dir='ltr'>eademque</span> <span class='ocrx_word' id='word_1_144' title='bbox 1373 1102 1526 1142; x_wconf 85' lang='lat' dir='ltr'>ratione</span> <span class='ocrx_word' id='word_1_145' title='bbox 1548 1103 1655 1143; x_wconf 90' lang='lat' dir='ltr'>dolo-</span> 
     </span>
    </p>
   </div>
   <div class='ocr_carea' id='block_1_8' title="bbox 84 1194 1656 1596">
    <p class='ocr_par' dir='ltr' id='par_1_8' title="bbox 84 1194 1656 1596">
     <span class='ocr_line' id='line_1_18' title="bbox 178 1194 1655 1238; baseline 0.003 -12"><span class='ocrx_word' id='word_1_146' title='bbox 178 1195 343 1226; x_wconf 79' lang='lat' dir='ltr'><strong>XXXIH.</strong></span> <span class='ocrx_word' id='word_1_147' title='bbox 384 1194 397 1226; x_wconf 83' lang='lat' dir='ltr'>l</span> <span class='ocrx_word' id='word_1_148' title='bbox 426 1195 480 1226; x_wconf 82' lang='lat' dir='ltr'>Sic</span> <span class='ocrx_word' id='word_1_149' title='bbox 493 1196 547 1226; x_wconf 87' lang='lat' dir='ltr'>Or.</span> <span class='ocrx_word' id='word_1_150' title='bbox 563 1206 589 1226; x_wconf 90' lang='lat' dir='ltr'>c.</span> <span class='ocrx_word' id='word_1_151' title='bbox 606 1195 641 1227; x_wconf 83' lang='lat' dir='ltr'><strong>R.</strong></span> <span class='ocrx_word' id='word_1_152' title='bbox 656 1196 689 1227; x_wconf 90' lang='lat' dir='ltr'>P.</span> <span class='ocrx_word' id='word_1_153' title='bbox 712 1195 796 1227; x_wconf 90' lang='lat' dir='ltr'>Gud.</span> <span class='ocrx_word' id='word_1_154' title='bbox 819 1194 889 1227; x_wconf 84' lang='lat' dir='ltr'>l.2.</span> <span class='ocrx_word' id='word_1_155' title='bbox 919 1195 1023 1227; x_wconf 83' lang='lat' dir='ltr'>Rehd.</span> <span class='ocrx_word' id='word_1_156' title='bbox 1041 1196 1093 1228; x_wconf 90' lang='lat' dir='ltr'>ed.</span> <span class='ocrx_word' id='word_1_157' title='bbox 1108 1197 1145 1229; x_wconf 89' lang='lat' dir='ltr'>P.</span> <span class='ocrx_word' id='word_1_158' title='bbox 1168 1208 1229 1238; x_wconf 88' lang='lat' dir='ltr'>pro</span> <span class='ocrx_word' id='word_1_159' title='bbox 1254 1196 1342 1238; x_wconf 79' lang='lat' dir='ltr'>vulg.</span> <span class='ocrx_word' id='word_1_160' title='bbox 1363 1207 1434 1236; x_wconf 85' lang='lat' dir='ltr'>par.</span> <span class='ocrx_word' id='word_1_161' title='bbox 1459 1207 1532 1229; x_wconf 85' lang='lat' dir='ltr'>esse.</span> <span class='ocrx_word' id='word_1_162' title='bbox 1579 1197 1600 1230; x_wconf 82' lang='lat'><strong>2</strong></span> <span class='ocrx_word' id='word_1_163' title='bbox 1625 1210 1655 1230; x_wconf 76' lang='grc' dir='ltr'><strong>ν.</strong></span> 
     </span>
     <span class='ocr_line' id='line_1_19' title="bbox 90 1239 1654 1275; baseline 0.002 -4"><span class='ocrx_word' id='word_1_164' title='bbox 90 1239 175 1271; x_wconf 80' lang='lat' dir='ltr'>Adu.</span> <span class='ocrx_word' id='word_1_165' title='bbox 223 1239 246 1272; x_wconf 82' lang='grc'>3</span> <span class='ocrx_word' id='word_1_166' title='bbox 270 1240 324 1271; x_wconf 90' lang='lat' dir='ltr'>Sic</span> <span class='ocrx_word' id='word_1_167' title='bbox 345 1241 399 1270; x_wconf 88' lang='lat' dir='ltr'>Or.</span> <span class='ocrx_word' id='word_1_168' title='bbox 420 1251 446 1271; x_wconf 89' lang='lat' dir='ltr'>c.</span> <span class='ocrx_word' id='word_1_169' title='bbox 461 1240 499 1270; x_wconf 82' lang='lat' dir='ltr'><strong>R.</strong></span> <span class='ocrx_word' id='word_1_170' title='bbox 523 1240 557 1270; x_wconf 90' lang='lat' dir='ltr'>P.</span> <span class='ocrx_word' id='word_1_171' title='bbox 583 1240 668 1271; x_wconf 90' lang='lat' dir='ltr'>Gud.</span> <span class='ocrx_word' id='word_1_172' title='bbox 690 1240 717 1271; x_wconf 87' lang='lat' dir='ltr'>l.</span> <span class='ocrx_word' id='word_1_173' title='bbox 742 1241 780 1271; x_wconf 94' lang='grc' dir='ltr'><strong>ΙΙ.</strong></span> <span class='ocrx_word' id='word_1_174' title='bbox 800 1239 831 1271; x_wconf 80' lang='lat'><strong>2.</strong></span> <span class='ocrx_word' id='word_1_175' title='bbox 847 1240 878 1270; x_wconf 91' lang='lat' dir='ltr'><strong>b.</strong></span> <span class='ocrx_word' id='word_1_176' title='bbox 906 1252 970 1272; x_wconf 89' lang='lat' dir='ltr'>uno</span> <span class='ocrx_word' id='word_1_177' title='bbox 996 1243 1055 1274; x_wconf 89' lang='lat' dir='ltr'>Ox.</span> <span class='ocrx_word' id='word_1_178' title='bbox 1079 1241 1184 1273; x_wconf 73' lang='lat' dir='ltr'>Rehd.</span> <span class='ocrx_word' id='word_1_179' title='bbox 1211 1241 1322 1272; x_wconf 91' lang='lat' dir='ltr'>Duisb.</span> <span class='ocrx_word' id='word_1_180' title='bbox 1345 1242 1450 1275; x_wconf 80' lang='lat' dir='ltr'>Marb.</span> <span class='ocrx_word' id='word_1_181' title='bbox 1474 1243 1563 1275; x_wconf 80' lang='lat' dir='ltr'>Mon.</span> <span class='ocrx_word' id='word_1_182' title='bbox 1580 1242 1607 1273; x_wconf 93' lang='lat'><strong>1.</strong></span> <span class='ocrx_word' id='word_1_183' title='bbox 1622 1243 1654 1274; x_wconf 81' lang='lat'><strong>2.</strong></span> 
     </span>
     <span class='ocr_line' id='line_1_20' title="bbox 87 1284 1652 1327; baseline 0.002 -11"><span class='ocrx_word' id='word_1_184' title='bbox 87 1286 176 1317; x_wconf 86' lang='lat' dir='ltr'>Petr.</span> <span class='ocrx_word' id='word_1_185' title='bbox 198 1284 276 1316; x_wconf 81' lang='lat' dir='ltr'>Bak.</span> <span class='ocrx_word' id='word_1_186' title='bbox 303 1295 362 1327; x_wconf 87' lang='lat' dir='ltr'>pro</span> <span class='ocrx_word' id='word_1_187' title='bbox 388 1284 474 1326; x_wconf 78' lang='lat' dir='ltr'>vulg.</span> <span class='ocrx_word' id='word_1_188' title='bbox 496 1287 673 1324; x_wconf 78' lang='lat' dir='ltr'>praecepit:</span> <span class='ocrx_word' id='word_1_189' title='bbox 709 1285 758 1315; x_wconf 88' lang='lat' dir='ltr'>cui</span> <span class='ocrx_word' id='word_1_190' title='bbox 781 1285 831 1315; x_wconf 91' lang='lat' dir='ltr'>vel</span> <span class='ocrx_word' id='word_1_191' title='bbox 853 1296 922 1327; x_wconf 89' lang='lat' dir='ltr'>seq.</span> <span class='ocrx_word' id='word_1_192' title='bbox 945 1290 1030 1325; x_wconf 80' lang='lat' dir='ltr'>putet</span> <span class='ocrx_word' id='word_1_193' title='bbox 1055 1285 1161 1317; x_wconf 85' lang='lat' dir='ltr'>obest.</span> <span class='ocrx_word' id='word_1_194' title='bbox 1221 1287 1242 1317; x_wconf 68' lang='lat'>4</span> <span class='ocrx_word' id='word_1_195' title='bbox 1269 1287 1306 1317; x_wconf 80' lang='lat' dir='ltr'><strong>R.</strong></span> <span class='ocrx_word' id='word_1_196' title='bbox 1330 1287 1363 1318; x_wconf 88' lang='lat' dir='ltr'><strong>P.</strong></span> <span class='ocrx_word' id='word_1_197' title='bbox 1388 1286 1474 1318; x_wconf 90' lang='lat' dir='ltr'>Gud.</span> <span class='ocrx_word' id='word_1_198' title='bbox 1494 1286 1520 1318; x_wconf 90' lang='grc'>1.</span> <span class='ocrx_word' id='word_1_199' title='bbox 1547 1287 1652 1320; x_wconf 78' lang='lat' dir='ltr'>Rehd.</span> 
     </span>
     <span class='ocr_line' id='line_1_21' title="bbox 87 1329 1655 1372; baseline 0.001 -11"><span class='ocrx_word' id='word_1_200' title='bbox 87 1330 180 1361; x_wconf 85' lang='lat' dir='ltr'>Mon.</span> <span class='ocrx_word' id='word_1_201' title='bbox 208 1329 236 1360; x_wconf 91' lang='lat'><strong>1.</strong></span> <span class='ocrx_word' id='word_1_202' title='bbox 270 1340 350 1360; x_wconf 81' lang='lat' dir='ltr'>unus</span> <span class='ocrx_word' id='word_1_203' title='bbox 373 1330 431 1361; x_wconf 83' lang='lat' dir='ltr'><strong>Ox.</strong></span> <span class='ocrx_word' id='word_1_204' title='bbox 462 1331 632 1368; x_wconf 77' lang='lat' dir='ltr'>optandam</span> <span class='ocrx_word' id='word_1_205' title='bbox 664 1331 866 1369; x_wconf 73' lang='lat' dir='ltr'>expetendam</span> <span class='ocrx_word' id='word_1_206' title='bbox 888 1334 974 1369; x_wconf 82' lang='lat' dir='ltr'>put.;</span> <span class='ocrx_word' id='word_1_207' title='bbox 1010 1342 1090 1361; x_wconf 83' lang='lat' dir='ltr'>unus</span> <span class='ocrx_word' id='word_1_208' title='bbox 1117 1333 1175 1361; x_wconf 83' lang='lat' dir='ltr'><strong>Ox.</strong></span> <span class='ocrx_word' id='word_1_209' title='bbox 1198 1340 1317 1370; x_wconf 81' lang='lat' dir='ltr'>semper</span> <span class='ocrx_word' id='word_1_210' title='bbox 1345 1333 1548 1370; x_wconf 71' lang='lat' dir='ltr'>expetendam</span> <span class='ocrx_word' id='word_1_211' title='bbox 1576 1336 1655 1372; x_wconf 59' lang='lat' dir='ltr'>put,</span> 
     </span>
     <span class='ocr_line' id='line_1_22' title="bbox 89 1373 1655 1415; baseline 0.001 -9"><span class='ocrx_word' id='word_1_212' title='bbox 89 1375 210 1407; x_wconf 89' lang='lat' dir='ltr'>omisso</span> <span class='ocrx_word' id='word_1_213' title='bbox 231 1375 423 1413; x_wconf 76' lang='lat' dir='ltr'>optandam5</span> <span class='ocrx_word' id='word_1_214' title='bbox 447 1373 555 1405; x_wconf 85' lang='lat' dir='ltr'>Marb.</span> <span class='ocrx_word' id='word_1_215' title='bbox 580 1383 699 1413; x_wconf 86' lang='lat' dir='ltr'>semper</span> <span class='ocrx_word' id='word_1_216' title='bbox 717 1376 928 1413; x_wconf 70' lang='lat' dir='ltr'>exoptandam</span> <span class='ocrx_word' id='word_1_217' title='bbox 949 1378 1034 1414; x_wconf 75' lang='lat' dir='ltr'>putet</span> <span class='ocrx_word' id='word_1_218' title='bbox 1058 1377 1284 1414; x_wconf 74' lang='lat' dir='ltr'>ezpetendam‚·</span> <span class='ocrx_word' id='word_1_219' title='bbox 1309 1376 1408 1407; x_wconf 87' lang='lat' dir='ltr'>Vind.</span> <span class='ocrx_word' id='word_1_220' title='bbox 1426 1376 1452 1407; x_wconf 89' lang='lat'><strong>1.</strong></span> <span class='ocrx_word' id='word_1_221' title='bbox 1478 1387 1543 1407; x_wconf 89' lang='lat' dir='ltr'>om.</span> <span class='ocrx_word' id='word_1_222' title='bbox 1564 1386 1655 1415; x_wconf 71' lang='lat' dir='ltr'>expe-</span> 
     </span>
     <span class='ocr_line' id='line_1_23' title="bbox 86 1419 1654 1461; baseline -0.001 -9"><span class='ocrx_word' id='word_1_223' title='bbox 86 1421 292 1459; x_wconf 72' lang='lat' dir='ltr'>tendamque5</span> <span class='ocrx_word' id='word_1_224' title='bbox 320 1419 358 1449; x_wconf 91' lang='lat' dir='ltr'>D.</span> <span class='ocrx_word' id='word_1_225' title='bbox 383 1425 416 1449; x_wconf 88' lang='lat' dir='ltr'>et</span> <span class='ocrx_word' id='word_1_226' title='bbox 438 1429 518 1449; x_wconf 90' lang='lat' dir='ltr'>unus</span> <span class='ocrx_word' id='word_1_227' title='bbox 540 1419 598 1448; x_wconf 86' lang='lat' dir='ltr'><strong>Ox.</strong></span> <span class='ocrx_word' id='word_1_228' title='bbox 623 1429 648 1450; x_wconf 85' lang='lat' dir='ltr'>s.</span> <span class='ocrx_word' id='word_1_229' title='bbox 671 1420 842 1458; x_wconf 74' lang='lat' dir='ltr'>optandam</span> <span class='ocrx_word' id='word_1_230' title='bbox 865 1422 899 1449; x_wconf 86' lang='lat' dir='ltr'>el</span> <span class='ocrx_word' id='word_1_231' title='bbox 921 1420 1144 1458; x_wconf 58' lang='lat' dir='ltr'>expetendam</span> <span class='ocrx_word' id='word_1_232' title='bbox 1179 1420 1236 1450; x_wconf 89' lang='lat' dir='ltr'>Tr.</span> <span class='ocrx_word' id='word_1_233' title='bbox 1257 1429 1353 1459; x_wconf 85' lang='lat' dir='ltr'>semp.</span> <span class='ocrx_word' id='word_1_234' title='bbox 1378 1422 1578 1461; x_wconf 71' lang='lat' dir='ltr'>[optandam]</span> <span class='ocrx_word' id='word_1_235' title='bbox 1602 1430 1654 1451; x_wconf 80' lang='lat' dir='ltr'>ex·</span> 
     </span>
     <span class='ocr_line' id='line_1_24' title="bbox 84 1462 1654 1505; baseline 0 -10"><span class='ocrx_word' id='word_1_236' title='bbox 84 1465 271 1505; x_wconf 77' lang='lat' dir='ltr'>petendam3</span> <span class='ocrx_word' id='word_1_237' title='bbox 307 1474 368 1505; x_wconf 87' lang='lat' dir='ltr'>ego</span> <span class='ocrx_word' id='word_1_238' title='bbox 395 1469 511 1494; x_wconf 86' lang='lat' dir='ltr'>contra</span> <span class='ocrx_word' id='word_1_239' title='bbox 531 1464 705 1502; x_wconf 79' lang='lat' dir='ltr'>optandam</span> <span class='ocrx_word' id='word_1_240' title='bbox 727 1470 761 1494; x_wconf 90' lang='lat' dir='ltr'>ut</span> <span class='ocrx_word' id='word_1_241' title='bbox 783 1462 949 1494; x_wconf 85' lang='lat' dir='ltr'>difficilius</span> <span class='ocrx_word' id='word_1_242' title='bbox 971 1463 1168 1495; x_wconf 78' lang='lat' dir='ltr'>vocabulum</span> <span class='ocrx_word' id='word_1_243' title='bbox 1199 1475 1390 1504; x_wconf 86' lang='lat' dir='ltr'>germanum</span> <span class='ocrx_word' id='word_1_244' title='bbox 1416 1464 1597 1495; x_wconf 76' lang='lat' dir='ltr'>censuerim</span> <span class='ocrx_word' id='word_1_245' title='bbox 1622 1470 1654 1495; x_wconf 90' lang='lat' dir='ltr'>et</span> 
     </span>
     <span class='ocr_line' id='line_1_25' title="bbox 86 1507 1651 1550; baseline 0.001 -11"><span class='ocrx_word' id='word_1_246' title='bbox 86 1508 282 1540; x_wconf 63' lang='lat' dir='ltr'>vocabulum</span> <span class='ocrx_word' id='word_1_247' title='bbox 305 1509 508 1548; x_wconf 77' lang='lat' dir='ltr'>expetendam</span> <span class='ocrx_word' id='word_1_248' title='bbox 531 1507 759 1550; x_wconf 82' lang='lat' dir='ltr'>explicationis</span> <span class='ocrx_word' id='word_1_249' title='bbox 782 1519 893 1538; x_wconf 78' lang='lat' dir='ltr'>caussa</span> <span class='ocrx_word' id='word_1_250' title='bbox 917 1508 1077 1539; x_wconf 84' lang='lat' dir='ltr'>additum.</span> <span class='ocrx_word' id='word_1_251' title='bbox 1102 1510 1309 1548; x_wconf 65' lang='lat' dir='ltr'>tt‹&#39;esenber9io</span> <span class='ocrx_word' id='word_1_252' title='bbox 1323 1510 1391 1540; x_wconf 82' lang='lat' dir='ltr'><strong>Em.</strong></span> <span class='ocrx_word' id='word_1_253' title='bbox 1407 1510 1447 1540; x_wconf 84' lang='lat'>11.</span> <span class='ocrx_word' id='word_1_254' title='bbox 1469 1520 1501 1550; x_wconf 92' lang='lat' dir='ltr'>p.</span> <span class='ocrx_word' id='word_1_255' title='bbox 1518 1508 1569 1542; x_wconf 88' lang='lat' dir='ltr'>ll.</span> <span class='ocrx_word' id='word_1_256' title='bbox 1594 1520 1651 1540; x_wconf 74' lang='lat' dir='ltr'>ex-</span> 
     </span>
     <span class='ocr_line' id='line_1_26' title="bbox 88 1552 1656 1596; baseline 0.001 -12"><span class='ocrx_word' id='word_1_257' title='bbox 88 1553 206 1585; x_wconf 81' lang='lat' dir='ltr'>cidisse</span> <span class='ocrx_word' id='word_1_258' title='bbox 228 1552 335 1595; x_wconf 88' lang='lat' dir='ltr'>potius</span> <span class='ocrx_word' id='word_1_259' title='bbox 356 1552 485 1583; x_wconf 68' lang='lat' dir='ltr'>xidetut</span> <span class='ocrx_word' id='word_1_260' title='bbox 498 1563 525 1592; x_wconf 88' lang='lat' dir='ltr'><strong>q.</strong></span> <span class='ocrx_word' id='word_1_261' title='bbox 551 1559 626 1583; x_wconf 87' lang='lat' dir='ltr'>ante</span> <span class='ocrx_word' id='word_1_262' title='bbox 646 1564 714 1594; x_wconf 89' lang='lat' dir='ltr'>seq.</span> <span class='ocrx_word' id='word_1_263' title='bbox 733 1563 754 1592; x_wconf 87' lang='lat' dir='ltr'>p</span> <span class='ocrx_word' id='word_1_264' title='bbox 776 1559 832 1583; x_wconf 88' lang='lat' dir='ltr'>aut</span> <span class='ocrx_word' id='word_1_265' title='bbox 851 1556 877 1584; x_wconf 75' lang='lat' dir='ltr'>et</span> <span class='ocrx_word' id='word_1_266' title='bbox 900 1559 977 1584; x_wconf 85' lang='lat' dir='ltr'>ante</span> <span class='ocrx_word' id='word_1_267' title='bbox 1001 1563 1086 1593; x_wconf 68' lang='lat' dir='ltr'>exp„</span> <span class='ocrx_word' id='word_1_268' title='bbox 1111 1564 1208 1595; x_wconf 85' lang='lat' dir='ltr'>quam</span> <span class='ocrx_word' id='word_1_269' title='bbox 1228 1553 1377 1584; x_wconf 82' lang='lat' dir='ltr'>librarius</span> <span class='ocrx_word' id='word_1_270' title='bbox 1399 1553 1568 1596; x_wconf 88' lang='lat' dir='ltr'>quisquam</span> <span class='ocrx_word' id='word_1_271' title='bbox 1591 1553 1656 1585; x_wconf 83' lang='lat' dir='ltr'>tri—</span> 
     </span>
    </p>
   </div>
   <div class='ocr_carea' id='block_1_9' title="bbox 87 1596 1654 1685">
    <p class='ocr_par' dir='ltr' id='par_1_9' title="bbox 87 1596 1654 1685">
     <span class='ocr_line' id='line_1_27' title="bbox 87 1596 1654 1641; baseline 0.001 -12"><span class='ocrx_word' id='word_1_272' title='bbox 87 1598 214 1629; x_wconf 86' lang='lat' dir='ltr'>tissimo</span> <span class='ocrx_word' id='word_1_273' title='bbox 237 1609 310 1629; x_wconf 87' lang='lat' dir='ltr'>voc.</span> <span class='ocrx_word' id='word_1_274' title='bbox 332 1601 429 1636; x_wconf 76' lang='lat' dir='ltr'>expet.</span> <span class='ocrx_word' id='word_1_275' title='bbox 451 1596 613 1638; x_wconf 82' lang='lat' dir='ltr'>glossema</span> <span class='ocrx_word' id='word_1_276' title='bbox 638 1597 835 1639; x_wconf 77' lang='lat' dir='ltr'>ascripsisse,</span> <span class='ocrx_word' id='word_1_277' title='bbox 862 1597 903 1628; x_wconf 90' lang='lat' dir='ltr'>de</span> <span class='ocrx_word' id='word_1_278' title='bbox 923 1598 1116 1641; x_wconf 82' lang='lat' dir='ltr'>synonymis</span> <span class='ocrx_word' id='word_1_279' title='bbox 1141 1602 1202 1638; x_wconf 77' lang='lat' dir='ltr'>opt.</span> <span class='ocrx_word' id='word_1_280' title='bbox 1220 1604 1253 1629; x_wconf 90' lang='lat' dir='ltr'>et</span> <span class='ocrx_word' id='word_1_281' title='bbox 1274 1602 1372 1638; x_wconf 75' lang='lat' dir='ltr'>expet.</span> <span class='ocrx_word' id='word_1_282' title='bbox 1389 1609 1496 1641; x_wconf 89' lang='lat' dir='ltr'>comp.</span> <span class='ocrx_word' id='word_1_283' title='bbox 1509 1598 1550 1630; x_wconf 91' lang='lat' dir='ltr'>de</span> <span class='ocrx_word' id='word_1_284' title='bbox 1565 1600 1619 1630; x_wconf 65' lang='lat' dir='ltr'>Ort</span> <span class='ocrx_word' id='word_1_285' title='bbox 1621 1605 1654 1630; x_wconf 73' lang='lat' dir='ltr'>it.</span> 
     </span>
     <span class='ocr_line' id='line_1_28' title="bbox 88 1621 881 1685; baseline -0.001 -12"><span class='ocrx_word' id='word_1_286' title='bbox 88 1644 114 1675; x_wconf 92' lang='lat' dir='ltr'><strong>I.</strong></span> <span class='ocrx_word' id='word_1_287' title='bbox 137 1643 165 1685; x_wconf 76' lang='lat'><strong>§.</strong></span> <span class='ocrx_word' id='word_1_288' title='bbox 185 1641 261 1674; x_wconf 83' lang='lat'><strong>221.</strong></span> <span class='ocrx_word' id='word_1_289' title='bbox 286 1641 319 1672; x_wconf 91' lang='lat' dir='ltr'>in</span> <span class='ocrx_word' id='word_1_290' title='bbox 342 1641 449 1672; x_wconf 89' lang='lat' dir='ltr'>Pison.</span> <span class='ocrx_word' id='word_1_291' title='bbox 451 1621 501 1684; x_wconf 45' lang='lat'>06</span> <span class='ocrx_word' id='word_1_292' title='bbox 524 1640 578 1673; x_wconf 74' lang='lat'>32.</span> <span class='ocrx_word' id='word_1_293' title='bbox 605 1641 676 1672; x_wconf 63' lang='lat' dir='ltr'>Pin.</span> <span class='ocrx_word' id='word_1_294' title='bbox 700 1643 754 1672; x_wconf 90' lang='grc' dir='ltr'><strong>ΙΙΙ.</strong></span> <span class='ocrx_word' id='word_1_295' title='bbox 777 1643 805 1685; x_wconf 80' lang='lat'><strong>§.</strong></span> <span class='ocrx_word' id='word_1_296' title='bbox 825 1640 881 1673; x_wconf 70' lang='lat'><strong>46.</strong></span> 
     </span>
    </p>
   </div>
   <div class='ocr_carea' id='block_1_10' title="bbox 1311 521 1713 564">
    <p class='ocr_par' dir='ltr' id='par_1_10' title="bbox 1311 521 1713 564">
     <span class='ocr_line' id='line_1_29' title="bbox 1311 521 1713 564; baseline 0 -2"><span class='ocrx_word' id='word_1_297' title='bbox 1311 521 1412 562; x_wconf 87' lang='lat' dir='ltr'>Nam</span> <span class='ocrx_word' id='word_1_298' title='bbox 1433 529 1472 563; x_wconf 90' lang='lat' dir='ltr'>et</span> <span class='ocrx_word' id='word_1_299' title='bbox 1491 523 1655 564; x_wconf 86' lang='lat' dir='ltr'>obscoe-</span> <span class='ocrx_word' id='word_1_300' title='bbox 1708 556 1713 562; x_wconf 73' lang='grc'>.</span> 
     </span>
    </p>
   </div>
   <div class='ocr_carea' id='block_1_11' title="bbox 83 1707 853 2957">
    <p class='ocr_par' dir='ltr' id='par_1_11' title="bbox 83 1707 853 2957">
     <span class='ocr_line' id='line_1_30' title="bbox 88 1707 852 1751; baseline -0.003 -10"><span class='ocrx_word' id='word_1_301' title='bbox 88 1709 175 1741; x_wconf 88' lang='lat' dir='ltr'>enim</span> <span class='ocrx_word' id='word_1_302' title='bbox 208 1708 415 1750; x_wconf 87' lang='lat' dir='ltr'>voluptatum</span> <span class='ocrx_word' id='word_1_303' title='bbox 449 1707 687 1739; x_wconf 81' lang='lat' dir='ltr'>studiosissime</span> <span class='ocrx_word' id='word_1_304' title='bbox 721 1708 852 1751; x_wconf 84' lang='lat' dir='ltr'>quaesi-</span> 
     </span>
     <span class='ocr_line' id='line_1_31' title="bbox 88 1753 851 1795; baseline -0.001 -9"><span class='ocrx_word' id='word_1_305' title='bbox 88 1761 155 1786; x_wconf 88' lang='lat' dir='ltr'>tam</span> <span class='ocrx_word' id='word_1_306' title='bbox 178 1765 249 1785; x_wconf 82' lang='lat' dir='ltr'>esse</span> <span class='ocrx_word' id='word_1_307' title='bbox 277 1753 317 1784; x_wconf 84' lang='lat' dir='ltr'>ab</span> <span class='ocrx_word' id='word_1_308' title='bbox 346 1753 522 1795; x_wconf 81' lang='lat' dir='ltr'>Epicureis.</span> <span class='ocrx_word' id='word_1_309' title='bbox 573 1755 706 1791; x_wconf 71' lang='lat' dir='ltr'>Treqder</span> <span class='ocrx_word' id='word_1_310' title='bbox 733 1753 851 1795; x_wconf 50' lang='lat' dir='ltr'>(praef.</span> 
     </span>
     <span class='ocr_line' id='line_1_32' title="bbox 88 1797 853 1842; baseline -0.004 -11"><span class='ocrx_word' id='word_1_311' title='bbox 88 1798 337 1842; x_wconf 73' lang='lat' dir='ltr'>p.XX111sq.),</span> <span class='ocrx_word' id='word_1_312' title='bbox 354 1797 511 1840; x_wconf 86' lang='lat' dir='ltr'>probatus</span> <span class='ocrx_word' id='word_1_313' title='bbox 527 1799 734 1837; x_wconf 66' lang='lat' dir='ltr'>Wesenberyio</span> <span class='ocrx_word' id='word_1_314' title='bbox 748 1799 815 1828; x_wconf 87' lang='lat' dir='ltr'><strong>Em.</strong></span> <span class='ocrx_word' id='word_1_315' title='bbox 828 1799 853 1829; x_wconf 92' lang='grc' dir='ltr'><strong>Ι.</strong></span> 
     </span>
     <span class='ocr_line' id='line_1_33' title="bbox 87 1842 851 1887; baseline -0.003 -12"><span class='ocrx_word' id='word_1_316' title='bbox 87 1855 122 1887; x_wconf 86' lang='lat' dir='ltr'>p.</span> <span class='ocrx_word' id='word_1_317' title='bbox 137 1842 212 1878; x_wconf 71' lang='grc'>2-1..</span> <span class='ocrx_word' id='word_1_318' title='bbox 246 1842 396 1874; x_wconf 85' lang='lat' dir='ltr'>voculam</span> <span class='ocrx_word' id='word_1_319' title='bbox 421 1853 502 1882; x_wconf 79' lang='lat' dir='ltr'>non,</span> <span class='ocrx_word' id='word_1_320' title='bbox 537 1853 620 1884; x_wconf 67' lang='lat' dir='ltr'>quae</span> <span class='ocrx_word' id='word_1_321' title='bbox 641 1842 680 1873; x_wconf 87' lang='lat' dir='ltr'>ab</span> <span class='ocrx_word' id='word_1_322' title='bbox 706 1854 769 1873; x_wconf 88' lang='lat' dir='ltr'>nno</span> <span class='ocrx_word' id='word_1_323' title='bbox 793 1844 851 1873; x_wconf 84' lang='lat' dir='ltr'><strong>Ox.</strong></span> 
     </span>
     <span class='ocr_line' id='line_1_34' title="bbox 87 1886 851 1925; baseline -0.003 -5"><span class='ocrx_word' id='word_1_324' title='bbox 87 1895 121 1920; x_wconf 89' lang='lat' dir='ltr'>et</span> <span class='ocrx_word' id='word_1_325' title='bbox 145 1887 257 1919; x_wconf 92' lang='lat' dir='ltr'>Duisb.</span> <span class='ocrx_word' id='word_1_326' title='bbox 286 1887 399 1925; x_wconf 85' lang='lat' dir='ltr'>abest,</span> <span class='ocrx_word' id='word_1_327' title='bbox 437 1894 514 1918; x_wconf 84' lang='lat' dir='ltr'>ante</span> <span class='ocrx_word' id='word_1_328' title='bbox 538 1891 731 1918; x_wconf 73' lang='lat' dir='ltr'>contemnunt</span> <span class='ocrx_word' id='word_1_329' title='bbox 758 1886 851 1918; x_wconf 88' lang='lat' dir='ltr'>dele-</span> 
     </span>
     <span class='ocr_line' id='line_1_35' title="bbox 86 1930 850 1971; baseline -0.005 -6"><span class='ocrx_word' id='word_1_330' title='bbox 86 1933 148 1971; x_wconf 88' lang='lat' dir='ltr'>vit‚</span> <span class='ocrx_word' id='word_1_331' title='bbox 171 1939 309 1964; x_wconf 89' lang='lat' dir='ltr'>auctore</span> <span class='ocrx_word' id='word_1_332' title='bbox 332 1933 492 1971; x_wconf 73' lang='lat' dir='ltr'>Madviyio</span> <span class='ocrx_word' id='word_1_333' title='bbox 513 1931 555 1962; x_wconf 88' lang='lat' dir='ltr'>ad</span> <span class='ocrx_word' id='word_1_334' title='bbox 579 1932 648 1962; x_wconf 86' lang='lat' dir='ltr'>Fin.</span> <span class='ocrx_word' id='word_1_335' title='bbox 673 1933 696 1962; x_wconf 84' lang='lat'><strong>1.</strong></span> <span class='ocrx_word' id='word_1_336' title='bbox 724 1932 773 1969; x_wconf 77' lang='lat'>13,</span> <span class='ocrx_word' id='word_1_337' title='bbox 798 1930 850 1963; x_wconf 68' lang='lat'>40.</span> 
     </span>
     <span class='ocr_line' id='line_1_36' title="bbox 87 1976 853 2021; baseline -0.004 -11"><span class='ocrx_word' id='word_1_338' title='bbox 87 1989 119 2021; x_wconf 89' lang='lat' dir='ltr'>p.</span> <span class='ocrx_word' id='word_1_339' title='bbox 134 1976 209 2015; x_wconf 55' lang='lat'>94„</span> <span class='ocrx_word' id='word_1_340' title='bbox 235 1976 289 2019; x_wconf 90' lang='lat' dir='ltr'>qui</span> <span class='ocrx_word' id='word_1_341' title='bbox 311 1987 372 2008; x_wconf 83' lang='grc'>11011</span> <span class='ocrx_word' id='word_1_342' title='bbox 393 1988 430 2007; x_wconf 84' lang='lat' dir='ltr'>ex</span> <span class='ocrx_word' id='word_1_343' title='bbox 451 1976 536 2007; x_wconf 85' lang='lat' dir='ltr'>mala</span> <span class='ocrx_word' id='word_1_344' title='bbox 560 1976 759 2018; x_wconf 81' lang='lat' dir='ltr'>repetitione</span> <span class='ocrx_word' id='word_1_345' title='bbox 781 1982 853 2018; x_wconf 53' lang='lat' dir='ltr'>gnon</span> 
     </span>
     <span class='ocr_line' id='line_1_37' title="bbox 86 2021 853 2063; baseline -0.005 -8"><span class='ocrx_word' id='word_1_346' title='bbox 86 2022 156 2061; x_wconf 67' lang='lat' dir='ltr'>con)</span> <span class='ocrx_word' id='word_1_347' title='bbox 191 2028 299 2053; x_wconf 85' lang='lat' dir='ltr'>ortum</span> <span class='ocrx_word' id='word_1_348' title='bbox 324 2028 420 2063; x_wconf 87' lang='lat' dir='ltr'>putat</span> <span class='ocrx_word' id='word_1_349' title='bbox 442 2028 475 2051; x_wconf 90' lang='lat' dir='ltr'>et</span> <span class='ocrx_word' id='word_1_350' title='bbox 498 2021 562 2052; x_wconf 91' lang='lat' dir='ltr'>loci</span> <span class='ocrx_word' id='word_1_351' title='bbox 584 2021 782 2052; x_wconf 85' lang='lat' dir='ltr'>sententiam</span> <span class='ocrx_word' id='word_1_352' title='bbox 806 2021 853 2052; x_wconf 87' lang='lat' dir='ltr'>sic</span> 
     </span>
     <span class='ocr_line' id='line_1_38' title="bbox 89 2065 852 2109; baseline -0.003 -11"><span class='ocrx_word' id='word_1_353' title='bbox 89 2066 250 2109; x_wconf 83' lang='lat' dir='ltr'>explicat:</span> <span class='ocrx_word' id='word_1_354' title='bbox 287 2065 492 2108; x_wconf 78' lang='lat' dir='ltr'>„generatim</span> <span class='ocrx_word' id='word_1_355' title='bbox 527 2065 783 2097; x_wconf 74' lang='lat' dir='ltr'>contemnebant</span> <span class='ocrx_word' id='word_1_356' title='bbox 819 2072 852 2096; x_wconf 87' lang='lat' dir='ltr'>et</span> 
     </span>
     <span class='ocr_line' id='line_1_39' title="bbox 88 2110 848 2152; baseline -0.003 -9"><span class='ocrx_word' id='word_1_357' title='bbox 88 2111 311 2144; x_wconf 77' lang='lat' dir='ltr'>extenuabant</span> <span class='ocrx_word' id='word_1_358' title='bbox 329 2110 526 2152; x_wconf 80' lang='lat' dir='ltr'>voluptates,</span> <span class='ocrx_word' id='word_1_359' title='bbox 551 2111 640 2141; x_wconf 76' lang='lat' dir='ltr'>velut</span> <span class='ocrx_word' id='word_1_360' title='bbox 657 2111 848 2147; x_wconf 45' lang='lat' dir='ltr'>obscoenas</span> 
     </span>
     <span class='ocr_line' id='line_1_40' title="bbox 87 2155 849 2196; baseline -0.004 -8"><span class='ocrx_word' id='word_1_361' title='bbox 87 2156 171 2196; x_wconf 86' lang='lat' dir='ltr'>cibi,</span> <span class='ocrx_word' id='word_1_362' title='bbox 206 2163 348 2192; x_wconf 84' lang='lat' dir='ltr'>ceteras;</span> <span class='ocrx_word' id='word_1_363' title='bbox 386 2155 495 2186; x_wconf 78' lang='lat' dir='ltr'>vivere</span> <span class='ocrx_word' id='word_1_364' title='bbox 517 2162 625 2186; x_wconf 74' lang='lat' dir='ltr'>tamen</span> <span class='ocrx_word' id='word_1_365' title='bbox 648 2155 681 2186; x_wconf 90' lang='lat' dir='ltr'>in</span> <span class='ocrx_word' id='word_1_366' title='bbox 706 2155 849 2186; x_wconf 89' lang='lat' dir='ltr'>omnium</span> 
     </span>
     <span class='ocr_line' id='line_1_41' title="bbox 87 2200 850 2243; baseline -0.003 -11"><span class='ocrx_word' id='word_1_367' title='bbox 87 2201 182 2243; x_wconf 88' lang='lat' dir='ltr'>copia</span> <span class='ocrx_word' id='word_1_368' title='bbox 201 2200 404 2232; x_wconf 85' lang='lat' dir='ltr'>malebant.“</span> <span class='ocrx_word' id='word_1_369' title='bbox 442 2204 484 2231; x_wconf 89' lang='lat' dir='ltr'>At</span> <span class='ocrx_word' id='word_1_370' title='bbox 505 2200 586 2231; x_wconf 84' lang='lat' dir='ltr'>haec</span> <span class='ocrx_word' id='word_1_371' title='bbox 599 2200 764 2232; x_wconf 86' lang='lat' dir='ltr'>sententia</span> <span class='ocrx_word' id='word_1_372' title='bbox 780 2200 850 2231; x_wconf 88' lang='lat' dir='ltr'>sine</span> 
     </span>
     <span class='ocr_line' id='line_1_42' title="bbox 85 2245 850 2287; baseline -0.005 -9"><span class='ocrx_word' id='word_1_373' title='bbox 85 2245 187 2278; x_wconf 83' lang='lat' dir='ltr'>dubio</span> <span class='ocrx_word' id='word_1_374' title='bbox 208 2256 361 2287; x_wconf 85' lang='lat' dir='ltr'>perversa</span> <span class='ocrx_word' id='word_1_375' title='bbox 383 2252 452 2281; x_wconf 63' lang='grc' dir='ltr'>θεῖς</span> <span class='ocrx_word' id='word_1_376' title='bbox 483 2256 557 2276; x_wconf 83' lang='lat' dir='ltr'>nam</span> <span class='ocrx_word' id='word_1_377' title='bbox 578 2246 685 2277; x_wconf 85' lang='lat' dir='ltr'>verbis</span> <span class='ocrx_word' id='word_1_378' title='bbox 705 2248 850 2284; x_wconf 74' lang='lat' dir='ltr'>volupta-</span> 
     </span>
     <span class='ocr_line' id='line_1_43' title="bbox 86 2289 853 2332; baseline -0.005 -9"><span class='ocrx_word' id='word_1_379' title='bbox 86 2295 130 2323; x_wconf 75' lang='lat' dir='ltr'>tes</span> <span class='ocrx_word' id='word_1_380' title='bbox 151 2292 336 2330; x_wconf 71' lang='lat' dir='ltr'>sinyiltatim</span> <span class='ocrx_word' id='word_1_381' title='bbox 368 2294 574 2320; x_wconf 77' lang='lat' dir='ltr'>extenuantur</span> <span class='ocrx_word' id='word_1_382' title='bbox 605 2297 719 2332; x_wconf 79' lang='lat' dir='ltr'>aperte</span> <span class='ocrx_word' id='word_1_383' title='bbox 754 2289 853 2320; x_wconf 75' lang='lat' dir='ltr'>verba</span> 
     </span>
     <span class='ocr_line' id='line_1_44' title="bbox 83 2338 853 2376; baseline -0.004 -10"><span class='ocrx_word' id='word_1_384' title='bbox 83 2345 217 2375; x_wconf 82' lang='lat' dir='ltr'>quarum</span> <span class='ocrx_word' id='word_1_385' title='bbox 239 2344 353 2374; x_wconf 75' lang='grc'>98118111</span> <span class='ocrx_word' id='word_1_386' title='bbox 373 2344 434 2364; x_wconf 79' lang='lat' dir='ltr'>non</span> <span class='ocrx_word' id='word_1_387' title='bbox 456 2338 650 2365; x_wconf 76' lang='lat' dir='ltr'>contemnunt</span> <span class='ocrx_word' id='word_1_388' title='bbox 672 2345 853 2376; x_wconf 84' lang='lat' dir='ltr'>opponun-</span> 
     </span>
     <span class='ocr_line' id='line_1_45' title="bbox 83 2377 852 2420; baseline -0.003 -10"><span class='ocrx_word' id='word_1_389' title='bbox 83 2386 150 2410; x_wconf 86' lang='lat' dir='ltr'>tur.</span> <span class='ocrx_word' id='word_1_390' title='bbox 207 2379 323 2420; x_wconf 87' lang='lat' dir='ltr'>Neque</span> <span class='ocrx_word' id='word_1_391' title='bbox 357 2377 458 2419; x_wconf 81' lang='lat' dir='ltr'>magis</span> <span class='ocrx_word' id='word_1_392' title='bbox 494 2388 568 2408; x_wconf 86' lang='lat' dir='ltr'>vera</span> <span class='ocrx_word' id='word_1_393' title='bbox 600 2385 650 2409; x_wconf 87' lang='lat' dir='ltr'>est</span> <span class='ocrx_word' id='word_1_394' title='bbox 684 2390 721 2409; x_wconf 85' lang='lat' dir='ltr'>ea</span> <span class='ocrx_word' id='word_1_395' title='bbox 755 2389 852 2420; x_wconf 80' lang='lat' dir='ltr'>quam</span> 
     </span>
     <span class='ocr_line' id='line_1_46' title="bbox 86 2421 851 2465; baseline -0.005 -9"><span class='ocrx_word' id='word_1_396' title='bbox 86 2425 220 2463; x_wconf 70' lang='lat' dir='ltr'>Tregder</span> <span class='ocrx_word' id='word_1_397' title='bbox 241 2422 353 2454; x_wconf 86' lang='lat' dir='ltr'>attulit</span> <span class='ocrx_word' id='word_1_398' title='bbox 376 2421 574 2464; x_wconf 75' lang='lat' dir='ltr'>explicatio:</span> <span class='ocrx_word' id='word_1_399' title='bbox 612 2433 748 2462; x_wconf 72' lang='lat' dir='ltr'>„yenera</span> <span class='ocrx_word' id='word_1_400' title='bbox 779 2422 851 2465; x_wconf 83' lang='lat' dir='ltr'>qui-</span> 
     </span>
     <span class='ocr_line' id='line_1_47' title="bbox 84 2466 851 2509; baseline -0.003 -10"><span class='ocrx_word' id='word_1_401' title='bbox 84 2468 160 2499; x_wconf 89' lang='lat' dir='ltr'>dem</span> <span class='ocrx_word' id='word_1_402' title='bbox 182 2471 388 2506; x_wconf 76' lang='lat' dir='ltr'>contemnunt,</span> <span class='ocrx_word' id='word_1_403' title='bbox 410 2467 431 2497; x_wconf 94' lang='lat' dir='ltr'>i.</span> <span class='ocrx_word' id='word_1_404' title='bbox 448 2477 476 2495; x_wconf 85' lang='lat' dir='ltr'>e.</span> <span class='ocrx_word' id='word_1_405' title='bbox 497 2466 851 2509; x_wconf 29' lang='grc' dir='ltr'>51η3υ135νο111ρ1Ἵ1185</span> 
     </span>
     <span class='ocr_line' id='line_1_48' title="bbox 84 2510 853 2556; baseline -0.001 -12"><span class='ocrx_word' id='word_1_406' title='bbox 84 2524 164 2556; x_wconf 90' lang='lat' dir='ltr'>quas</span> <span class='ocrx_word' id='word_1_407' title='bbox 188 2518 386 2550; x_wconf 83' lang='lat' dir='ltr'>extenuant,</span> <span class='ocrx_word' id='word_1_408' title='bbox 421 2510 480 2542; x_wconf 89' lang='lat' dir='ltr'>sed</span> <span class='ocrx_word' id='word_1_409' title='bbox 512 2516 664 2551; x_wconf 80' lang='lat' dir='ltr'>quaerunt</span> <span class='ocrx_word' id='word_1_410' title='bbox 695 2515 827 2551; x_wconf 82' lang='lat' dir='ltr'>copiam.</span> <span class='ocrx_word' id='word_1_411' title='bbox 831 2514 853 2529; x_wconf 87' lang='lat'><em>“</em></span> 
     </span>
     <span class='ocr_line' id='line_1_49' title="bbox 85 2555 848 2600; baseline -0.003 -11"><span class='ocrx_word' id='word_1_412' title='bbox 85 2562 130 2589; x_wconf 79' lang='lat' dir='ltr'>At</span> <span class='ocrx_word' id='word_1_413' title='bbox 151 2556 205 2600; x_wconf 87' lang='lat' dir='ltr'>qui</span> <span class='ocrx_word' id='word_1_414' title='bbox 224 2556 357 2587; x_wconf 82' lang='lat' dir='ltr'>tandem</span> <span class='ocrx_word' id='word_1_415' title='bbox 381 2567 501 2587; x_wconf 80' lang='lat' dir='ltr'>nomen</span> <span class='ocrx_word' id='word_1_416' title='bbox 522 2565 635 2595; x_wconf 74' lang='grc'>98118111</span> <span class='ocrx_word' id='word_1_417' title='bbox 656 2555 724 2587; x_wconf 86' lang='grc'>11.1.</span> <span class='ocrx_word' id='word_1_418' title='bbox 744 2557 848 2599; x_wconf 85' lang='lat' dir='ltr'>signi-</span> 
     </span>
     <span class='ocr_line' id='line_1_50' title="bbox 84 2600 849 2644; baseline -0.004 -10"><span class='ocrx_word' id='word_1_419' title='bbox 84 2602 181 2634; x_wconf 85' lang='lat' dir='ltr'>ficare</span> <span class='ocrx_word' id='word_1_420' title='bbox 203 2607 316 2644; x_wconf 78' lang='lat' dir='ltr'>potest</span> <span class='ocrx_word' id='word_1_421' title='bbox 337 2604 468 2640; x_wconf 82' lang='lat' dir='ltr'>species,</span> <span class='ocrx_word' id='word_1_422' title='bbox 495 2612 593 2643; x_wconf 87' lang='lat' dir='ltr'>quum</span> <span class='ocrx_word' id='word_1_423' title='bbox 617 2600 794 2642; x_wconf 86' lang='lat' dir='ltr'>proxime</span> <span class='ocrx_word' id='word_1_424' title='bbox 786 2613 849 2632; x_wconf 86' lang='lat' dir='ltr'>m-</span> 
     </span>
     <span class='ocr_line' id='line_1_51' title="bbox 84 2645 848 2687; baseline -0.003 -9"><span class='ocrx_word' id='word_1_425' title='bbox 84 2646 218 2678; x_wconf 82' lang='lat' dir='ltr'>tecedat</span> <span class='ocrx_word' id='word_1_426' title='bbox 238 2645 446 2686; x_wconf 70' lang='lat' dir='ltr'>singillatim?</span> <span class='ocrx_word' id='word_1_427' title='bbox 495 2645 576 2676; x_wconf 74' lang='lat' dir='ltr'>Mihi</span> <span class='ocrx_word' id='word_1_428' title='bbox 597 2645 726 2687; x_wconf 71' lang='lat' dir='ltr'>quidem</span> <span class='ocrx_word' id='word_1_429' title='bbox 749 2645 848 2676; x_wconf 84' lang='lat' dir='ltr'>verba</span> 
     </span>
     <span class='ocr_line' id='line_1_52' title="bbox 84 2690 848 2730; baseline -0.001 -8"><span class='ocrx_word' id='word_1_430' title='bbox 84 2695 235 2730; x_wconf 79' lang='lat' dir='ltr'>quaerunt</span> <span class='ocrx_word' id='word_1_431' title='bbox 258 2695 360 2722; x_wconf 76' lang='lat' dir='ltr'>tamen</span> <span class='ocrx_word' id='word_1_432' title='bbox 384 2692 507 2730; x_wconf 79' lang='lat' dir='ltr'>copiam</span> <span class='ocrx_word' id='word_1_433' title='bbox 539 2701 603 2720; x_wconf 84' lang='lat' dir='ltr'>non</span> <span class='ocrx_word' id='word_1_434' title='bbox 632 2690 738 2721; x_wconf 77' lang='lat' dir='ltr'>verbis</span> <span class='ocrx_word' id='word_1_435' title='bbox 771 2700 848 2730; x_wconf 84' lang='lat' dir='ltr'>qua-</span> 
     </span>
     <span class='ocr_line' id='line_1_53' title="bbox 85 2734 848 2776; baseline -0.001 -10"><span class='ocrx_word' id='word_1_436' title='bbox 85 2745 156 2766; x_wconf 84' lang='lat' dir='ltr'>rum</span> <span class='ocrx_word' id='word_1_437' title='bbox 185 2746 298 2776; x_wconf 74' lang='lat' dir='ltr'>yenera</span> <span class='ocrx_word' id='word_1_438' title='bbox 328 2746 388 2766; x_wconf 80' lang='lat' dir='ltr'>non</span> <span class='ocrx_word' id='word_1_439' title='bbox 411 2739 622 2773; x_wconf 77' lang='lat' dir='ltr'>contemnum,</span> <span class='ocrx_word' id='word_1_440' title='bbox 659 2734 715 2765; x_wconf 68' lang='lat' dir='ltr'>sed</span> <span class='ocrx_word' id='word_1_441' title='bbox 741 2735 848 2765; x_wconf 80' lang='lat' dir='ltr'>verbis</span> 
     </span>
     <span class='ocr_line' id='line_1_54' title="bbox 85 2779 850 2821; baseline -0.003 -10"><span class='ocrx_word' id='word_1_442' title='bbox 85 2788 196 2819; x_wconf 77' lang='lat' dir='ltr'>eaeque</span> <span class='ocrx_word' id='word_1_443' title='bbox 214 2790 245 2812; x_wconf 89' lang='lat' dir='ltr'><strong>v.</strong></span> <span class='ocrx_word' id='word_1_444' title='bbox 264 2782 447 2820; x_wconf 77' lang='lat' dir='ltr'>sinyillalim</span> <span class='ocrx_word' id='word_1_445' title='bbox 470 2783 676 2811; x_wconf 73' lang='lat' dir='ltr'>extenuantur</span> <span class='ocrx_word' id='word_1_446' title='bbox 696 2779 850 2821; x_wconf 86' lang='lat' dir='ltr'>opposita</span> 
     </span>
     <span class='ocr_line' id='line_1_55' title="bbox 85 2823 850 2861; baseline -0.001 -6"><span class='ocrx_word' id='word_1_447' title='bbox 85 2823 256 2861; x_wconf 79' lang='lat' dir='ltr'>videntur,</span> <span class='ocrx_word' id='word_1_448' title='bbox 298 2831 333 2855; x_wconf 90' lang='lat' dir='ltr'>ut</span> <span class='ocrx_word' id='word_1_449' title='bbox 367 2824 447 2855; x_wconf 80' lang='lat' dir='ltr'>haec</span> <span class='ocrx_word' id='word_1_450' title='bbox 482 2823 525 2854; x_wconf 88' lang='lat' dir='ltr'>sit</span> <span class='ocrx_word' id='word_1_451' title='bbox 560 2823 747 2856; x_wconf 79' lang='lat' dir='ltr'>sententia:</span> <span class='ocrx_word' id='word_1_452' title='bbox 788 2823 850 2855; x_wconf 89' lang='lat' dir='ltr'>etsi</span> 
     </span>
     <span class='ocr_line' id='line_1_56' title="bbox 85 2867 848 2911; baseline -0.001 -11"><span class='ocrx_word' id='word_1_453' title='bbox 85 2867 239 2911; x_wconf 82' lang='lat' dir='ltr'>Epicurei</span> <span class='ocrx_word' id='word_1_454' title='bbox 259 2879 314 2900; x_wconf 84' lang='lat' dir='ltr'>eas</span> <span class='ocrx_word' id='word_1_455' title='bbox 335 2869 542 2911; x_wconf 81' lang='lat' dir='ltr'>voluptates,</span> <span class='ocrx_word' id='word_1_456' title='bbox 572 2879 706 2910; x_wconf 87' lang='lat' dir='ltr'>quarum</span> <span class='ocrx_word' id='word_1_457' title='bbox 729 2880 848 2911; x_wconf 87' lang='lat' dir='ltr'>genera</span> 
     </span>
     <span class='ocr_line' id='line_1_57' title="bbox 83 2911 849 2957; baseline 0.004 -14"><span class='ocrx_word' id='word_1_458' title='bbox 83 2911 154 2955; x_wconf 83' lang='lat' dir='ltr'>ipsa</span> <span class='ocrx_word' id='word_1_459' title='bbox 186 2913 305 2957; x_wconf 79' lang='lat' dir='ltr'>(Arten)</span> <span class='ocrx_word' id='word_1_460' title='bbox 341 2923 406 2945; x_wconf 84' lang='lat' dir='ltr'>non</span> <span class='ocrx_word' id='word_1_461' title='bbox 436 2919 670 2953; x_wconf 88' lang='lat' dir='ltr'>contemnunt,</span> <span class='ocrx_word' id='word_1_462' title='bbox 706 2912 849 2956; x_wconf 84' lang='lat' dir='ltr'>singulas</span> 
     </span>
    </p>
   </div>
   <div class='ocr_carea' id='block_1_12' title="bbox 882 1709 1656 2922">
    <p class='ocr_par' dir='ltr' id='par_1_12' title="bbox 886 1709 1656 2198">
     <span class='ocr_line' id='line_1_58' title="bbox 888 1709 1655 1753; baseline 0.001 -13"><span class='ocrx_word' id='word_1_463' title='bbox 888 1717 1077 1747; x_wconf 77' lang='lat' dir='ltr'>extenuant,</span> <span class='ocrx_word' id='word_1_464' title='bbox 1102 1716 1210 1741; x_wconf 89' lang='lat' dir='ltr'>tamen</span> <span class='ocrx_word' id='word_1_465' title='bbox 1229 1709 1429 1751; x_wconf 83' lang='lat' dir='ltr'>singularum</span> <span class='ocrx_word' id='word_1_466' title='bbox 1449 1711 1655 1753; x_wconf 85' lang='lat' dir='ltr'>voluptatum</span> 
     </span>
     <span class='ocr_line' id='line_1_59' title="bbox 888 1754 1654 1795; baseline 0 -10"><span class='ocrx_word' id='word_1_467' title='bbox 888 1754 1131 1786; x_wconf 85' lang='lat' dir='ltr'>multitudinem</span> <span class='ocrx_word' id='word_1_468' title='bbox 1163 1755 1208 1785; x_wconf 76' lang='lat' dir='ltr'>ita</span> <span class='ocrx_word' id='word_1_469' title='bbox 1244 1761 1426 1795; x_wconf 79' lang='lat' dir='ltr'>quaerunt,</span> <span class='ocrx_word' id='word_1_470' title='bbox 1473 1761 1507 1785; x_wconf 82' lang='lat' dir='ltr'>ut</span> <span class='ocrx_word' id='word_1_471' title='bbox 1544 1767 1581 1786; x_wconf 84' lang='lat' dir='ltr'>ex</span> <span class='ocrx_word' id='word_1_472' title='bbox 1617 1755 1654 1785; x_wconf 88' lang='lat' dir='ltr'>iis</span> 
     </span>
     <span class='ocr_line' id='line_1_60' title="bbox 887 1798 1655 1842; baseline 0 -12"><span class='ocrx_word' id='word_1_473' title='bbox 887 1799 1092 1842; x_wconf 79' lang='lat' dir='ltr'>perpetuitas</span> <span class='ocrx_word' id='word_1_474' title='bbox 1118 1798 1276 1841; x_wconf 79' lang='lat' dir='ltr'>quaedam</span> <span class='ocrx_word' id='word_1_475' title='bbox 1304 1799 1484 1840; x_wconf 78' lang='lat' dir='ltr'>voluptatis</span> <span class='ocrx_word' id='word_1_476' title='bbox 1520 1800 1655 1830; x_wconf 82' lang='lat' dir='ltr'>exsistat</span> 
     </span>
     <span class='ocr_line' id='line_1_61' title="bbox 891 1843 1655 1886; baseline 0.004 -14"><span class='ocrx_word' id='word_1_477' title='bbox 891 1846 932 1886; x_wconf 48' lang='grc' dir='ltr'>(ᾗ.</span> <span class='ocrx_word' id='word_1_478' title='bbox 949 1845 1031 1879; x_wconf 49' lang='lat' dir='ltr'>9:3ss</span> <span class='ocrx_word' id='word_1_479' title='bbox 1069 1843 1167 1882; x_wconf 82' lang='lat' dir='ltr'>Quod</span> <span class='ocrx_word' id='word_1_480' title='bbox 1188 1850 1295 1874; x_wconf 88' lang='lat' dir='ltr'>autem</span> <span class='ocrx_word' id='word_1_481' title='bbox 1318 1850 1393 1885; x_wconf 87' lang='lat' dir='ltr'>post</span> <span class='ocrx_word' id='word_1_482' title='bbox 1417 1843 1578 1884; x_wconf 79' lang='lat' dir='ltr'>passivum</span> <span class='ocrx_word' id='word_1_483' title='bbox 1601 1854 1655 1875; x_wconf 74' lang='lat' dir='ltr'>ex·</span> 
     </span>
     <span class='ocr_line' id='line_1_62' title="bbox 888 1888 1655 1929; baseline 0 -10"><span class='ocrx_word' id='word_1_484' title='bbox 888 1893 1054 1920; x_wconf 80' lang='lat' dir='ltr'>tenuantur</span> <span class='ocrx_word' id='word_1_485' title='bbox 1087 1900 1152 1919; x_wconf 89' lang='lat' dir='ltr'>non</span> <span class='ocrx_word' id='word_1_486' title='bbox 1187 1888 1336 1929; x_wconf 70' lang='lat' dir='ltr'>pergitur</span> <span class='ocrx_word' id='word_1_487' title='bbox 1366 1891 1526 1927; x_wconf 81' lang='lat' dir='ltr'>quaeritur</span> <span class='ocrx_word' id='word_1_488' title='bbox 1552 1892 1655 1920; x_wconf 83' lang='lat' dir='ltr'>lamen</span> 
     </span>
     <span class='ocr_line' id='line_1_63' title="bbox 889 1932 1653 1975; baseline -0.001 -11"><span class='ocrx_word' id='word_1_489' title='bbox 889 1935 991 1972; x_wconf 85' lang='lat' dir='ltr'>copia,</span> <span class='ocrx_word' id='word_1_490' title='bbox 1015 1933 1049 1963; x_wconf 90' lang='lat' dir='ltr'>id</span> <span class='ocrx_word' id='word_1_491' title='bbox 1071 1944 1110 1964; x_wconf 87' lang='lat' dir='ltr'>eo</span> <span class='ocrx_word' id='word_1_492' title='bbox 1131 1933 1235 1964; x_wconf 87' lang='lat' dir='ltr'>minus</span> <span class='ocrx_word' id='word_1_493' title='bbox 1258 1932 1431 1963; x_wconf 80' lang='lat' dir='ltr'>offensioni</span> <span class='ocrx_word' id='word_1_494' title='bbox 1448 1939 1559 1975; x_wconf 77' lang='lat' dir='ltr'>potest</span> <span class='ocrx_word' id='word_1_495' title='bbox 1573 1944 1653 1971; x_wconf 80' lang='lat' dir='ltr'>esse,</span> 
     </span>
     <span class='ocr_line' id='line_1_64' title="bbox 889 1977 1653 2020; baseline 0 -13"><span class='ocrx_word' id='word_1_496' title='bbox 889 1977 978 2020; x_wconf 85' lang='lat' dir='ltr'>quod</span> <span class='ocrx_word' id='word_1_497' title='bbox 1014 1977 1078 2009; x_wconf 89' lang='lat' dir='ltr'>iam</span> <span class='ocrx_word' id='word_1_498' title='bbox 1113 1977 1144 2008; x_wconf 93' lang='lat' dir='ltr'>in</span> <span class='ocrx_word' id='word_1_499' title='bbox 1182 1977 1407 2008; x_wconf 71' lang='lat' dir='ltr'>enuntiatione</span> <span class='ocrx_word' id='word_1_500' title='bbox 1441 1977 1653 2009; x_wconf 83' lang='lat' dir='ltr'>secundaria:</span> 
     </span>
     <span class='ocr_line' id='line_1_65' title="bbox 886 2021 1655 2064; baseline -0.001 -11"><span class='ocrx_word' id='word_1_501' title='bbox 886 2032 1021 2062; x_wconf 85' lang='lat' dir='ltr'>quarum</span> <span class='ocrx_word' id='word_1_502' title='bbox 1042 2034 1072 2062; x_wconf 88' lang='grc'>9.</span> <span class='ocrx_word' id='word_1_503' title='bbox 1095 2033 1156 2054; x_wconf 82' lang='lat' dir='ltr'>non</span> <span class='ocrx_word' id='word_1_504' title='bbox 1179 2026 1374 2054; x_wconf 80' lang='lat' dir='ltr'>contemnunt</span> <span class='ocrx_word' id='word_1_505' title='bbox 1395 2022 1539 2052; x_wconf 77' lang='lat' dir='ltr'>activum</span> <span class='ocrx_word' id='word_1_506' title='bbox 1563 2021 1655 2064; x_wconf 87' lang='lat' dir='ltr'>posi—</span> 
     </span>
     <span class='ocr_line' id='line_1_66' title="bbox 886 2066 1656 2108; baseline -0.001 -11"><span class='ocrx_word' id='word_1_507' title='bbox 886 2074 955 2098; x_wconf 88' lang='lat' dir='ltr'>tum</span> <span class='ocrx_word' id='word_1_508' title='bbox 978 2073 1037 2098; x_wconf 89' lang='lat' dir='ltr'>est.</span> <span class='ocrx_word' id='word_1_509' title='bbox 1070 2067 1165 2098; x_wconf 79' lang='lat' dir='ltr'>Plura</span> <span class='ocrx_word' id='word_1_510' title='bbox 1179 2066 1307 2097; x_wconf 75' lang='lat' dir='ltr'>activae</span> <span class='ocrx_word' id='word_1_511' title='bbox 1328 2072 1512 2097; x_wconf 77' lang='lat' dir='ltr'>structurae</span> <span class='ocrx_word' id='word_1_512' title='bbox 1528 2066 1558 2097; x_wconf 88' lang='lat' dir='ltr'>in</span> <span class='ocrx_word' id='word_1_513' title='bbox 1576 2078 1656 2108; x_wconf 69' lang='lat' dir='ltr'>pas-</span> 
     </span>
     <span class='ocr_line' id='line_1_67' title="bbox 886 2110 1654 2153; baseline -0.001 -11"><span class='ocrx_word' id='word_1_514' title='bbox 886 2111 990 2142; x_wconf 81' lang='lat' dir='ltr'>sivam</span> <span class='ocrx_word' id='word_1_515' title='bbox 1015 2111 1171 2142; x_wconf 87' lang='lat' dir='ltr'>transitus</span> <span class='ocrx_word' id='word_1_516' title='bbox 1201 2110 1351 2153; x_wconf 79' lang='lat' dir='ltr'>exempla</span> <span class='ocrx_word' id='word_1_517' title='bbox 1378 2111 1574 2142; x_wconf 78' lang='lat' dir='ltr'>contulimus</span> <span class='ocrx_word' id='word_1_518' title='bbox 1597 2122 1654 2142; x_wconf 86' lang='lat' dir='ltr'>su-</span> 
     </span>
     <span class='ocr_line' id='line_1_68' title="bbox 886 2156 1245 2198; baseline 0.003 -12"><span class='ocrx_word' id='word_1_519' title='bbox 886 2168 945 2198; x_wconf 83' lang='lat' dir='ltr'>pra</span> <span class='ocrx_word' id='word_1_520' title='bbox 970 2156 1012 2187; x_wconf 89' lang='lat' dir='ltr'>ad</span> <span class='ocrx_word' id='word_1_521' title='bbox 1039 2157 1077 2187; x_wconf 86' lang='lat' dir='ltr'>ll.</span> <span class='ocrx_word' id='word_1_522' title='bbox 1107 2156 1165 2193; x_wconf 86' lang='grc'>16,</span> <span class='ocrx_word' id='word_1_523' title='bbox 1190 2156 1245 2188; x_wconf 78' lang='grc'>3”.</span> 
     </span>
    </p>

    <p class='ocr_par' dir='ltr' id='par_1_13' title="bbox 882 2200 1656 2722">
     <span class='ocr_line' id='line_1_69' title="bbox 954 2200 1656 2243; baseline -0.003 -10"><span class='ocrx_word' id='word_1_524' title='bbox 954 2206 979 2233; x_wconf 79' lang='lat' dir='ltr'>et</span> <span class='ocrx_word' id='word_1_525' title='bbox 1002 2201 1180 2243; x_wconf 81' lang='lat' dir='ltr'>obscoenas]</span> <span class='ocrx_word' id='word_1_526' title='bbox 1208 2206 1241 2231; x_wconf 90' lang='lat' dir='ltr'>et</span> <span class='ocrx_word' id='word_1_527' title='bbox 1265 2200 1445 2231; x_wconf 81' lang='lat' dir='ltr'>obscoenas</span> <span class='ocrx_word' id='word_1_528' title='bbox 1467 2200 1656 2241; x_wconf 63' lang='lat' dir='ltr'>voluptarius</span> 
     </span>
     <span class='ocr_line' id='line_1_70' title="bbox 889 2244 1655 2287; baseline -0.004 -10"><span class='ocrx_word' id='word_1_529' title='bbox 889 2246 978 2277; x_wconf 78' lang='lat' dir='ltr'>faeilt</span> <span class='ocrx_word' id='word_1_530' title='bbox 991 2252 1125 2287; x_wconf 80' lang='lat' dir='ltr'>negotio</span> <span class='ocrx_word' id='word_1_531' title='bbox 1142 2244 1282 2286; x_wconf 44' lang='lat' dir='ltr'>(faciles)</span> <span class='ocrx_word' id='word_1_532' title='bbox 1308 2245 1415 2286; x_wconf 84' lang='lat' dir='ltr'>parari</span> <span class='ocrx_word' id='word_1_533' title='bbox 1431 2255 1537 2287; x_wconf 81' lang='lat' dir='ltr'>posse.</span> <span class='ocrx_word' id='word_1_534' title='bbox 1563 2254 1655 2274; x_wconf 84' lang='lat' dir='ltr'>corn—</span> 
     </span>
     <span class='ocr_line' id='line_1_71' title="bbox 887 2288 1654 2331; baseline -0.003 -10"><span class='ocrx_word' id='word_1_535' title='bbox 887 2302 1001 2321; x_wconf 83' lang='lat' dir='ltr'>munes</span> <span class='ocrx_word' id='word_1_536' title='bbox 1023 2297 1056 2321; x_wconf 89' lang='lat' dir='ltr'>et</span> <span class='ocrx_word' id='word_1_537' title='bbox 1080 2289 1181 2320; x_wconf 89' lang='lat' dir='ltr'>ubivis</span> <span class='ocrx_word' id='word_1_538' title='bbox 1207 2289 1239 2320; x_wconf 91' lang='lat' dir='ltr'>in</span> <span class='ocrx_word' id='word_1_539' title='bbox 1263 2295 1395 2331; x_wconf 84' lang='lat' dir='ltr'>promtu</span> <span class='ocrx_word' id='word_1_540' title='bbox 1418 2300 1499 2319; x_wconf 87' lang='lat' dir='ltr'>esse.</span> <span class='ocrx_word' id='word_1_541' title='bbox 1539 2288 1654 2319; x_wconf 82' lang='lat' dir='ltr'>Cicero</span> 
     </span>
     <span class='ocr_line' id='line_1_72' title="bbox 886 2332 1655 2377; baseline -0.004 -11"><span class='ocrx_word' id='word_1_542' title='bbox 886 2335 1018 2377; x_wconf 86' lang='lat' dir='ltr'>scripsit</span> <span class='ocrx_word' id='word_1_543' title='bbox 1043 2338 1079 2365; x_wconf 82' lang='lat' dir='ltr'>el</span> <span class='ocrx_word' id='word_1_544' title='bbox 1102 2336 1201 2372; x_wconf 56' lang='lat' dir='ltr'>obse„</span> <span class='ocrx_word' id='word_1_545' title='bbox 1235 2334 1266 2364; x_wconf 91' lang='lat' dir='ltr'>in</span> <span class='ocrx_word' id='word_1_546' title='bbox 1302 2340 1412 2364; x_wconf 89' lang='lat' dir='ltr'>mente</span> <span class='ocrx_word' id='word_1_547' title='bbox 1442 2332 1566 2363; x_wconf 57' lang='lat' dir='ltr'>habens</span> <span class='ocrx_word' id='word_1_548' title='bbox 1592 2332 1655 2364; x_wconf 85' lang='lat' dir='ltr'>ad-</span> 
     </span>
     <span class='ocr_line' id='line_1_73' title="bbox 888 2380 1655 2418; baseline -0.001 -8"><span class='ocrx_word' id='word_1_549' title='bbox 888 2380 985 2410; x_wconf 83' lang='lat' dir='ltr'>dere:</span> <span class='ocrx_word' id='word_1_550' title='bbox 1019 2383 1054 2410; x_wconf 81' lang='lat' dir='ltr'>et</span> <span class='ocrx_word' id='word_1_551' title='bbox 1083 2380 1348 2418; x_wconf 70' lang='lat' dir='ltr'>maynificentiam</span> <span class='ocrx_word' id='word_1_552' title='bbox 1371 2382 1396 2409; x_wconf 81' lang='lat' dir='ltr'>el</span> <span class='ocrx_word' id='word_1_553' title='bbox 1419 2381 1560 2417; x_wconf 83' lang='lat' dir='ltr'>sumplus</span> <span class='ocrx_word' id='word_1_554' title='bbox 1581 2387 1655 2416; x_wconf 76' lang='lat' dir='ltr'>epu·</span> 
     </span>
     <span class='ocr_line' id='line_1_74' title="bbox 887 2421 1654 2464; baseline -0.003 -9"><span class='ocrx_word' id='word_1_555' title='bbox 887 2427 991 2455; x_wconf 86' lang='lat' dir='ltr'>larum</span> <span class='ocrx_word' id='word_1_556' title='bbox 1027 2427 1212 2461; x_wconf 76' lang='lat' dir='ltr'>exlenuunl;</span> <span class='ocrx_word' id='word_1_557' title='bbox 1248 2423 1306 2453; x_wconf 87' lang='lat' dir='ltr'>sed</span> <span class='ocrx_word' id='word_1_558' title='bbox 1340 2430 1416 2464; x_wconf 87' lang='lat' dir='ltr'>post</span> <span class='ocrx_word' id='word_1_559' title='bbox 1449 2421 1567 2452; x_wconf 76' lang='lat' dir='ltr'>multas</span> <span class='ocrx_word' id='word_1_560' title='bbox 1600 2422 1654 2453; x_wconf 89' lang='lat' dir='ltr'>in-</span> 
     </span>
     <span class='ocr_line' id='line_1_75' title="bbox 888 2466 1653 2509; baseline -0.003 -10"><span class='ocrx_word' id='word_1_561' title='bbox 888 2468 1099 2499; x_wconf 85' lang='lat' dir='ltr'>teriectiones</span> <span class='ocrx_word' id='word_1_562' title='bbox 1136 2474 1273 2509; x_wconf 87' lang='lat' dir='ltr'>coeptae</span> <span class='ocrx_word' id='word_1_563' title='bbox 1309 2474 1492 2498; x_wconf 82' lang='lat' dir='ltr'>structurae</span> <span class='ocrx_word' id='word_1_564' title='bbox 1531 2466 1653 2498; x_wconf 88' lang='lat' dir='ltr'>oblitus</span> 
     </span>
     <span class='ocr_line' id='line_1_76' title="bbox 889 2510 1654 2553; baseline -0.003 -9"><span class='ocrx_word' id='word_1_565' title='bbox 889 2524 916 2544; x_wconf 86' lang='lat' dir='ltr'>c.</span> <span class='ocrx_word' id='word_1_566' title='bbox 935 2510 998 2550; x_wconf 72' lang='lat'>34,</span> <span class='ocrx_word' id='word_1_567' title='bbox 1024 2512 1077 2544; x_wconf 71' lang='lat'>97.</span> <span class='ocrx_word' id='word_1_568' title='bbox 1109 2512 1234 2553; x_wconf 78' lang='lat' dir='ltr'>pergit:</span> <span class='ocrx_word' id='word_1_569' title='bbox 1272 2516 1365 2551; x_wconf 72' lang='lat' dir='ltr'>Atque</span> <span class='ocrx_word' id='word_1_570' title='bbox 1394 2513 1441 2543; x_wconf 77' lang='lat' dir='ltr'>his</span> <span class='ocrx_word' id='word_1_571' title='bbox 1470 2513 1586 2543; x_wconf 83' lang='lat' dir='ltr'>similia</span> <span class='ocrx_word' id='word_1_572' title='bbox 1611 2513 1654 2543; x_wconf 79' lang='lat' dir='ltr'>ad</span> 
     </span>
     <span class='ocr_line' id='line_1_77' title="bbox 883 2559 1653 2596; baseline -0.003 -7"><span class='ocrx_word' id='word_1_573' title='bbox 883 2560 998 2589; x_wconf 86' lang='lat' dir='ltr'>viclum</span> <span class='ocrx_word' id='word_1_574' title='bbox 1029 2559 1123 2587; x_wconf 81' lang='lat' dir='ltr'>etiam</span> <span class='ocrx_word' id='word_1_575' title='bbox 1157 2559 1408 2596; x_wconf 76' lang='lat' dir='ltr'>transferuntur,</span> <span class='ocrx_word' id='word_1_576' title='bbox 1443 2560 1653 2587; x_wconf 76' lang='lat' dir='ltr'>extenua-</span> 
     </span>
     <span class='ocr_line' id='line_1_78' title="bbox 884 2603 1653 2641; baseline -0.003 -8"><span class='ocrx_word' id='word_1_577' title='bbox 884 2607 1037 2640; x_wconf 80' lang='lat' dir='ltr'>turque</span> <span class='ocrx_word' id='word_1_578' title='bbox 1084 2603 1423 2641; x_wconf 72' lang='lat' dir='ltr'>maynificentt&#39;a</span> <span class='ocrx_word' id='word_1_579' title='bbox 1462 2604 1496 2632; x_wconf 82' lang='grc'>81</span> <span class='ocrx_word' id='word_1_580' title='bbox 1543 2610 1653 2632; x_wconf 83' lang='lat' dir='ltr'>sum-</span> 
     </span>
     <span class='ocr_line' id='line_1_79' title="bbox 882 2643 1650 2686; baseline -0.001 -9"><span class='ocrx_word' id='word_1_581' title='bbox 882 2650 978 2686; x_wconf 79' lang='lat' dir='ltr'>plus</span> <span class='ocrx_word' id='word_1_582' title='bbox 1011 2647 1248 2685; x_wconf 82' lang='lat' dir='ltr'>epularum.</span> <span class='ocrx_word' id='word_1_583' title='bbox 1295 2646 1335 2678; x_wconf 91' lang='lat' dir='ltr'><strong>V.</strong></span> <span class='ocrx_word' id='word_1_584' title='bbox 1359 2645 1402 2676; x_wconf 87' lang='lat' dir='ltr'>ad</span> <span class='ocrx_word' id='word_1_585' title='bbox 1422 2646 1478 2677; x_wconf 90' lang='lat' dir='ltr'><strong>IV.</strong></span> <span class='ocrx_word' id='word_1_586' title='bbox 1502 2646 1564 2683; x_wconf 73' lang='lat'>35,</span> <span class='ocrx_word' id='word_1_587' title='bbox 1590 2643 1650 2677; x_wconf 73' lang='grc'>7-1,-</span> 
     </span>
     <span class='ocr_line' id='line_1_80' title="bbox 885 2692 1033 2722; baseline -0.007 0"><span class='ocrx_word' id='word_1_588' title='bbox 885 2695 921 2722; x_wconf 76' lang='lat' dir='ltr'>et</span> <span class='ocrx_word' id='word_1_589' title='bbox 944 2692 1033 2721; x_wconf 80' lang='lat' dir='ltr'>illud.</span> 
     </span>
    </p>

    <p class='ocr_par' dir='ltr' id='par_1_14' title="bbox 885 2731 1650 2823">
     <span class='ocr_line' id='line_1_81' title="bbox 952 2731 1650 2777; baseline -0.004 -11"><span class='ocrx_word' id='word_1_590' title='bbox 952 2739 1007 2766; x_wconf 79' lang='lat' dir='ltr'>aut</span> <span class='ocrx_word' id='word_1_591' title='bbox 1031 2737 1096 2766; x_wconf 85' lang='lat' dir='ltr'>loco</span> <span class='ocrx_word' id='word_1_592' title='bbox 1119 2738 1174 2766; x_wconf 81' lang='lat' dir='ltr'>aut</span> <span class='ocrx_word' id='word_1_593' title='bbox 1197 2734 1318 2777; x_wconf 81' lang='lat' dir='ltr'>ordine]</span> <span class='ocrx_word' id='word_1_594' title='bbox 1357 2735 1466 2766; x_wconf 88' lang='lat' dir='ltr'>Locus</span> <span class='ocrx_word' id='word_1_595' title='bbox 1501 2739 1532 2762; x_wconf 63' lang='lat' dir='ltr'>&lt;t</span> <span class='ocrx_word' id='word_1_596' title='bbox 1567 2731 1650 2763; x_wconf 91' lang='lat' dir='ltr'>ordo</span> 
     </span>
     <span class='ocr_line' id='line_1_82' title="bbox 885 2779 1274 2823; baseline 0.003 -13"><span class='ocrx_word' id='word_1_597' title='bbox 885 2779 1011 2823; x_wconf 87' lang='lat' dir='ltr'>species</span> <span class='ocrx_word' id='word_1_598' title='bbox 1037 2786 1111 2811; x_wconf 87' lang='lat' dir='ltr'>sunt</span> <span class='ocrx_word' id='word_1_599' title='bbox 1135 2779 1274 2822; x_wconf 82' lang='lat' dir='ltr'>generis.</span> 
     </span>
    </p>

    <p class='ocr_par' dir='ltr' id='par_1_15' title="bbox 888 2821 1649 2909">
     <span class='ocr_line' id='line_1_83' title="bbox 949 2821 1649 2877; baseline -0.006 -21"><span class='ocrx_word' id='word_1_600' title='bbox 949 2826 1095 2864; x_wconf 80' lang='lat' dir='ltr'>prodesse</span> <span class='ocrx_word' id='word_1_601' title='bbox 1123 2824 1299 2877; x_wconf 82' lang='lat' dir='ltr'>nunquam]</span> <span class='ocrx_word' id='word_1_602' title='bbox 1339 2823 1433 2864; x_wconf 83' lang='lat' dir='ltr'>Diog.</span> <span class='ocrx_word' id='word_1_603' title='bbox 1459 2823 1569 2852; x_wconf 74' lang='lat' dir='ltr'>Laert.</span> <span class='ocrx_word' id='word_1_604' title='bbox 1599 2821 1649 2858; x_wconf 89' lang='grc'>10,</span> 
     </span>
     <span class='ocr_line' id='line_1_84' title="bbox 888 2861 1648 2922; baseline -0.004 -21"><span class='ocrx_word' id='word_1_605' title='bbox 888 2869 968 2922; x_wconf 50' lang='lat'>{¹³⁵³</span> <span class='ocrx_word' id='word_1_606' title='bbox 1008 2868 1165 2903; x_wconf 84' lang='grc' dir='ltr'>συνουσία</span> <span class='ocrx_word' id='word_1_607' title='bbox 1189 2868 1228 2904; x_wconf 83' lang='grc' dir='ltr'>δὲ</span> <span class='ocrx_word' id='word_1_608' title='bbox 1253 2865 1365 2909; x_wconf 55' lang='lat' dir='ltr'>dianae</span> <span class='ocrx_word' id='word_1_609' title='bbox 1392 2865 1449 2907; x_wconf 82' lang='grc' dir='ltr'>μὲν</span> <span class='ocrx_word' id='word_1_610' title='bbox 1475 2861 1648 2905; x_wconf 83' lang='grc' dir='ltr'>ουδέποτε,</span> 
     </span>
    </p>
   </div>
   <div class='ocr_carea' id='block_1_13' title="bbox 883 2909 1532 2956">
    <p class='ocr_par' dir='ltr' id='par_1_16' title="bbox 883 2909 1532 2956">
     <span class='ocr_line' id='line_1_85' title="bbox 883 2909 1532 2956; baseline -0.006 -9"><span class='ocrx_word' id='word_1_611' title='bbox 883 2909 1055 2956; x_wconf 74' lang='grc' dir='ltr'>οἷγαπητσν</span> <span class='ocrx_word' id='word_1_612' title='bbox 1081 2914 1139 2955; x_wconf 85' lang='grc' dir='ltr'>δέ,</span> <span class='ocrx_word' id='word_1_613' title='bbox 1167 2913 1195 2948; x_wconf 82' lang='grc' dir='ltr'>εἰ</span> <span class='ocrx_word' id='word_1_614' title='bbox 1220 2926 1267 2955; x_wconf 82' lang='grc' dir='ltr'>μη</span> <span class='ocrx_word' id='word_1_615' title='bbox 1294 2911 1352 2946; x_wconf 74' lang='grc' dir='ltr'>καὶ</span> <span class='ocrx_word' id='word_1_616' title='bbox 1377 2910 1504 2954; x_wconf 57' lang='grc' dir='ltr'>ἔρὶιψε</span> <span class='ocrx_word' id='word_1_617' title='bbox 1507 2923 1532 2943; x_wconf 66' lang='lat' dir='ltr'><strong>o.</strong></span> 
     </span>
    </p>
   </div>
  </div>
 </body>
</html>
