1863 3221
245 116 300 158 92

248 205 308 245 cul
333 219 356 245 a
384 204 499 244 terris
526 202 563 242 id
592 201 746 251 evenit3
780 200 864 240 sive
892 207 1122 255 permanent
1151 206 1191 239 et
1217 207 1454 240 conservant
1477 200 1647 240 habitum
1672 214 1799 251 suum,

836 122 1002 154 LIBER
1030 123 1050 153 ι.
1078 118 1138 161 19,
1163 120 1218 154 43.

247 278 318 318 hoc
343 277 456 317 etiam
485 275 606 328 magis
633 287 794 313 necesse
821 280 881 313 est
903 274 1076 313 ferantur
1097 274 1145 313 ad
1173 273 1345 324 caelum,
1388 281 1427 313 et
1450 274 1496 314 ab
1522 274 1568 313 iis
1587 276 1606 299 2
1629 287 1803 328 perrum-

246 358 360 405 patur
385 356 423 388 et
450 348 643 388 dividatur
664 359 820 386 crassus
846 346 907 386 hic
927 353 966 386 et
993 353 1198 386 concretus
1221 351 1309 396 aer,
1345 346 1407 400 qui
1435 355 1494 387 est
1520 354 1648 387 terrae
1672 347 1805 401 proxi-

247 436 346 461 mus.
411 419 586 461 Calidior
609 427 668 460 est
696 419 795 459 enim
819 420 881 460 vel
913 420 1039 474 potius
1069 419 1269 459 ardentior
1298 419 1474 470 animus,
1520 433 1632 474 quam
1659 427 1720 460 est
1747 420 1807 460 hic

245 499 336 544 aer,
383 508 493 547 quem
521 493 633 532 modo
659 492 739 532 (lixi
773 507 948 533 crassum
984 500 1098 546 alque
1125 499 1373 532 concretum:
1420 493 1519 546 quod
1546 507 1596 533 ex
1635 507 1681 533 co
1716 493 1807 534 seiri

245 573 394 621 potest,
439 567 525 620 quia
561 580 724 619 corpora
759 573 894 606 nostra
932 573 1089 606 terreno
1126 566 1400 620 principiorum
1444 580 1590 619 genere
1631 568 1807 607 confecta

245 640 385 679 ardore
417 639 533 679 animi
566 640 854 679 concalescunt.

357 710 478 754 XIX.
540 718 608 753 45.
642 712 833 763 Accedit,

245 799 359 839 quem
382 799 497 840 saepe
526 786 600 826 iam
629 786 802 840 appe110‚
849 800 1012 839 eumque
1052 793 1295 840 perrumpat,

868 720 908 752 ul
931 726 977 752 eo
1005 712 1156 752 facilius
1184 712 1334 752 animus
1361 713 1498 753 evadat
1523 726 1574 753 ex
1600 713 1671 753 hoc
1697 718 1804 764 aere,

1342 786 1441 840 quod
1471 786 1562 826 nihil
1595 794 1654 826 est
1677 786 1806 826 animo

246 859 442 909 velocius3
477 859 578 899 nulla
600 867 660 898 est
679 859 874 908 celeritas,
909 873 1007 912 quae
1030 859 1152 913 possit
1175 874 1258 899 cum
1280 859 1396 898 animi
1420 859 1621 899 celeritate
1647 866 1807 899 conten-

245 932 352 972 dere.
416 930 492 984 Qui
527 931 559 972 si
593 939 793 986 permanet
823 931 1071 986 incorruptus
1103 932 1239 985 suique
1270 931 1431 981 similis,
1479 946 1642 971 necesse
1671 939 1730 972 est
1755 932 1808 971 ita

245 1005 416 1056 feratur,
451 1012 492 1045 ut
516 1012 695 1059 penetret
721 1011 758 1044 et
781 1005 925 1045 dividat
951 1019 1064 1045 omne
1089 1005 1235 1045 eaelum
1261 1005 1355 1055 hoc,
1389 1005 1427 1044 in
1456 1019 1530 1058 quo
1557 1005 1702 1052 nubes,
1737 1005 1807 1044 im-

244 1077 335 1117 bres
361 1077 544 1130 ventique
568 1084 760 1131 coguntur
777 1109 786 1127 ‚
822 1078 921 1131 quod
944 1084 982 1116 et
1005 1078 1197 1117 humidum
1227 1085 1264 1117 et
1283 1078 1537 1131 caliginosum
1566 1085 1625 1117 est
1647 1084 1806 1132 propter

244 1149 516 1190 exhalationes
542 1157 685 1189 terrae.
750 1149 876 1202 Quam
912 1151 1111 1203 regionem
1145 1165 1258 1204 quum
1288 1150 1488 1204 superavit
1514 1151 1666 1191 animus
1693 1158 1806 1191 natu-

243 1237 403 1277 ramque
426 1223 485 1264 sui
509 1223 671 1263 similem
703 1223 867 1276 contigit
888 1230 926 1263 et
946 1224 1130 1276 agnovit,
1174 1223 1314 1263 iunctis
1336 1237 1387 1263 ex
1411 1223 1537 1263 anima
1564 1223 1669 1263 tenui
1691 1231 1730 1263 et
1755 1237 1808 1264 ex

334 1335 355 1368 2
380 1336 434 1368 Sic
455 1337 545 1367 Mon.
569 1335 600 1367 2.
627 1335 711 1367 Gudv
729 1334 760 1368 2.
789 1335 872 1378 (hiis)
899 1335 975 1367 edd.
995 1342 1075 1367 vett.
1096 1337 1127 1367 S.
1153 1337 1209 1369 Ε.;
1236 1338 1290 1367 Or.
1317 1347 1343 1368 c.
1364 1336 1449 1378 vulg.
1472 1338 1530 1368 his.
1564 1337 1602 1368 V.
1615 1336 1657 1367 ad
1680 1348 1705 1369 e.
1720 1335 1752 1374 3,
1777 1336 1807 1367 5.

245 1406 435 1444 dissipatur,
461 1403 533 1446 quia
559 1402 741 1434 antecedit:
767 1405 792 1433 is
816 1407 917 1434 aulem
939 1406 1004 1434 am'-

246 1459 324 1479 mus.
356 1450 516 1479 Klotzius:
540 1448 680 1485 „Genau
700 1459 894 1489 genommen
915 1447 1009 1478 hiitte

244 1504 318 1524 man
339 1493 409 1524 hier
428 1500 587 1523 erwarten
605 1493 729 1524 sollen:
755 1495 818 1524 sive
838 1494 1010 1531 dissipatur

244 1540 369 1569 animus
392 1548 430 1569 ex
453 1539 499 1568 his
522 1542 684 1575 constans;
710 1537 805 1567 allein
830 1538 865 1567 C.
891 1536 1010 1568 dachte

245 1582 313 1613 sich
347 1582 432 1613 diess
460 1594 514 1613 so:
552 1584 625 1613 oder
648 1586 818 1613 zerslreuen
842 1584 906 1613 sich
929 1584 1010 1613 diese

245 1629 354 1667 Dirige,
378 1629 488 1658 welche
514 1629 571 1659 den
596 1629 677 1658 Geisl
702 1629 839 1658 bilden.“
886 1628 1010 1668 Perpe—

246 1683 334 1709 ram3
373 1672 413 1702 (le
446 1671 523 1713 ipsis
557 1672 641 1702 enim
668 1671 782 1702 animis
807 1671 923 1713 agitur.
982 1675 1008 1702 A

247 1716 402 1758 singulni
439 1717 696 1758 uume10‚qui
735 1728 848 1747 omnes
885 1715 1009 1747 animos

248 1761 497 1804 complectitur,
528 1761 570 1792 ad
592 1761 750 1803 pluralem
774 1761 906 1791 deflexit
932 1772 969 1791 01
972 1772 1008 1791 ι-

245 1805 314 1846 tio,
341 1806 387 1836 uti
409 1806 609 1848 saepissime.
660 1806 710 1839 (f.
735 1806 775 1837 ad
803 1807 841 1836 ΙΙ.
867 1806 929 1842 ²3,
955 1803 1008 1836 ὃ-Ι.

314 1853 391 1883 nihil
421 1853 532 1882 habent
555 1853 630 1882 haec
663 1853 724 1882 duo
756 1860 867 1891 yenera
903 1852 1008 1891 proni]

246 1897 318 1928 Nec
339 1895 421 1938 ignis
446 1907 506 1927 nec
529 1899 603 1935 a'e'r,
638 1895 753 1938 quibus
776 1895 901 1926 animus
925 1906 1009 1926 cou—

247 1948 334 1972 stare
367 1940 503 1979 dicitur.
540 1941 693 1971 deorsum
727 1947 845 1982 suopte
872 1946 951 1971 nutu
980 1946 1011 1971 et

247 1998 305 2017 suo
332 1985 478 2028 pondere
502 1986 664 2016 feruntur.

313 2033 444 2062 calidior
466 2049 508 2053 ——
533 2033 644 2062 ardore
666 2033 764 2061 animi
783 2032 1009 2071 concalescunt]

247 2075 339 2105 Haec
357 2075 465 2105 omnia
487 2086 524 2105 ex
548 2075 733 2106 Stoicorum
755 2074 927 2116 disciplina
949 2086 1011 2116 pe-

248 2119 308 2150 tita
329 2126 416 2149 sunt.
448 2120 485 2150 V.
506 2119 671 2150 Adnotatu
692 2119 731 2149 ad
753 2131 779 2149 c.
792 2116 823 2149 9.
844 2126 925 2149 extr.
965 2121 1010 2149 De

248 2163 345 2195 tei-tia
366 2163 444 2194 sede
464 2163 600 2193 voculae
623 2166 701 2195 enim
721 2176 751 2194 v.
770 2163 811 2193 ad
836 2175 862 2193 c.
880 2163 933 2201 ¹27,
955 2162 1008 2195 66.

315 2219 353 2240 ex
376 2219 409 2239 eo
433 2227 472 2231 ——
497 2208 586 2251 quia]
613 2208 667 2239 Sic
691 2209 793 2249 Legg.
821 2208 845 2238 I.
873 2208 922 2245 15,
949 2205 1009 2239 43:

246 2253 329 2285 hacc
351 2258 528 2284 nascuntur
550 2263 587 2284 ex
607 2263 660 2292 eo,
694 2256 768 2292 quia
792 2258 907 2282 natura
931 2262 1011 2294 pro-

248 2298 340 2340 pensi
354 2309 463 2328 sumus
479 2297 520 2328 ad
536 2297 721 2339 diligendos
738 2296 898 2334 homines,
923 2296 1011 2339 quod

250 2343 498 2375 fundamentum
540 2342 618 2373 iuris
665 2349 734 2373 est:
780 2342 833 2372 nbi
870 2344 1012 2373 Goerenz.

249 2400 281 2430 p.
302 2388 361 2421 67:
388 2390 462 2427 quia
486 2398 547 2429 pro
568 2389 649 2427 quod
672 2387 814 2429 positum
839 2393 951 2429 putat,
978 2392 1012 2416 ut

249 2433 407 2463 vitaretur
430 2432 562 2474 repetiti
580 2434 661 2472 qnod
683 2431 849 2469 vicinitas;
876 2431 934 2462 sed
948 2431 1013 2462 hoc

249 2488 315 2507 non
352 2476 438 2507 cadit
472 2477 504 2507 in
538 2484 686 2507 nostrum
720 2477 837 2508 locum.
896 2478 944 2507 Ex
969 2486 1013 2515 eo,

249 2522 331 2560 quod
357 2528 404 2550 est
430 2529 575 2552 nostrum
607 2524 745 2561 claraus,
780 2523 875 2560 dass3
909 2531 946 2552 ea:
971 2530 1014 2560 eo,

249 2567 324 2604 quia
350 2571 458 2595 autem
483 2567 620 2605 durans,
646 2569 726 2597 weil.

321 2609 399 2639 Car.
418 2610 517 2639 XIX.
546 2612 572 2652 ᾗ.
592 2610 645 2642 43.
696 2612 817 2642 Accedit
841 2610 888 2653 ut]
923 2610 964 2640 H.
985 2621 1012 2640 e.

250 2660 422 2696 praeterea
444 2653 497 2691 fit,
537 2660 570 2683 ut
593 2653 634 2684 de
659 2657 747 2685 Orat.
778 2656 814 2685 ΙΙ.
840 2653 903 2691 40¹,
933 2653 1012 2686 195:

251 2699 440 2736 Accedebat,
464 2701 497 2728 ut
516 2698 597 2728 haec
617 2704 651 2728 tu
676 2698 868 2730 adolescens
893 2710 953 2741 pro
979 2710 1013 2729 re

251 2742 382 2786 publica
403 2742 492 2784 queri
513 2753 636 2772 summa
661 2754 732 2773 cum
754 2743 913 2784 (lignitate
943 2743 1014 2774 exi-

251 2786 437 2818 stimarere:
475 2786 529 2817 ubi
560 2786 652 2828 plura
677 2788 823 2827 exempla
851 2789 1013 2829 congessit

254 2834 290 2865 Ο.
314 2834 355 2864 Μ.
379 2833 488 2863 Miiller
519 2842 550 2872 p.
580 2831 645 2863 312
668 2842 715 2872 sq.
775 2831 860 2868 Quid
895 2833 1013 2863 discri-

252 2876 348 2908 minis
380 2875 564 2907 intercedat
597 2874 684 2906 inter
718 2877 834 2906 accedit.
867 2879 947 2914 quod
985 2889 1011 2908 c

253 2920 353 2953 indic.
368 2927 402 2952 et
412 2920 498 2951 inter
509 2922 625 2952 accedit
643 2924 674 2951 ut
687 2931 711 2951 c.
726 2918 946 2957 coniunctim,
960 2921 1013 2951 fa—

255 2965 316 2996 cile
337 2977 376 2997 ex
396 2972 511 2998 nostro
531 2964 606 2996 loco
627 2964 693 2996 erui
717 2963 849 3006 poterit.
881 2967 1014 3004 Accedit,

1043 1404 1124 1442 quod
1147 1405 1272 1442 facilius
1296 1405 1419 1434 animus
1440 1405 1544 1434 evadit
1562 1415 1630 1434 rem
1653 1403 1808 1445 designa-

1044 1454 1113 1484 ret,
1151 1459 1233 1489 quae
1256 1459 1332 1478 vere
1361 1454 1445 1478 esset
1468 1447 1519 1478 vel
1545 1455 1633 1478 certe
1658 1448 1721 1478 iam
1748 1459 1808 1479 co·-

1045 1492 1135 1534 gnita
1162 1500 1263 1526 essem
1291 1495 1427 1531 accedit,
1453 1497 1484 1523 ul
1506 1495 1528 1532 f.
1552 1503 1581 1523 α.
1605 1495 1719 1524 evadat.
1740 1504 1808 1524 rem

1045 1536 1227 1578 significat,
1253 1548 1335 1579 quae
1357 1549 1421 1568 non
1448 1549 1525 1568 vere
1547 1537 1593 1568 itu
1617 1549 1686 1568 esse
1708 1537 1808 1579 poni-

1045 1588 1108 1617 tur,
1135 1581 1192 1611 sed
1211 1593 1293 1624 quae
1308 1582 1353 1612 ita
1370 1582 1546 1624 cogitanda
1565 1589 1624 1618 est,
1652 1583 1702 1613 vel
1724 1594 1807 1624 quae

1047 1633 1081 1656 ut
1103 1638 1187 1656 nova
1212 1626 1350 1658 necdum
1374 1627 1504 1668 cognita
1528 1627 1685 1658 accedere.
1707 1627 1810 1658 intel-

1045 1671 1175 1713 ligenda
1209 1678 1267 1702 est.
1318 1673 1359 1702 V.
1389 1683 1447 1702 nos
1478 1672 1509 1702 in
1536 1672 1592 1702 Gr.
1620 1672 1656 1703 L.
1683 1669 1806 1710 §.l-14.

1045 1716 1124 1746 Not.
1150 1717 1174 1746 Ι.
1214 1716 1264 1746 (tf.
1291 1718 1475 1748 Ramshorn.
1500 1718 1535 1747 L.
1559 1717 1615 1747 Gr.
1640 1717 1667 1751 6.
1686 1716 1756 1754 179,
1776 1717 1807 1749 3.

1046 1761 1125 1791 Not.
1144 1761 1188 1798 *3.
1237 1763 1315 1800 Any.
1344 1763 1515 1799 Groleseml.
1545 1762 1757 1792 Commentar
1782 1772 1809 1793 z,

1046 1804 1077 1835 d.
1099 1805 1261 1835 Material.
1277 1806 1349 1835 Lat.
1366 1805 1496 1846 Styltib.
1512 1817 1531 1847 p
1568 1806 1621 1837 Ι-ΙΙ
1640 1817 1688 1847 sq.
1726 1808 1810 1837 Men-

1045 1852 1115 1880 hius
1139 1849 1158 1880 l.
1181 1849 1210 1880 d.
1247 1850 1343 1880 allert
1368 1852 1495 1889 Herzoq.
1527 1850 1569 1880 ad
1594 1852 1684 1880 Caes.
1709 1851 1742 1881 B.
1770 1851 1809 1883 G.

1047 1896 1110 1931 ΙΙΙ,
1143 1895 1189 1926 Ι3.
1242 1896 1306 1932 Qui
1336 1901 1444 1924 antem
1479 1894 1637 1936 particula
1670 1898 1700 1926 ul
1735 1901 1810 1936 post

1046 1941 1163 1971 accedit
1195 1939 1285 1981 sequi
1321 1939 1445 1981 possit,
1480 1950 1680 1982 exponemus
1704 1939 1746 1970 ad
1770 1940 1809 1972 V.

1047 1985 1108 2020 2¹1,
1134 1986 1187 2016 02.

1114 2031 1201 2060 milla
1224 2032 1265 2061 est
1285 2031 1423 2060 celeritas
1442 2030 1523 2070 etc]
1547 2029 1631 2060 Mira
1652 2028 1812 2060 orationis

1048 2073 1285 2110 redundantia,
1322 2085 1418 2116 quam
1445 2074 1576 2112 Cicero,
1613 2074 1638 2104 si
1665 2073 1811 2104 ultimam

1046 2118 1095 2148 his
1118 2118 1207 2148 libris
1231 2118 1432 2149 admovisset
1455 2119 1582 2157 limam,
1614 2119 1684 2150 sine
1710 2118 1810 2149 dubio

1046 2162 1231 2193 sublaturus
1258 2163 1331 2193 fuit.

1114 2217 1200 2237 omne
1217 2209 1336 2238 caelum
1355 2208 1425 2247 hoc]
1451 2210 1475 2237 (
1476 2209 1578 2238 aelam
1594 2207 1647 2238 hic
1665 2214 1714 2238 est
1728 2218 1811 2249 quae

1047 2262 1132 2281 nunc
1147 2258 1281 2282 iocatur
1300 2257 1405 2281 atmos
1394 2240 1511 2301 [iliter
1514 2263 1529 2281 a
1553 2259 1644 2282 nostr
1647 2264 1674 2288 a,
1697 2252 1728 2282 in
1749 2263 1811 2293 qua

1046 2302 1122 2326 sunt
1144 2296 1255 2326 nubes.
1302 2296 1389 2326 Hinc
1410 2296 1505 2326 etiam
1532 2308 1591 2337 pro
1615 2300 1689 2327 aiire
1711 2296 1810 2338 poni—-

1047 2347 1109 2370 tur.
1159 2341 1196 2371 V.
1223 2342 1345 2371 Schinz.
1374 2341 1451 2371 Lex.
1479 2341 1544 2371 (tic.
1571 2341 1603 2371 h.
1625 2353 1654 2370 v.

1115 2388 1225 2417 iunctis
1238 2404 1280 2408 —-
1292 2388 1414 2425 iynibus
1430 2385 1555 2427 insistit]
1574 2386 1664 2417 Haec
1680 2391 1713 2416 et
1731 2396 1812 2427 quae

1047 2436 1227 2472 sequuntur
1262 2429 1360 2460 verba
1407 2430 1610 2461 illustrantur
1645 2429 1810 2461 Ciceronis

1048 2475 1123 2506 loco
1160 2475 1199 2505 N.
1228 2476 1263 2505 Ι).
1290 2476 1328 2505 ΙΙ.
1352 2472 1412 2512 -Ιῦ,
1443 2477 1520 2506 ΙΙόῑ
1561 2478 1668 2512 „Sunt
1701 2481 1811 2506 autem

1049 2519 1164 2550 stellae
1195 2526 1309 2550 natura
1340 2519 1527 2550 flammeae:
1564 2519 1716 2561 quocirca
1740 2526 1810 2550 ter·

1050 2576 1124 2601 rae,
1152 2564 1267 2600 muris,
1302 2575 1457 2606 aquarum
1480 2564 1656 2605 vaporibus
1680 2565 1811 2595 aluntur

1048 2609 1104 2646 iis
1133 2609 1185 2651 qui
1210 2621 1227 2639 a
1250 2609 1320 2640 sole
1342 2620 1380 2638 ex
1405 2608 1488 2648 agris
1513 2609 1689 2650 tepefactis
1714 2615 1747 2639 et
1772 2619 1809 2638 ex

1049 2654 1139 2696 aquis
1170 2652 1524 2694 excit·1ntt1r:(plibus
1557 2653 1643 2684 altae
1667 2664 1767 2683 1enm
1771 2664 1808 2682 ¹1-

1048 2706 1167 2741 taeque
1196 2698 1310 2729 stellae
1342 2703 1440 2738 atque
1472 2697 1720 2728 onmis·1ether
1753 2707 1809 2726 re-

1049 2744 1191 2775 fundunt
1219 2742 1332 2773 eidem
1363 2747 1394 2771 et
1426 2752 1531 2770 rursus
1555 2742 1689 2772 trahunt
1719 2740 1808 2770 indi-

1048 2789 1143 2824 dem
1183 2786 1263 2817 nihil
1296 2792 1331 2816 ut
1366 2785 1506 2815 intereat
1541 2792 1595 2816 aut
1633 2785 1808 2816 admodum

1049 2813 1232 2875 paululum
1270 2829 1358 2872 quod
1382 2836 1543 2860 astioium
1573 2830 1655 2871 ignis
1687 2837 1719 2860 et
1749 2841 1807 2861 ae-

1048 2877 1149 2908 theris
1172 2877 1199 2907 ss
1195 2886 1299 2907 imma
1317 2878 1508 2905 consumit
1568 2873 1700 2912 Omnia,
1727 2885 1808 2916 quae

1050 2922 1077 2963 ᾗ.
1094 2921 1149 2953 43.
1170 2919 1360 2970 consignata
1384 2925 1479 2957 sunt,
1504 2918 1557 2949 vix
1578 2899 1719 2950 dubitaii
1742 2929 1808 2960 po-

1049 2971 1135 3005 test,
1160 2964 1234 3008 quin
1257 2975 1295 2995 ex
1316 2962 1501 2995 διοίοοιιιηι
1525 2963 1672 2996 fontibus
1692 2974 1807 2996 mana-
