1863 3221
236 99 310 140 122
807 102 970 134 Linea
998 102 1020 133 ι.
1045 100 1105 140 2³5,
1132 99 1186 133 70.

229 184 393 225 hominis
416 183 567 223 utilitati
593 196 710 236 agros
735 194 870 221 omnes
892 187 930 220 et
957 180 1079 219 maria
1107 180 1341 233 parentia4:
1376 187 1444 222 70.
1479 181 1574 221 haee
1602 182 1720 235 igitur
1748 188 1788 222 et

228 257 301 297 alia
326 255 619 296 innumerabilia
649 269 762 307 quum
791 253 1009 303 cernimus,
1054 266 1311 305 possumusne
1340 253 1539 304 dubitare,
1583 254 1674 306 quin
1698 254 1744 294 iis
1764 256 1782 280 ⁵

228 330 371 384 praesit
392 329 529 382 aliquis
552 329 613 368 vel
637 328 814 375 effector,
848 326 881 365 si
903 326 997 366 haee
1022 333 1111 365 nata
1134 331 1240 375 sunt,
1277 332 1315 365 ut
1333 323 1485 366 Platoni
1508 326 1675 375 videtur,
1708 327 1785 376 vel,

227 403 259 443 si
286 415 440 456 semper
474 403 650 450 fuerunt,
698 407 737 439 nt
770 399 976 438 Aristoteli
1003 399 1149 453 placet,
1196 399 1418 438 moderator
1457 399 1552 438 tanti
1589 398 1718 452 operis
1751 405 1788 438 et

227 475 423 515 muneris?
475 473 543 514 Sic
565 481 731 513 mentem
758 472 948 521 bominis,
994 470 1170 525 quamvis
1197 485 1278 510 eain
1306 485 1384 511 non
1407 472 1566 521 videas,
1617 478 1656 510 ut
1675 471 1788 510 deum

227 563 303 587 non
328 548 453 596 vides,
489 553 632 595 tamen,
667 553 707 585 ut
729 546 840 585 ‹leuin
864 545 1046 598 agnoscis
1072 558 1124 583 ex
1145 543 1326 598 operibus
1346 544 1454 594 eius,
1488 544 1545 583 sie
1568 557 1620 583 ex
1643 557 1787 583 inemo-

227 621 283 659 ria
307 633 436 659 reruni
462 626 500 659 et
522 619 749 659 inventione
771 625 809 658 et
831 618 1030 657 celeritate
1050 624 1177 657 motus
1203 618 1383 670 oninique
1407 616 1688 671 pulchritudine
1709 616 1788 657 vir-

226 693 318 733 tutis
350 692 427 732 vim
459 692 660 733 divinam6
694 692 835 731 mentis
868 690 1088 743 agnoscito.

338 763 504 804 XXlX.

227 852 296 878 eur
326 838 501 887 credam,
541 838 718 877 all'erre¹
755 851 926 891 possum.

227 911 378 963 quideni
403 910 441 950 in
468 917 502 950 te
532 917 606 950 est.
652 910 764 963 Quae
797 916 858 949 est
883 910 917 949 ei
940 910 1106 948 natura?
1146 907 1327 962 Propria,
1361 915 1478 962 puto,
1513 914 1552 947 et
1574 921 1658 947 sua.
1709 905 1789 946 Sed

567 763 613 804 In
641 779 716 818 quo
741 765 858 817 igitur
881 764 966 803 loco
991 765 1080 803 est?
1139 760 1270 803 Credo
1303 763 1480 816 equidem
1514 763 1552 801 in
1581 762 1707 816 eapite
1732 769 1786 812 et,

989 834 1069 876 Sed
1100 836 1220 885 alias,
1263 836 1324 875 ubi
1348 836 1398 875 sit
1422 835 1571 875 animus
1594 837 1609 860 1
1629 852 1639 886 ς
1682 842 1790 874 certe

316 1027 335 1057 Ξ)
361 1028 415 1058 Sic
448 1026 540 1068 panici
577 1026 759 1057 deteriores
797 1025 894 1057 codd.
922 1033 955 1056 et
984 1024 1060 1056 edd.
1084 1031 1164 1056 vett.
1189 1026 1220 1055 S.
1252 1026 1305 1055 E.;
1343 1026 1396 1055 Or.
1422 1036 1447 1056 c.
1472 1024 1558 1065 vulg.
1584 1026 1640 1055 his.
1688 1024 1728 1055 V.
1748 1023 1791 1054 ad

227 1083 253 1102 c.
277 1071 310 1109 3,
335 1071 366 1102 ἴ).
412 1068 434 1101 6
462 1072 515 1102 Sic
535 1073 588 1101 Or.
605 1083 632 1102 c.
652 1071 736 1101 Gud.
754 1071 782 1101 1.
806 1077 839 1101 et
863 1069 994 1112 reliquis
1019 1069 1116 1100 codd.
1142 1070 1211 1100 sere
1233 1069 1355 1099 omnib.
1381 1076 1525 1110 itemque
1549 1068 1693 1110 plurimis
1715 1068 1789 1101 edd.

227 1122 328 1152 vett,
357 1116 392 1145 R.
420 1127 499 1146 unus
524 1115 616 1146 Leid.
640 1127 719 1145 unus
745 1117 803 1145 Ox.
828 1114 926 1146 Vind.
943 1115 971 1145 1.
998 1120 1030 1144 et
1053 1114 1180 1156 aliquot
1205 1113 1280 1144 edd.
1306 1120 1384 1144 vett.
1407 1116 1554 1144 diuinae:
1579 1113 1668 1155 quod
1692 1113 1748 1144 Kl.
1772 1125 1789 1144 a

223 1172 257 1191 se
278 1166 445 1201 receptum
469 1159 578 1190 multis
603 1159 709 1190 verbis
731 1159 903 1197 defendit,
930 1166 1045 1200 postea
1067 1165 1177 1189 tamen
1201 1157 1300 1198 (Add.
1324 1170 1356 1200 p.
1376 1158 1445 1196 55.)
1473 1157 1637 1195 deseruit,
1663 1170 1702 1189 ac
1721 1157 1790 1189 iure

224 1204 366 1248 quidem.
419 1205 526 1235 Etiam
561 1206 690 1236 Ellendt.
723 1204 764 1234 ad
791 1204 832 1234 de.
854 1206 908 1234 Or.
935 1205 958 1234 1.
981 1203 1043 1241 45,
1074 1201 1145 1234 199.
1184 1203 1258 1235 Vol.
1285 1204 1324 1234 lI.
1351 1214 1382 1244 p.
1407 1200 1481 1234 114.
1518 1202 1550 1234 in
1578 1202 1788 1234 defendenda

224 1250 388 1292 scriptura
412 1252 538 1281 divinae
562 1249 671 1291 lapsus
697 1256 757 1280 est.
806 1249 938 1279 ΧΧΙΧ.
966 1247 981 1279 1
1009 1260 1039 1279 ν.
1063 1247 1148 1279 Adn.

1020 1331 1090 1355 tur:
1114 1336 1196 1367 quae
1217 1325 1301 1356 ratio
1322 1336 1399 1356 sane
1418 1325 1529 1363 habet,
1552 1337 1617 1368 quo
1637 1337 1671 1356 se
1694 1338 1788 1357 conl-

1020 1370 1164 1402 mendet.
1192 1370 1239 1400 De
1262 1381 1296 1400 re
1314 1369 1383 1411 ipsa
1403 1370 1446 1400 cf.
1462 1369 1562 1401 Acad.
1579 1372 1618 1401 11.
1634 1370 1688 1407 37,
1707 1371 1786 1402 lle:

1022 1414 1114 1445 Plato
1141 1426 1179 1444 ex
1204 1414 1340 1445 materia
1364 1414 1397 1445 in
1421 1426 1455 1445 se
1475 1415 1583 1445 omnia
1606 1414 1787 1456 recipiente

224 1339 261 1360 ac
297 1332 508 1359 terrarum
543 1329 699 1358 cultorem.
747 1328 828 1357 Voc.
858 1328 985 1358 deorum

226 1372 303 1404 oriri
335 1372 440 1414 potuit
471 1383 510 1402 ex
535 1370 731 1412 compendio
755 1371 903 1402 vocabuli
927 1375 985 1401 ter-

225 1427 333 1448 rarum
366 1416 450 1446 male
484 1415 672 1451 intellect03
717 1422 842 1446 mutato
877 1422 985 1446 autem

224 1466 375 1493 terrarum
405 1461 436 1491 in
468 1462 614 1499 deorum,
650 1460 728 1491 addi
760 1471 892 1492 necesse
917 1467 987 1490 erat

224 1515 397 1544 eorumque.
437 1505 488 1536 Cf.
513 1506 553 1535 N.
581 1506 618 1535 D.
644 1506 682 1536 11.
705 1505 758 1540 311,
776 1505 830 1536 912.
857 1509 887 1546 (a
914 1507 986 1535 Klo-

225 1552 283 1581 tzio
306 1550 338 1580 iu
363 1549 448 1580 Add.
472 1561 501 1591 p.
518 1550 570 1581 35.
597 1549 721 1585 allani:
750 1549 835 1587 Quid
859 1550 921 1580 iam
945 1549 986 1579 de

225 1594 393 1625 hominnm
417 1605 536 1636 genere
559 1593 690 1625 dicam?
731 1593 784 1636 qui
808 1594 898 1636 quasi
922 1596 987 1625 cul-

224 1644 302 1671 tores
323 1643 421 1670 {errae
444 1638 615 1669 constituti
636 1650 702 1669 nou
726 1638 892 1681 patiuntur
917 1650 987 1668 eam

225 1695 286 1715 uec
319 1683 522 1714 immanitate
556 1683 705 1719 efferari,
744 1695 803 1714 nec
836 1683 987 1725 stirpium

224 1728 404 1770 asperitate
426 1727 555 1758 vastari.
603 1730 742 1759 klotzius
766 1728 785 1758 l.
808 1727 839 1758 d.
872 1728 987 1769 legen-

225 1773 302 1804 dum
324 1773 525 1814 suspicatur:
556 1783 581 1804 c.
605 1775 683 1803 caeli
705 1782 986 1812 agrorumque

224 1819 379 1849 cultorem.
429 1818 681 1858 Praeposterum
706 1816 860 1858 quiddam
881 1817 986 1847 inesse

224 1862 256 1892 in
276 1862 380 1892 verbis
403 1872 440 1893 ac
462 1864 632 1893 deorum
657 1864 813 1900 cultorem,
839 1861 986 1892 concedo

225 1906 375 1948 quidem3
414 1906 471 1936 sed
501 1905 594 1937 huius
617 1905 663 1936 rei
687 1906 814 1948 culpam
846 1906 987 1936 festina—

223 1951 305 1982 tioni
329 1950 446 1992 potius,
476 1962 538 1992 qua
561 1950 675 1981 Cicero
696 1951 755 1981 hos
779 1950 880 1981 libros
903 1950 987 1981 scri—

225 1996 300 2036 psit,
326 2006 422 2037 quam
443 1994 650 2025 librariorum
672 1994 816 2025 incuriae
836 1994 985 2026 tribuen-

225 2039 299 2070 dam
328 2039 489 2069 existimo.

291 2085 422 2114 hominis
441 2085 566 2114 utilitati
590 2093 681 2123 agros
711 2093 813 2114 omnes
836 2088 863 2114 et
885 2087 989 2115 maria

223 2130 381 2168 parentia)
412 2127 587 2168 Eleganter
611 2127 744 2158 dictum.
797 2129 881 2157 liene
903 2130 988 2160 Orel-

225 2175 305 2204 lius:
329 2171 375 2202 sie
401 2172 498 2214 fuget]
523 2171 602 2209 sich,
627 2171 701 2202 sind
721 2172 889 2203 dienstbar
913 2172 988 2203 dein

227 2217 356 2247 Nutzen
388 2216 444 2247 des
470 2216 660 2247 Menschen.
718 2216 987 2247 paucissimorum

226 2260 323 2292 codd.
349 2261 511 2302 scriptura
539 2263 678 2300 patentia
711 2272 776 2291 non
811 2261 910 2292 modo
936 2261 985 2291 ie-

226 2306 300 2336 iuna
321 2313 380 2341 est,
406 2305 465 2336 sed
487 2305 586 2335 etiarn
606 2305 706 2337 fal-siu
734 2317 808 2336 nam
828 2312 896 2336 tum
916 2305 986 2336 sine

225 2350 325 2381 (lubio
343 2350 457 2381 Cicero
476 2349 659 2391 scripsisset
679 2353 748 2381 usui
768 2362 828 2393 pro
850 2353 985 2390 utilitati,

227 2394 273 2425 uti
297 2402 386 2425 recte
411 2402 523 2425 monet
550 2397 690 2426 Orellius.

295 2442 322 2482 ᾗ.
341 2439 392 2471 70.
429 2441 561 2479 effector]
589 2440 627 2471 V.
651 2451 711 2470 nos
730 2439 763 2469 in
787 2439 872 2471 libro
893 2439 924 2470 d.
948 2442 985 2471 de

228 2485 289 2514 Cic.
317 2485 349 2513 in
367 2486 477 2521 philos.
501 2486 596 2514 merit.
623 2495 652 2525 p.
678 2484 732 2515 1251
752 2496 823 2526 sqq.

294 2529 320 2557 si
340 2528 413 2558 haec
435 2531 510 2558 nata
528 2531 690 2559 sunt——si
708 2539 827 2568 semper
847 2529 984 2571 fuerunt]

227 2571 281 2602 sic
316 2574 368 2602 Or.
396 2583 422 2602 c.
449 2573 486 2602 R.
515 2571 599 2603 Gud.
624 2572 650 2603 1.
672 2574 711 2603 ll.
734 2576 764 2604 ζ’.
789 2574 817 2603 b.
852 2574 987 2615 aliisque

229 2615 395 2657 permultis
430 2623 462 2646 et
495 2615 569 2646 edd.
605 2623 684 2646 vett.
717 2618 756 2647 ll.
781 2619 838 2654 D.;
875 2620 987 2658 suerint

227 2660 350 2691 liabent
375 2672 486 2690 onmes
511 2661 580 2690 fere
602 2660 675 2691 edd.
696 2668 775 2692 vett.
813 2662 866 2693 sie
890 2670 984 2694 utro-

228 2705 324 2747 bique
344 2704 537 2735 indicativus
558 2704 685 2745 legitur‚
712 2705 838 2747 utrique
858 2714 889 2737 ct
910 2707 985 2738 Pla-

228 2749 314 2781 tonis
328 2756 361 2780 et
375 2748 560 2780 Aristotelis
573 2749 756 2780 sententiae
771 2750 884 2781 Cicero
898 2751 985 2783 idem

229 2794 367 2836 pretium
389 2793 541 2825 statuisse
562 2793 742 2824 censendus
766 2802 833 2829 est3
860 2795 884 2825 si
906 2808 984 2827 vero

227 2839 346 2880 legitur
366 2839 499 2878 suerint,
525 2837 710 2869 Aristotelis
732 2838 772 2868 (le
795 2840 905 2870 mundi
926 2853 980 2871 ae-

228 2883 383 2915 ternitate
410 2882 598 2925 opinionem
629 2889 663 2913 ut
696 2882 826 2913 dubiam
858 2883 985 2925 sibique

228 2939 293 2959 non
320 2928 490 2971 probatam
518 2938 706 2971 proponere
730 2927 867 2961 voluisse
890 2928 982 2961 vide-

1021 1459 1174 1489 mundum
1199 1471 1268 1490 esse
1290 1459 1413 1490 factum
1437 1466 1549 1490 censet
1570 1471 1589 1490 a
1613 1459 1676 1490 deo
1698 1471 1787 1490 sem—

1023 1503 1196 1545 piternum.
1247 1503 1439 1535 Aristoteles
1461 1515 1565 1546 neque
1587 1511 1696 1535 ortum
1717 1515 1787 1535 esse

1022 1560 1163 1590 unquam
1194 1548 1349 1579 mundum
1383 1556 1460 1580 cett.
1508 1548 1591 1580 lbid.
1618 1550 1682 1587 535,
1711 1549 1785 1581 119.

1025 1593 1078 1623 Cf.
1106 1605 1202 1635 snpra
1230 1606 1255 1623 c.
1276 1595 1337 1628 25),
1364 1593 1416 1625 (i'o’.

1090 1638 1240 1679 muneris]
1260 1638 1401 1668 Verbum
1423 1641 1558 1669 niuneris
1578 1637 1710 1679 proprie
1731 1637 1785 1668 di-

1023 1681 1107 1712 citur
1131 1682 1171 1712 de
1192 1682 1274 1713 ludis
1292 1689 1324 1712 et
1346 1683 1540 1724 spectaculis
1566 1682 1782 1724 gladiatoriis,

1022 1738 1104 1768 quae
1126 1726 1247 1757 aediles
1272 1728 1394 1769 populo
1419 1728 1587 1768 praebent.
1619 1731 1703 1769 Apte
1718 1729 1785 1759 Mo-

1021 1781 1069 1802 ser
1093 1779 1263 1813 comparat
1289 1773 1327 1803 N.
1353 1773 1391 1803 D.
1418 1774 1439 1803 l.
1461 1773 1502 1809 ἓ),
1527 1774 1588 1803 23:
1614 1771 1701 1810 Quid
1724 1783 1787 1803 au-

1022 1823 1088 1846 tem
1112 1823 1193 1854 erat,
1219 1816 1308 1858 quod
1331 1816 1578 1858 concupisceret
1592 1816 1672 1847 deus
1686 1828 1785 1847 mun-

1023 1859 1101 1890 dum
1125 1860 1224 1901 signis
1251 1869 1284 1891 et
1306 1861 1478 1892 luminibus
1502 1867 1656 1902 tanquam
1676 1863 1786 1892 aedilis

1023 1916 1192 1935 exornare.
1242 1906 1282 1936 H.
1306 1906 1325 1936 l.
1351 1906 1518 1947 eleganter
1540 1905 1678 1936 mundus
1701 1905 1786 1936 dici-

1023 1956 1077 1980 tur
1109 1960 1222 1981 munus
1250 1952 1320 1989 dei,
1357 1950 1389 1981 h.
1415 1962 1442 1983 e.
1478 1949 1568 1992 quasi
1601 1950 1787 1981 aediticium

1023 1994 1230 2035 magnificum
1255 1995 1450 2037 spectaculis
1483 2002 1539 2026 aut
1569 1994 1784 2026 oblectationi

1023 2038 1232 2070 destinatum.
1293 2042 1425 2071 Kernz'us
1459 2039 1572 2071 vertit:
1622 2042 1784 2079 Schauye·

1023 2085 1134 2114 bonde.
1182 2085 1222 2114 V.
1251 2087 1383 2115 Erneslz'i
1407 2084 1496 2115 Clav.
1521 2084 1587 2115 (lic.
1609 2084 1640 2115 h.
1665 2096 1693 2114 v.
1742 2084 1782 2115 N.

1026 2128 1064 2158 1).
1090 2128 1129 2157 ll.
1154 2127 1206 2164 35,
1233 2129 1293 2159 52²0:
1318 2128 1365 2159 sic
1391 2128 1579 2169 philosophi
1601 2128 1785 2159 debuerunt

1023 2190 1066 2194 -—
1084 2171 1279 2213 intelligere,
1303 2172 1408 2202 inesse
1428 2172 1569 2214 aliquem
1590 2184 1656 2202 non
1678 2173 1784 2204 solum

1022 2215 1242 2246 habitatorem
1280 2216 1310 2246 in
1347 2217 1408 2247 hac
1447 2219 1567 2248 caelesti
1604 2227 1640 2248 ac
1674 2219 1784 2248 divina

1021 2262 1132 2299 domo,
1166 2260 1225 2291 sed
1256 2261 1355 2292 etiam
1383 2268 1546 2293 rectorem
1569 2273 1606 2292 ac
1628 2260 1783 2292 modera—

1021 2311 1148 2341 torem,
1189 2313 1222 2335 et
1258 2313 1411 2348 tanquam
1448 2306 1663 2337 architectum
1698 2306 1783 2337 tanti

1020 2350 1128 2390 operis
1156 2350 1302 2392 tantique
1324 2352 1472 2382 muneris.
1520 2352 1651 2383 oremus
1674 2361 1781 2392 comp.

1023 2395 1062 2424 N.
1089 2396 1127 2425 1).
1155 2396 1176 2425 l.
1199 2398 1238 2431 ὅ,
1268 2395 1324 2426 w:
1366 2394 1503 2425 ministri
1537 2394 1618 2426 tanti
1649 2398 1783 2427 muneris

1023 2440 1079 2481 (sc.
1102 2439 1240 2477 muntii).
1290 2442 1458 2480 Seyfferbus
1480 2439 1523 2470 ad
1545 2439 1634 2471 Lael.
1662 2439 1701 2477 (j,
1727 2441 1781 2471 22.

1022 2495 1052 2525 p.
1082 2485 1150 2515 140.
1175 2495 1287 2515 mimus
1321 2484 1352 2516 h.
1374 2484 1395 2515 1.
1430 2484 1666 2527 interpretatur
1690 2487 1783 2524 obge-

1020 2530 1202 2560 seinos-senes
1228 2531 1345 2560 nemer.

1090 2576 1152 2604 vim
1176 2576 1316 2605 divinam
1341 2576 1448 2604 mentis
1471 2574 1642 2612 oynoscito]
1676 2576 1782 2610 Quum

1021 2618 1084 2649 iam
1109 2618 1319 2649 antecesserit
1344 2622 1471 2649 mentem
1494 2619 1647 2655 hominis,
1683 2618 1781 2648 verba

1020 2666 1083 2694 vim
1104 2665 1244 2694 divinam
1265 2665 1373 2694 utentis
1391 2661 1635 2704 quodammodo
1657 2661 1780 2691 redun-

1020 2707 1110 2738 dant.
1160 2708 1209 2739 Cf.
1237 2707 1278 2737 de
1304 2707 1333 2738 h.
1356 2706 1376 2738 l.
1400 2718 1481 2749 quae
1504 2705 1724 2747 congessimus
1746 2705 1780 2737 in

1021 2752 1042 2783 l.
1064 2752 1095 2783 d.
1124 2764 1154 2794 p.
1178 2754 1248 2783 lez.
1271 2751 1318 2781 si.

1089 2798 1166 2828 CAP.
1190 2797 1323 2827 XXIX.
1358 2795 1482 2836 afferre]
1510 2797 1678 2826 Lambinus
1701 2796 1780 2837 legit

1019 2844 1118 2872 multa
1150 2843 1225 2881 affl,
1265 2840 1350 2871 nulla
1386 2846 1526 2881 cogente
1560 2841 1778 2877 necessitate3

1019 2897 1125 2927 neque
1155 2885 1304 2917 codicum
1328 2884 1439 2915 Duisb.
1463 2890 1496 2915 et
1519 2883 1589 2916 Col.
1617 2884 1777 2927 scriptura

1017 2932 1168 2962 rationem
1181 2932 1291 2970 afferre
1309 2928 1479 2972 probanda
1492 2935 1561 2969 est,
1582 2941 1679 2973 saepe
1692 2929 1777 2961 enim
