1863 3221
247 163 423 215 inquam,
467 169 544 202 tum
570 163 742 216 agimus,
787 163 858 203 nisi
883 166 1050 206 animum
1079 168 1124 207 ad
1155 182 1198 208 se
1221 169 1343 223 ipsum
1373 174 1630 229 advocamus,
1673 192 1806 222 secum

246 247 335 275 esse
358 233 532 288 cogimus
563 236 808 289 maximeque.
840 250 862 276 a
892 251 1055 292 corpore
1079 240 1331 284 abducimus?
1389 244 1610 290 Secernere
1637 260 1764 293 autem
1785 268 1806 294 a

246 321 410 362 corpore
447 306 640 359 animum,
686 322 758 348 nec
782 309 982 364 quicquam
1016 313 1141 364 aliud,
1185 322 1245 355 est
1272 318 1369 358 mori
1404 320 1608 362 discerel.
1671 323 1806 377 Quare

247 380 317 420 hoc
340 387 668 435 commentemur,
702 381 793 422 mihi
813 384 928 423 crede
943 416 953 435 ,
988 385 1327 442 disiungamusque
1347 405 1417 432 nos
1438 407 1458 432 a
1483 395 1710 448 corporibus
1725 429 1735 449 ,
1768 398 1805 439 id

834 87 996 119 LIBER
1024 90 1047 119 Ι.
1073 89 1136 127 31,
1164 89 1215 123 75.

246 460 327 504 est,
372 467 673 495 consuescamus
704 456 817 496 mori.
881 456 967 497 Hoc
996 465 1055 508 et,
1099 461 1186 500 dum
1213 462 1357 504 erimus
1389 464 1428 505 in
1457 467 1598 518 terris,
1645 470 1720 510 erit
1750 471 1806 511 illi

244 526 404 566 caelesti
438 526 542 567 vitae
567 527 718 579 simile,
759 536 821 580 et,
866 544 981 584 quum
1008 532 1096 572 illuc
1125 547 1177 573 ex
1200 534 1259 575 his
1289 536 1429 578 vinclis
1453 539 1585 580 emissi
1617 542 1802 595 feremur,

243 598 369 639 minus
403 599 616 640 tardabitur
636 615 773 642 cursus
799 603 1029 646 animorum.
1090 605 1193 647 Nam
1218 609 1280 662 qui
1302 609 1340 649 in
1362 613 1610 666 compedibus
1630 617 1805 671 corporis

243 685 398 726 semper
420 673 598 724 fuerunt,
643 675 782 726 etiam,
824 691 938 730 quum
966 679 1080 719 soluti
1105 688 1217 732 sunt,
1260 683 1407 724 tardius
1430 684 1722 739 ingrediuntur,
1765 697 1808 730 ut

243 743 292 796 ii,
335 745 397 798 qui
431 746 534 785 ferro
568 747 687 786 vincti
718 748 859 789 multos
898 764 1021 791 annos
1056 753 1227 794 fuerunt.
1292 754 1381 809 Quo
1415 772 1528 811 quum
1562 761 1802 813 venerimus,

334 845 467 876 XXXI.
507 844 520 877 1
549 845 601 877 Sic
626 848 679 878 Or.
700 859 717 879 e
741 849 846 880 Bentl.
872 851 978 889 coni.,
1005 864 1101 895 qnam
1125 854 1320 887 confirmant
1347 857 1434 888 Gud.
1462 856 1488 890 1.
1511 860 1570 896 H.;
1598 860 1715 892 eodem
1740 862 1802 893 dn-

245 896 321 921 cunt
336 889 372 920 R.
398 901 436 921 ex
457 890 602 922 coil.Kr.
625 898 657 922 et
679 892 921 935 antiquissimus
945 897 1017 928 cod.
1036 898 1150 937 Bentl.,
1178 899 1210 930 in
1229 901 1344 942 quibus
1368 909 1416 933 est
1436 914 1489 935 nec
1509 906 1682 944 quidquam
1701 909 1804 946 (quic-

243 933 350 974 quam)
385 937 473 966 aliud
495 938 588 966 emori
613 938 749 977 discere5
786 939 882 981 vulgo
908 940 1020 982 (etiam
1044 943 1080 973 R.
1101 955 1140 974 ex
1163 944 1235 975 coll.
1261 946 1359 987 Gud.)
1395 957 1448 979 nec
1467 958 1496 987 q.
1522 951 1610 979 aliud
1635 953 1677 980 est
1708 961 1804 989 quam

243 981 338 1010 emori
361 981 414 1018 d.,·
449 979 514 1010 duo
541 981 621 1010 Oxx.
647 981 732 1011 Gud.
757 981 789 1012 2.
815 987 896 1025 Aug.
926 985 1049 1017 habent
1080 990 1140 1019 nisi
1165 1000 1224 1031 pro
1249 1001 1365 1030 quam;
1398 995 1477 1022 mori
1505 1003 1564 1034 pro
1596 992 1682 1034 vulg.
1709 999 1804 1027 emori

242 1023 340 1054 etiam
363 1023 395 1054 b.
421 1029 454 1054 et
474 1023 578 1054 Marb.
604 1025 777 1063 exliibcnt3
812 1029 869 1058 Tr.
895 1040 912 1059 e
936 1031 1020 1060 coni.
1045 1034 1186 1064 animum
1209 1037 1316 1073 ecquid
1339 1038 1426 1066 aliud
1449 1040 1491 1067 est.
1515 1047 1610 1076 quam
1630 1041 1725 1070 emori
1745 1042 1803 1071 d.?

241 1068 289 1098 Ex
312 1077 417 1108 comp.
445 1072 463 1100 ἑ
488 1069 544 1110 (=
570 1072 622 1107 esi,
647 1069 692 1099 uti
717 1071 769 1102 1V.
795 1070 889 1113 §.80
914 1072 946 1103 in
970 1074 1022 1105 Rs>
1044 1077 1190 1107 sanabile
1214 1083 1242 1110 ἑ.
1265 1080 1302 1109 V.
1326 1081 1354 1122 ᾗ,
1378 1080 1430 1110 50.
1454 1092 1535 1122 quae
1556 1087 1575 1114 ἑ
1596 1082 1723 1124 eadem)
1749 1084 1803 1116 fa—

244 1110 304 1142 cile
328 1110 409 1142 illud
434 1122 448 1142 e
472 1111 504 1142 in
529 1115 624 1144 emori
646 1113 734 1144 nasei
756 1116 875 1156 potuit.
914 1118 1025 1149 Tisch.
1052 1131 1069 1149 e
1089 1121 1172 1152 coni.
1197 1125 1338 1154 animum
1361 1126 1395 1154 ei
1419 1128 1628 1164 quidnam
1652 1130 1740 1159 aliud
1762 1133 1805 1161 est

239 1165 333 1195 quam
357 1158 450 1187 emori
476 1158 617 1188 discere?
642 1158 803 1200 Tregderi
827 1161 912 1192 coni.
933 1163 1091 1204 probatur
1119 1167 1324 1207 ll'esenberyio
1348 1169 1417 1199 Em.
1433 1171 1471 1200 11.
1496 1182 1526 1212 p.
1545 1168 1606 1211 19„
1631 1172 1692 1203 nisi
1715 1173 1804 1216 quod

551 1201 600 1234 Cf.
630 1201 711 1233 Adn.

309 1276 363 1298 nec
388 1269 552 1306 quicquam
581 1269 685 1311 aliud]
720 1272 939 1303 Asseverandi
972 1273 1002 1304 vi

239 1312 320 1343 haec
342 1312 442 1342 verba
461 1311 634 1343 interiecta
657 1321 750 1344 sunt:
785 1317 838 1355 id,
863 1319 1001 1357 inquam,

237 1366 291 1389 nec
312 1357 478 1395 quicquam
499 1359 587 1388 aliud
608 1361 649 1388 est
668 1361 745 1389 mori
766 1361 890 1393 discere.
919 1366 1001 1393 Ante

239 1400 350 1432 oeulos
385 1400 499 1431 habuit
526 1401 650 1432 Platon.
679 1403 846 1435 Phaedon.
881 1417 913 1448 p.
938 1404 999 1437 ὀξὶς

238 1443 342 1488 χωρὶς
363 1442 401 1478 δὲ
422 1443 483 1498 τῂν
507 1444 619 1488 ψυχὴν
640 1447 697 1479 τοῦ
720 1446 876 1490 σώματος
897 1446 1001 1493 cliton).-

238 1491 394 1531 λαγεῖσαν
426 1488 530 1532 αυτὴν
554 1487 638 1532 ,καθ’
661 1488 766 1533 αὐτὴν
797 1491 898 1535 εἶναι,
936 1494 1001 1537 ἄρα

239 1532 296 1576 μὴ
333 1529 437 1566 ἄλλο
469 1545 509 1567 τι
540 1547 562 1577 ῃ
602 1532 619 1567 ὁ
653 1534 796 1574 ‘Sci-amm
827 1533 851 1580 ἦ
884 1540 999 1577 τοῦτος

239 1580 371 1610 Orellius
392 1587 560 1620 comparat
580 1580 682 1622 chg.
711 1583 766 1612 ΙΠ.
793 1582 821 1619 1,
844 1583 882 1614 ὃς
911 1584 999 1626 quod

238 1634 336 1665 quum
357 1622 443 1662 dico,
470 1623 575 1665 legem
597 1636 614 1655 a
634 1636 686 1655 me
704 1625 777 1665 dici,
803 1629 879 1658 nihil
900 1631 999 1668 aliud,

237 1667 376 1709 intelligi
399 1667 494 1699 volo:
523 1668 575 1699 ubi
599 1671 782 1702 Goerenzizts
802 1672 900 1704 verba
924 1676 1000 1705 nihil

237 1714 325 1743 aliud
347 1712 511 1743 immerito
535 1714 686 1745 cancellis
709 1716 870 1754 coe'rcuit3
902 1720 1001 1750 Moser

236 1756 347 1787 attulit
360 1758 511 1788 Lactant.
526 1758 612 1800 Epit.
627 1760 703 1790 [nst.
716 1758 755 1792 41
771 1772 777 1790 τ
804 1761 889 1792 Nam
902 1762 999 1793 deum

236 1812 347 1831 verum
360 1801 477 1839 colere,
502 1801 536 1832 id
560 1809 618 1839 est,
641 1813 695 1835 nec
715 1806 802 1836 aliud
824 1811 1000 1847 quicquam,

234 1845 405 1887 sapientia.
453 1846 518 1877 Sed
545 1847 672 1887 fateor,
699 1849 783 1880 male
808 1862 859 1882 me
879 1851 1001 1883 habere

234 1889 291 1920 illa
311 1900 364 1922 nec
377 1893 543 1930 quicquam
556 1894 655 1923 aliud.
691 1893 788 1933 Quid,
809 1895 835 1926 si
855 1895 998 1938 legatur:

234 1945 308 1966 num
332 1937 406 1974 quid
431 1938 519 1967 aliud
543 1940 604 1975 est,
638 1948 732 1976 quam
756 1943 835 1971 mori
856 1943 999 1972 discere?

237 1980 328 2017 Quae
362 1979 461 2010 verba
496 1980 592 2021 plane
622 1983 827 2023 respondent
853 1986 998 2017 Graecis.

236 2022 300 2053 Alii
319 2023 397 2054 alias
428 2024 630 2056 coniecturas
656 2027 873 2068 protulerunt.
900 2031 937 2060 V.
956 2031 994 2061 V.

237 2068 307 2097 Ser.
341 2068 389 2098 De
410 2069 610 2109 transposito
636 2081 729 2109 quam
752 2084 782 2103 v.
810 2075 997 2114 wesenberg.

239 2112 307 2143 Em.
333 2112 357 2142 I.
384 2114 473 2153 p.20
487 2124 546 2155 sqq
568 2138 575 2151 ,
602 2114 656 2144 ubi
681 2115 802 2147 multae
827 2117 858 2147 in
879 2119 996 2149 arche—

236 2161 316 2198 typo
337 2156 610 2198 transpositiones
633 2169 940 2194 commemorantur.

304 2201 492 2243 mihicrede]
516 2202 668 2234 Formula
682 2206 898 2244 asseverandi‚
924 2206 998 2248 ἐμοὶ

234 2245 345 2286 πιὲοὖ,
367 2246 465 2278 πιῧοῦ
488 2258 553 2288 μοι.
588 2247 798 2281 observanda
820 2258 868 2281 est
889 2258 998 2283 autem

234 2289 316 2320 haec
341 2290 516 2321 verborum
542 2291 735 2332 collocatio,
773 2306 869 2337 qnam
894 2296 994 2327 firmi-

233 2340 283 2365 ter
310 2334 425 2365 Cicero
450 2335 575 2374 tenuit,
615 2344 650 2368 ut
683 2339 861 2371 evitaretur
894 2341 996 2372 exitus

235 2379 430 2420 pentametri
454 2382 540 2412 crede
564 2384 648 2414 mihi.
699 2384 748 2416 Cf.
780 2383 868 2417 infra
895 2397 921 2416 e.
941 2384 994 2425 45,

237 2424 310 2455 103.
339 2425 376 2454 11.
402 2422 433 2461 4,
459 2426 508 2456 10.
546 2426 616 2457 Fin.
643 2429 681 2465 lt,
703 2428 757 2459 54.
784 2430 821 2465 V,
844 2430 897 2462 31).
936 2431 995 2461 Di-

235 2467 299 2497 vin.
328 2469 375 2505 11,
406 2468 452 2500 10.
502 2471 540 2500 V.
573 2473 665 2502 Beier.
703 2472 744 2503 ad
771 2474 833 2505 Off.
859 2475 914 2506 ΙΙΙ.
946 2475 993 2513 19,

236 2511 288 2544 ΤΞ).
326 2523 357 2553 p.
386 2512 462 2544 32³..
524 2515 574 2545 Cf.
610 2518 794 2550 Ramshorn.
831 2519 892 2550 Lat
937 2520 993 2551 Gr.

236 2555 398 2597 §.1922
432 2559 567 2589 Kiilmer.
593 2561 649 2590 Gr.
665 2562 703 2592 L.
727 2562 844 2603 §.166
867 2565 945 2595 Not.
961 2564 992 2597 9.

235 2599 296 2631 Alii
318 2600 494 2642 scriptores
515 2603 613 2634 etiarn
633 2608 719 2637 crede
735 2609 809 2639 mihi
830 2608 993 2647 (licebant,

236 2644 324 2687 quod
345 2656 396 2686 ap.
417 2645 606 2678 Ciceronem
629 2661 692 2680 non
718 2650 845 2693 legitur,
873 2654 931 2685 nisi
952 2655 993 2685 ad

235 2693 304 2720 Att.
328 2690 382 2720 VI.
417 2700 468 2731 ep.
490 2690 521 2722 o.
555 2694 643 2723 VIII.
678 2705 727 2735 cp.
758 2699 806 2727 14.
855 2701 994 2731 Klolzius

232 2733 297 2765 hoc
331 2735 418 2766 crede
451 2737 525 2766 milli
556 2737 658 2779 magis
694 2740 874 2779 1'arniliure3
912 2743 993 2774 illud

233 2780 309 2809 mihi
328 2780 414 2810 crede
437 2780 537 2821 magis
560 2781 758 2814 rhetoricum
781 2796 848 2815 csse
871 2795 991 2820 censet.

233 2823 317 2853 Fuse
338 2822 379 2854 de
401 2823 449 2854 his
474 2825 621 2856 formulis
641 2826 707 2867 agit
727 2831 774 2859 Fr.
791 2832 846 2862 Ed.
864 2833 990 2864 Roschi-

229 2869 298 2907 9ius
329 2866 370 2899 de
394 2868 612 2902 Antibarbaro
646 2871 686 2902 ab
724 2874 746 2905 Ι.
770 2873 823 2905 Ph.
847 2875 989 2909 Krebsio

232 2911 331 2943 edito.
367 2913 526 2946 ZwickaV.
553 2915 646 2948 1837.
673 2926 704 2958 p.
723 2916 765 2949 ’27
779 2928 849 2960 sqq.

239 1202 319 1231 mori
342 1200 500 1242 praesert.

1106 1278 1169 1307 Hoc
1195 1281 1239 1317 et,
1275 1280 1349 1310 dum
1374 1282 1488 1312 erimus
1511 1300 1572 1322 —-,
1605 1286 1725 1324 simile,
1759 1287 1800 1327 et]

1038 1320 1083 1349 Ut
1117 1332 1302 1361 pronomen
1335 1326 1408 1363 hoc,
1449 1325 1481 1356 :iu
1520 1338 1584 1368 quo
1620 1329 1803 1361 sententiae

1038 1365 1166 1405 pondus
1192 1366 1336 1407 positum
1362 1375 1430 1407 est,
1459 1370 1583 1402 maiore
1608 1372 1638 1403 vi
1664 1373 1802 1405 efferre-

1036 1414 1107 1446 tur,
1148 1410 1235 1451 prius
1270 1415 1295 1442 ei
1328 1412 1501 1445 traiectum
1528 1423 1576 1446 est
1601 1423 1633 1447 et
1658 1417 1799 1449 demon—

1036 1452 1174 1485 strativo
1197 1455 1244 1486 illi
1267 1458 1497 1498 postpositum.
1536 1461 1606 1492 Alia
1629 1462 1802 1494 traiectio—

1037 1497 1085 1528 nis
1111 1499 1195 1530 ratio
1228 1507 1277 1531 est
1313 1502 1399 1532 infra
1425 1504 1478 1534 IV.
1506 1503 1562 1541 14,
1588 1505 1650 1537 52:
1686 1506 1733 1538 sic
1753 1507 1800 1539 illi

1035 1542 1066 1573 in
1092 1544 1241 1575 morbum
1266 1549 1292 1576 ei
1324 1546 1474 1578 incidunt
1507 1549 1649 1588 tardius,
1687 1555 1713 1582 et
1745 1564 1800 1583 re-

1036 1594 1187 1619 creantur
1223 1589 1332 1621 ocius:
1373 1591 1427 1622 ubi
1461 1593 1560 1625 verba
1598 1597 1628 1625 iu
1661 1599 1801 1628 morbum

1034 1633 1213 1673 praemissa
1237 1642 1330 1672 snut,
1369 1637 1443 1678 qnia
1470 1638 1522 1668 uni
1548 1638 1674 1671 notioni
1702 1644 1800 1673 morbi

1033 1688 1098 1707 nou
1125 1678 1230 1709 solum
1255 1680 1389 1711 verbum
1414 1684 1573 1722 incidunt,
1608 1684 1665 1715 sed
1698 1685 1797 1717 etiam

1033 1726 1208 1754 recreantur
1243 1724 1423 1756 subiectum
1460 1733 1518 1758 est.
1568 1729 1606 1759 V.
1637 1731 1796 1769 Wopkens.

1035 1765 1142 1797 Lectt.
1164 1767 1250 1798 Tull.
1276 1771 1297 1806 1,
1321 1769 1350 1802 Τ.
1380 1770 1488 1812 ibique
1510 1774 1669 1805 Handium
1695 1786 1725 1816 p.
1743 1774 1797 1808 46.

1103 1814 1155 1850 qui
1181 1814 1209 1842 in
1229 1816 1425 1853 compedibus
1448 1820 1584 1855 corporis
1608 1819 1686 1861 eto]
1715 1821 1798 1851 Men-

1035 1856 1104 1886 liius
1123 1855 1154 1886 in
1177 1856 1332 1889 Observv.
1356 1858 1442 1890 ined.
1469 1872 1574 1903 comp.
1598 1862 1798 1895 simillimum

1035 1898 1142 1930 locum
1166 1901 1329 1934 Plutarch.
1352 1903 1391 1934 de
1416 1904 1507 1936 educ.
1532 1917 1622 1947 puer.
1648 1907 1715 1945 IX,
1748 1908 1796 1941 17.

1034 1954 1065 1985 p.
1083 1942 1113 1975 6.
1138 1946 1180 1975 E:
1219 1942 1328 1988 ὥςπερ
1355 1948 1383 1980 0'1.
1415 1947 1512 1981 πολὺν
1547 1949 1659 1993 χρόνον
1683 1952 1796 1985 &35¹³-

1033 1999 1106 2026 τες,
1131 1984 1192 2022 >ccliv
1218 1991 1345 2024 λυξεῖεν
1370 1988 1527 2035 ὕστερον,
1565 1992 1627 2028 ὑπὸ
1653 1997 1716 2039 τῆς
1739 2009 1795 2030 7:0-

1033 2034 1198 2075 λυχρονίου
1223 2038 1288 2068 τῶν
1314 2038 1448 2079 δεσμῶν
1475 2040 1654 2080 συνηὲείας
1678 2037 1715 2074 ου’
1739 2044 1795 2075 δυ-

1031 2075 1162 2118 νάμενοι
1188 2080 1354 2121 βαδίζειν,
1382 2080 1661 2123 ὁποσκελίζενται.

1100 2124 1166 2160 Quo
1186 2134 1278 2163 quum
1297 2130 1469 2158 venerimus
1488 2147 1531 2151 —
1552 2132 1616 2160 vila
1635 2140 1717 2162 mors
1736 2133 1791 2173 est]

1035 2166 1190 2197 Geminus
1222 2168 1313 2199 locus
1346 2170 1466 2211 legitur
1500 2172 1531 2202 in
1558 2175 1692 2206 Somnio
1720 2177 1793 2207 Sci-

1033 2210 1120 2252 pion.
1148 2211 1188 2241 de
1211 2212 1290 2255 Rep.
1316 2215 1371 2244 Vl.
1397 2213 1453 2246 14:
1480 2217 1584 2248 Immo
1605 2230 1683 2250 vero
1707 2219 1729 2250 ii
1751 2239 1793 2244 -

1035 2255 1167 2294 vivunt,
1205 2257 1259 2298 qni
1285 2269 1322 2288 ex
1354 2270 1529 2300 corporum
1555 2261 1690 2294 vinculis
1715 2271 1792 2295 tan—

1034 2310 1129 2340 quam
1145 2312 1161 2329 c
1179 2313 1309 2333 carcere
1327 2303 1557 2341 evolaverunt3
1583 2314 1691 2338 vestra
1713 2320 1791 2340 vero

1034 2355 1114 2386 quae
1135 2345 1255 2377 dicitur
1278 2347 1353 2385 vita,
1380 2360 1466 2379 mors
1489 2356 1554 2380 est:
1581 2350 1635 2382 ubi
1658 2353 1790 2385 efiMai.

1031 2399 1062 2430 p.
1080 2388 1156 2421 319.
1207 2391 1299 2422 Adde
1327 2395 1487 2425 Davisium
1511 2394 1552 2425 ad
1577 2395 1610 2426 h.
1634 2396 1655 2427 l.

1100 2436 1127 2477 ᾗ.
1143 2434 1194 2467 76.
1230 2438 1285 2467 has
1307 2438 1367 2480 res]
1394 2438 1576 2477 Δεικτικῶς
1600 2452 1787 2483 expressum

1030 2489 1109 2519 pro:
1138 2491 1187 2510 res
1209 2480 1240 2511 in
1261 2481 1310 2511 his
1330 2483 1436 2520 terris,
1459 2484 1544 2514 hauc
1563 2484 1673 2517 vitam.
1705 2488 1790 2519 Men-

1030 2524 1099 2554 kius
1123 2523 1142 2555 l.
1167 2523 1197 2557 d.
1225 2537 1330 2568 comp.
1358 2527 1414 2557 Gr.
1440 2526 1482 2560 τὰ
1506 2527 1634 2563 efficies.

1107 2572 1133 2599 et
1163 2572 1226 2600 sive
1260 2574 1461 2610 retractabis,
1497 2575 1559 2604 sire
1592 2575 1787 2618 properabis]

1030 2613 1199 2645 Sententia
1227 2614 1342 2645 horum
1368 2616 1542 2647 verborum
1566 2617 1694 2648 videtur
1717 2631 1787 2650 esse

1029 2656 1126 2688 haec:
1153 2658 1220 2689 sive
1241 2658 1360 2689 invitus
1380 2660 1441 2691 hac
1460 2660 1526 2691 vita
1548 2661 1696 2702 excedes,
1719 2663 1786 2694 sive

1029 2708 1156 2744 tempus
1181 2703 1293 2734 mortis
1318 2704 1434 2745 cupide
1465 2706 1678 2747 exspectabis,
1726 2710 1784 2740 Re-

1028 2750 1161 2779 iraclare
1181 2755 1230 2778 est
1248 2759 1408 2786 recusare,
1434 2750 1651 2791 tergiversari.
1700 2753 1787 2783 [nfra

1029 2792 1066 2822 V.
1091 2792 1152 2830 ΖΞ),
1177 2794 1238 2824 ὅῖῑ
1274 2792 1343 2823 sine
1367 2797 1580 2825 retractatione
1604 2795 1707 2827 libere
1733 2796 1785 2828 di—

1027 2847 1112 2866 cere.
1164 2837 1200 2866 V.
1230 2838 1360 2868 Ernestii
1395 2838 1484 2871 (Πᾶν.
1513 2839 1660 2871 Ciceron.
1694 2841 1725 2874 h.
1756 2853 1784 2873 ν.

1026 2886 1058 2911 et
1083 2883 1240 2912 Forcellini
1258 2881 1355 2913 Thes.
1375 2882 1484 2914 Latin.
1506 2882 1537 2915 h.
1558 2896 1587 2915 v.
1625 2887 1660 2916 Iu
1682 2885 1783 2917 verbo

1022 2927 1211 2964 properandi
1231 2925 1314 2957 inest
1334 2926 1428 2958 notio
1448 2929 1636 2971 expetendi,
1659 2941 1783 2962 concu—

1584 3018 1599 3028 s
