1832 3137
1502 62 1571 103 111

827 150 930 205 Quid
959 152 1060 192 enim
1075 153 1092 191 ⁴?
1133 152 1298 192 obsecro
1322 159 1387 202 te,
1422 158 1578 191 terrane

11 225 86 266 sihi
111 226 218 266 hoc²
243 225 431 266 nebuloso
456 232 496 265 et
517 225 730 277 caliginoso
758 226 867 265 caclo
893 232 960 266 aut
982 232 1092 276 sata,
1127 232 1193 265 aut
1220 231 1403 265 concreta
1425 224 1581 265 videtur

19 305 126 339 tanta
149 299 209 339 vis
241 299 483 339 memoriae?

607 74 772 106 LIBER
799 77 822 106 l.
851 73 916 113 25,
941 73 995 107 61.

9 167 124 203 anus,
159 165 245 192 cum
269 152 438 192 iurarem
461 165 549 193 esse
576 152 763 193 (livinum.

543 297 609 350 Si,
654 298 742 352 quid
769 298 942 348 sithoc,
984 313 1060 338 non
1088 299 1219 349 vides,
1266 306 1332 350 at,
1377 298 1488 352 quale
1512 298 1577 349 sit,

18 372 154 422 vides,
188 372 220 412 si
244 385 292 412 ne
316 371 352 412 id
375 371 526 426 quidem
544 403 554 422 ,
589 379 650 421 at,
684 378 868 425 quantum
888 371 954 421 sit,
990 373 1164 425 profecto
1186 370 1310 413 vides.
1373 377 1443 412 61.
1478 369 1582 424 Quid

18 445 161 499 igitur?
192 452 317 485 utrum
347 445 598 499 capacitatem
627 444 791 497 aliquam
820 444 857 483 in
887 444 1015 483 animo
1038 452 1215 498 putamus
1232 458 1336 495 esse,
1370 458 1462 498 quo,
1498 451 1582 485 tan-

11 532 132 572 »quam
159 517 194 558 in
217 518 370 572 aliquod
393 532 476 568 vas,
511 531 573 567 ca,
607 531 704 571 quae
725 516 986 567 meminimus,
1020 517 1297 558 infundantur?
1355 518 1582 558 Absurdum

20 591 57 631 id
80 592 248 645 quidem.
312 589 388 644 Qui
425 592 527 631 enim
561 591 721 640 fundus,
767 597 831 630 aut
865 603 963 643 quae
997 590 1083 629 talis
1115 590 1233 630 animi
1270 591 1390 644 figura
1419 591 1583 645 intelligi

13 666 177 720 potest?
207 671 272 704 aut
295 678 392 717 quae
413 671 519 704 tanta
542 664 700 704 omnino
719 662 941 717 capacitas?
1000 662 1062 703 An
1085 662 1269 717 imprimi,
1304 664 1413 717 quasi
1433 677 1580 714 ceram,

21 738 187 778 animum
222 744 422 791 putamus,
467 743 506 777 et
537 750 625 777 esse
658 735 883 776 memoriam
904 739 920 762 3
955 735 1193 789 signatarum
1231 750 1362 776 rerum
1388 737 1426 776 in
1453 744 1582 776 mente

22 810 216 864 vestigia?
260 809 370 864 Quae
391 818 551 865 possunt
568 810 794 859 verborum,
829 823 926 863 quae
947 824 1076 849 rerum
1097 809 1266 863 ipsarum
1286 822 1374 849 esse
1390 809 1585 863 vestigia?

13 898 118 939 quae
135 899 257 939 porro
283 891 356 924 tam
378 884 570 924 immensa
593 883 817 937 magnitudo
833 915 842 933 ,
878 896 976 937 quae
1001 883 1064 922 illa
1091 889 1167 922 tam
1190 883 1308 922 multa
1331 883 1455 937 possit
1480 884 1586 923 effin-

114 1003 135 1035 2
161 1002 215 1033 Sic
239 1002 278 1033 R.
304 1002 390 1034 Gud.
418 1001 447 1034 1.
474 1004 514 1034 ll.
537 1000 568 1032 2.
597 1002 723 1044 Grypli.
747 1001 865 1044 aliique
890 1007 924 1033 et
949 1000 1000 1033 ed.
1025 1008 1091 1033 vet.
1115 1002 1176 1039 H.;
1203 1003 1257 1033 Or.
1280 1013 1306 1034 e.
1327 1000 1414 1044 vulg.
1437 1002 1492 1033 tibi
1516 1006 1587 1033 aut

25 1050 80 1080 hoc
105 1058 134 1079 n.
182 1048 220 1078 V.
244 1047 327 1079 Adn.
352 1046 393 1078 ad
419 1046 544 1085 111.16‚
568 1045 631 1078 34:
658 1047 803 1077 adversis
829 1046 966 1078 casibus.
1014 1044 1035 1077 ὃ
1060 1045 1114 1077 Sic
1137 1045 1277 1078 R.Gud.
1295 1044 1323 1077 1.
1350 1048 1388 1079 ΙΙ.
1411 1045 1443 1078 2.
1467 1046 1588 1089 aliique

25 1091 181 1136 permulti
207 1091 306 1123 codd.
333 1098 366 1123 et
391 1091 443 1122 ed.
470 1099 534 1123 vet.
560 1092 624 1129 H.;
650 1094 703 1122 Or.
731 1103 756 1122 c.
782 1091 868 1133 vulg.
894 1095 919 1123 et
944 1101 1070 1122 memor.
1097 1101 1170 1122 esse.

26 1172 102 1203 dam
126 1169 172 1201 vis
197 1170 228 1201 in
255 1170 300 1201 cis
325 1169 432 1213 posita
461 1176 529 1209 est,
566 1167 598 1201 in
634 1176 786 1201 constru-

28 1216 137 1248 ctione.
172 1226 255 1257 quae
290 1214 410 1247 dicitur
442 1214 618 1246 accusativi
655 1226 681 1247 c.
715 1214 787 1253 inf„

27 1272 125 1304 saepe
149 1259 266 1291 omissa
288 1271 376 1299 esse,
402 1259 434 1290 in
454 1259 567 1301 vulgus
590 1265 705 1290 notum
730 1266 788 1290 est.

26 1307 65 1337 V.
93 1306 277 1337 Ramsltorn.
303 1306 375 1336 Lat.
402 1305 459 1335 Gr.
485 1306 514 1345 ᾖ.
540 1301 609 1336 168.
637 1305 716 1335 Not.
737 1303 787 1335 10.

26 1352 163 1382 Kithner.
188 1350 225 1380 L.
252 1350 309 1380 Gr.
334 1352 361 1392 ᾗ.
382 1347 454 1380 128.
480 1346 595 1380 Non-'l
645 1350 789 1381 Ochsner.

26 1394 49 1426 l.
73 1394 106 1426 d.
139 1405 167 1436 p.
191 1393 244 1425 50.
295 1396 425 1434 Kriiyer.
452 1395 488 1425 D.
515 1397 656 1425 Atti-act.
688 1394 722 1424 iu
757 1392 789 1425 d.

26 1440 101 1472 Lat.
118 1441 190 1481 Spr.
214 1451 244 1481 p.
262 1437 328 1470 337
344 1450 415 1481 sqq.
450 1441 590 1479 Madvig).
613 1439 654 1470 ad
668 1438 791 1470 Fin.V.

28 1484 80 1523 11,
101 1483 155 1516 31.
180 1495 201 1526 p
227 1481 294 1515 669
307 1495 355 1526 sq.
396 1485 537 1515 Wunder.
564 1484 605 1514 ad
628 1483 791 1515 Plancian.

26 1541 58 1572 p.
76 1526 147 1561 166.
183 1531 283 1561 Ollon.
300 1529 341 1560 ad
358 1528 427 1559 Fiu.
449 1530 487 1559 ll.
509 1527 564 1565 27,
580 1528 634 1560 ὃὸ.
657 1540 688 1571 p.
706 1525 790 1565 164„

28 1581 80 1613 et,
111 1573 166 1617 qui
190 1574 282 1604 huius
308 1573 491 1604 omissionis
519 1573 647 1605 diversa
670 1584 791 1615 genera

27 1626 181 1651 accurate
210 1618 376 1656 distinxit,
413 1620 518 1650 Hand.
541 1618 583 1650 ad
606 1618 790 1661 Wopkens.

28 1665 136 1696 Lectt.
161 1663 249 1695 Tull.
283 1675 315 1706 p.
341 1663 392 1695 13.
450 1667 478 1695 A
515 1663 674 1695 Cicerone
708 1663 791 1694 haec

26 1709 256 1752 pronominum
282 1707 414 1740 omissio
439 1719 505 1739 non
528 1708 626 1740 facile
651 1708 790 1739 admissa

28 1755 179 1791 videtur,
216 1753 277 1785 nisi
312 1753 366 1785 ubi
400 1752 579 1784 infinitivus
616 1753 741 1795 pendet
773 1764 792 1784 a

30 1799 137 1832 verbis
159 1801 301 1838 dicendi,
324 1801 460 1839 fatendi,
485 1800 704 1837 existimandi,
727 1800 793 1837 opi-

29 1846 149 1883 nandi,
172 1846 328 1884 negandi,
353 1843 520 1876 similibus.
566 1844 654 1874 Infra
679 1844 716 1873 ll.
742 1840 792 1880 17,

29 1888 90 1922 40:
129 1890 240 1920 Iovem
262 1888 469 1930 Olympium.
496 1899 567 1919 eum
590 1887 717 1930 ipsum,
745 1886 794 1917 cui

29 1946 64 1967 se
84 1933 269 1969 exercebit,
295 1932 502 1974 implorabit,
529 1934 607 1971 ferre
628 1942 686 1963 non
707 1941 796 1971 posse

30 1981 197 2011 clamabit.-
232 1977 286 2007 ubi
317 1984 424 2008 tamen
448 1976 590 2008 wolfius
611 1976 690 2008 satis
712 1987 794 2018 pro-

32 2023 186 2054 babiliter
220 2021 378 2053 correxit:
418 2032 479 2053 non
508 2031 596 2061 posse
628 2031 668 2053 se.
722 2022 797 2052 Hoc

33 2067 164 2111 quidem
190 2066 263 2098 loco
289 2065 491 2109 pronominis
515 2076 564 2098 ‘me
588 2066 722 2098 omissio
756 2078 795 2097 eo

33 2112 138 2144 minus
164 2118 274 2154 potest
299 2111 487 2150 offendere,
513 2111 603 2154 quod
626 2111 795 2154 praecedit

33 2167 81 2189 me
102 2158 207 2196 pudet.
263 2157 388 2187 Locum
413 2163 528 2188 nostro
552 2157 715 2199 geminum
741 2163 793 2187 ut-

33 2201 110 2233 tulit
132 2203 248 2233 Moser:
286 2202 325 2232 N.
352 2202 389 2234 D.
414 2202 435 2233 1.
460 2199 524 2239 39,
553 2199 634 2233 109:
668 2203 797 2241 puderet

35 2256 82 2277 me
104 2246 213 2277 ‹licei-e
236 2257 300 2277 non
321 2248 487 2286 inlelligere
513 2248 569 2287 (sc.
592 2247 664 2285 me),
690 2247 715 2277 si
737 2257 796 2277 vos

36 2290 98 2331 ipsi
122 2289 359 2330 intelligeretis.
408 2293 443 2321 ln
468 2290 538 2321 aliis
564 2291 721 2333 exemplis
742 2291 797 2321 in-

39 2333 181 2364 linitivus
205 2345 276 2364 cum
301 2333 401 2364 verbo
431 2334 624 2376 simpliciter
657 2335 798 2367 coniun-

38 2377 136 2420 gitur,
158 2384 192 2407 ut
218 2388 399 2419 pronomen
423 2388 487 2408 non
509 2379 700 2420 requiratur,
727 2379 796 2410 vel—

39 2421 87 2453 uti
111 2428 187 2464 post
213 2421 310 2452 verba
333 2423 492 2460 sperandi,
517 2424 713 2463 desperandi,
739 2426 800 2464 dis-

35 2467 174 2507 fidendi,
199 2465 271 2497 alia.
322 2465 421 2497 Acad.
446 2467 482 2497 ll.
507 2465 570 2504 20,
595 2465 656 2499 64:
691 2468 721 2499 ei
745 2480 800 2500 re-

38 2510 201 2554 spondere
226 2521 323 2552 posse
347 2510 545 2541 diffiderem.

107 2558 171 2588 sive
193 2558 322 2594 anima,
345 2558 408 2586 sive
433 2558 512 2595 ignis
535 2555 587 2597 sil]
623 2556 803 2588 particulae

39 2603 102 2632 sive
125 2619 164 2624 —-
192 2603 275 2639 sive,
312 2611 395 2642 quae
421 2611 492 2631 curn
517 2600 697 2631 indicativo
726 2601 800 2632 iun-

41 2651 180 2687 guntur,
212 2645 243 2676 h.
267 2644 286 2676 Ι.
312 2645 353 2675 ob
375 2645 602 2676 coniunctivos
625 2655 745 2684 possem
771 2651 803 2675 et

40 2691 178 2721 iurarem
197 2700 269 2721 cum
291 2689 501 2721 coniunctivo
523 2690 695 2731 copulatae
715 2695 800 2719 sunt.

43 2734 100 2764 lll.
119 2731 150 2772 6,
170 2733 226 2765 12.·
252 2745 364 2765 seusus
384 2735 477 2773 adsit,
498 2736 561 2766 sive
580 2738 696 2766 secetur
714 2732 803 2775 quid,

43 2779 106 2809 sive
127 2781 280 2810 avellatur
300 2790 317 2810 a
343 2789 492 2820 corpore.
535 2779 589 2809 Sic
613 2778 655 2809 ob
679 2778 803 2809 oratio-

44 2832 118 2852 nem
139 2822 303 2865 obliquam
340 2825 361 2855 Ι.
388 2821 439 2862 17,
464 2820 518 2854 40.
554 2823 610 2860 43,
638 2821 709 2854 104.
749 2824 804 2856 Ill.

46 2865 98 2904 15,
113 2864 166 2898 32.
199 2868 237 2899 V.
253 2879 312 2899 nos
327 2866 359 2899 in
377 2869 435 2899 Gr.
453 2868 491 2899 L.
515 2869 542 2909 ξ.
561 2867 633 2899 15-1.
655 2868 734 2899 Not.
749 2866 803 2899 20.

44 2916 77 2941 et
106 2911 135 2953 ᾗ.
156 2910 255 2952 1401),
279 2912 312 2954 b)
339 2912 381 2955 c).
430 2916 472 2944 At
504 2924 564 2955 pro
595 2915 635 2944 sic
662 2911 695 2943 h.
716 2912 736 2943 l.
761 2912 804 2944 ob

822 1169 1019 1211 imperfecta
1053 1179 1175 1208 possem
1211 1174 1245 1200 et
1278 1171 1416 1201 iurarem
1454 1180 1492 1200 ex
1531 1169 1587 1207 eis,

824 1226 906 1256 quae
927 1225 1024 1256 supra
1046 1213 1088 1244 ad
1111 1226 1138 1245 c.
1155 1213 1186 1253 5,
1201 1213 1239 1246 9:
1265 1216 1375 1254 quibus
1395 1216 1590 1246 moriendum

825 1263 932 1291 esset
957 1258 1175 1301 exposuimus,
1201 1265 1371 1301 exspectes
1393 1263 1489 1299 esset,·
1514 1270 1590 1290 nam

825 1303 1008 1335 enuntiatio
1045 1306 1133 1343 „sive
1167 1306 1299 1343 anima,
1337 1306 1400 1335 sive
1436 1307 1517 1344 ignis
1551 1306 1590 1336 sit

825 1351 974 1380 animusf‘
1019 1354 1109 1379 arcte
1146 1348 1302 1380 cohaeret
1337 1359 1409 1379 cum
1447 1348 1589 1391 periodo

827 1393 1052 1425 conditionali.
1111 1396 1154 1424 At
1188 1404 1422 1435 nonnunquam
1456 1393 1591 1425 deflexit

828 1439 943 1470 Cicero
969 1439 1008 1469 ab
1033 1438 1088 1469 illa
1109 1438 1232 1480 regula.
1279 1438 1349 1468 Fin.
1376 1439 1398 1469 Ι.
1424 1436 1457 1476 7,
1477 1436 1539 1469 25:
1564 1440 1591 1470 si

825 1485 1056 1523 concederetur,
1093 1483 1191 1514 etiam
1225 1485 1252 1514 si
1280 1483 1323 1514 ad
1359 1494 1477 1526 corpus
1510 1483 1592 1514 nihil

823 1531 995 1569 reseratur,
1021 1528 1083 1560 ista
1104 1539 1162 1559 sua
1182 1535 1303 1570 sponte
1324 1534 1358 1559 et
1381 1540 1440 1571 per
1462 1539 1496 1559 se
1521 1539 1592 1560 esse

825 1573 965 1605 iucunda
979 1598 987 1611 ,
1013 1585 1071 1615 per
1091 1584 1125 1604 se
1142 1577 1216 1605 esset.
1238 1579 1271 1604 et
1293 1573 1394 1604 virtus
1418 1579 1451 1604 et
1473 1573 1591 1616 cogni-

824 1619 874 1649 tio
895 1630 1001 1650 rerum
1021 1636 1065 1642 —
1086 1618 1290 1660 expetenda:
1316 1617 1370 1649 ubi
1392 1630 1421 1650 v.
1437 1620 1591 1659 Madvig„

825 1664 879 1706 qui
901 1663 1012 1695 addit:
1047 1663 1210 1700 „Videtur
1229 1663 1335 1705 ipsam
1358 1674 1428 1695 rem
1453 1670 1593 1695 contro-

825 1720 953 1740 versam
986 1708 1165 1739 universius
1196 1707 1305 1751 eloqui
1337 1708 1433 1740 velle.
1483 1709 1525 1740 N.
1552 1709 1592 1740 D.

826 1755 868 1784 Il.
897 1753 932 1791 1,
957 1752 998 1785 2:
1032 1756 1158 1784 mallem
1178 1752 1290 1783 audire
1315 1753 1468 1790 Cottam,
1503 1753 1592 1792 dum,

829 1810 892 1840 qua
918 1798 1104 1840 eloquentia
1129 1797 1228 1828 falsos
1251 1797 1331 1829 deos
1355 1798 1506 1837 sustulit,
1532 1809 1592 1829 ea-

830 1844 905 1873 dem
929 1854 1025 1873 veros
1050 1845 1189 1874 inducat.

899 1888 927 1929 (5.
950 1885 1004 1918 61.
1051 1889 1222 1918 absurdum
1247 1888 1281 1918 id
1313 1888 1451 1929 quidem]
1488 1888 1594 1930 Supra

832 1943 858 1963 c.
874 1931 914 1970 ὅ,
943 1931 1002 1965 17:
1034 1932 1210 1975 superbum
1233 1931 1266 1962 id
1288 1932 1420 1974 quidem
1442 1938 1502 1964 est.
1548 1932 1592 1964 N.

834 1978 872 2008 D.
897 1978 945 2012 11,
970 1976 1032 2008 53:
1058 1980 1102 2008 At
1125 1976 1158 2007 id
1181 1976 1312 2019 quidem
1335 1977 1513 2008 absurdum
1533 1983 1594 2011 est.

833 2023 889 2058 Ill,
915 2020 973 2054 17:
999 2024 1042 2053 At
1060 2021 1094 2053 id
1118 2021 1250 2064 quidem
1271 2021 1521 2064 repudiandum.
1553 2023 1593 2053 V.

832 2069 976 2099 Ochsner.
999 2066 1020 2098 l.
1044 2066 1077 2098 d.
1104 2073 1136 2097 et
1161 2066 1330 2098 Adnotata
1362 2073 1475 2099 nostra
1496 2066 1531 2098 in
1553 2067 1593 2100 11.

834 2111 894 2151 13,
919 2111 982 2143 30:
1011 2113 1133 2154 Optare
1157 2113 1212 2143 hoc
1235 2114 1359 2151 quidem
1384 2117 1445 2144 est.

896 2159 1046 2196 imprimi,
1069 2159 1160 2197 quasi
1177 2166 1290 2196 ceram,
1315 2158 1471 2198 animum]
1498 2159 1598 2189 Moser

832 2208 1001 2244 comparat
1021 2201 1063 2232 ad
1082 2202 1169 2232 Fam.
1186 2202 1225 2233 V.
1247 2200 1301 2238 20,
1323 2201 1362 2232 5:
1391 2203 1477 2240 Quae
1497 2212 1597 2243 quum

832 2246 978 2277 viderem
1002 2250 1043 2277 tot
1061 2248 1198 2286 vestigiis
1216 2248 1379 2284 impressa,
1404 2255 1464 2287 pro
1486 2248 1597 2284 quibus

833 2295 874 2322 tot
889 2294 1020 2331 vesliyia
1036 2293 1197 2330 impressa.
1230 2289 1325 2320 Adde
1340 2288 1422 2320 Phil.
1434 2288 1468 2327 2,
1489 2301 1518 2320 c.
1533 2287 1594 2321 24:

834 2336 949 2367 horum
971 2334 1169 2376 flagitiorum
1198 2333 1259 2364 iste
1283 2333 1473 2375 (Antonius)
1505 2337 1597 2366 vesli-

834 2383 893 2420 9iis
917 2382 1023 2411 omnia
1044 2379 1215 2416 municipia
1230 2402 1238 2417 ,
1263 2379 1493 2418 praefecturas,
1517 2381 1598 2410 colo-

834 2427 927 2462 nias,
971 2427 1066 2454 totam
1100 2422 1242 2464 deniqne
1276 2424 1401 2456 Italiam
1432 2426 1597 2469 impressit.

836 2467 1056 2509 Frequentior
1088 2473 1138 2497 est
1170 2466 1257 2508 apud
1290 2466 1482 2499 Ciceronem
1517 2468 1598 2500 haec

836 2518 1000 2542 structura
1032 2511 1064 2541 iu
1095 2511 1197 2542 verbo
1224 2513 1370 2551 inscribi,
1406 2512 1453 2544 uti
1485 2512 1599 2544 docuit

837 2556 924 2587 idem
961 2557 998 2587 V.
1027 2557 1065 2587 Ι).
1103 2566 1210 2598 comp.
1243 2557 1336 2587 verr.
1361 2557 1399 2588 11.
1422 2554 1485 2596 69,
1514 2555 1595 2590 167τ

837 2606 986 2637 statuae,
1016 2609 1095 2640 quas
1117 2607 1151 2631 tu
1175 2603 1302 2633 inscribi
1325 2600 1456 2633 iussisti.

904 2647 1106 2685 ma9nitudo,
1139 2655 1218 2685 quae
1241 2665 1284 2669 —-
1311 2650 1407 2686 possit
1439 2648 1471 2686 ef
1494 2646 1597 2688 nqere]

838 2690 1038 2721 Vocabulum
1059 2692 1202 2730 esfinyere
1221 2698 1408 2733 suspectum
1427 2691 1456 2721 vi
1485 2691 1600 2722 ebatur

839 2736 986 2774 Davisio;
1021 2745 1085 2765 non
1109 2735 1215 2774 enim,
1247 2735 1370 2778 inquit,
1406 2734 1598 2776 magnitudo

840 2789 891 2810 res
917 2779 998 2810 ullas
1021 2779 1169 2822 effingit,
1196 2780 1254 2811 sed
1276 2779 1309 2811 in
1332 2779 1387 2810 illa
1411 2780 1472 2810 hae
1497 2778 1598 2809 effin-

839 2830 979 2866 guntur:
1018 2830 1220 2868 quapropter
1253 2824 1430 2866 legendum
1465 2822 1599 2853 coniicit

838 2870 984 2908 excipere.
1035 2872 1136 2901 lmmo
1169 2868 1249 2900 mihi
1280 2866 1521 2909 elegantissime
1545 2866 1599 2897 di-

841 2919 928 2945 ctum
955 2913 1086 2946 videtur
1116 2916 1270 2954 essinyere.
1321 2911 1481 2943 Memoria
1505 2922 1600 2943 com-
