1863 3221
248 134 329 176 512

292 226 318 257 Ι.
339 221 393 263 40,
414 222 468 257 95.
502 223 591 254 Levis
612 218 718 258 dolor,
743 220 851 250 levitas
871 217 1006 251 doloris.

359 271 364 277 '
455 268 476 292 Η

247 268 525 347 Leffsffi'ssss':
546 308 642 341 ratio.
670 309 723 340 ιν.
747 305 802 348 24,
824 307 879 341 53.

248 362 347 392 Liber.
373 360 396 389 Ι.
418 355 470 394 24,
494 355 546 388 57.

247 406 429 450 Liber-aliie(
463 399 626 438 eruditus,

357 450 377 467 ⁴)

246 451 389 525 Misit—‘uiri
410 447 474 532 tliro
496 489 685 520 liberorum.
710 488 765 519 ΙΙΙ.
787 484 841 523 24,
866 487 919 521 53.

244 541 328 569 Libet
362 546 442 578 pro:
480 534 616 566 libidine
649 533 756 576 aliqua
789 532 916 575 agitari.
949 534 1005 565 IV.

293 590 295 592 .
313 582 322 601 ί
400 579 403 583 ’

244 582 469 658 Εἱοῖεὶὶόἶιέοο.
492 631 524 656 et
545 624 605 657 inf.
631 625 654 655 Ι.
677 623 731 663 33,
755 622 809 656 91.

244 673 384 711 Linguae
409 676 509 701 ortus.
537 672 559 701 1.
580 670 633 706 25,
655 668 708 702 62.

243 717 421 755 Lippitudo.
448 716 503 746 lV.
527 714 581 751 37,
605 714 659 746 31.

247 762 452 810 Liquefacere,
474 761 622 800 liquefieri
642 758 683 790 de
705 757 940 801 voluptatibus.
964 759 1004 791 V.

244 806 456 888 Εἱίῖἑνὲξκὲε,
493 860 575 893 quae
600 849 640 880 de
674 848 781 892 aliqua
812 860 848 880 re
881 848 1004 891 scripta

244 896 677 979 Ligiiiitts.‚Llii'brLCiceroni
707 938 862 970 inusitata
883 937 1003 970 viden-

290 992 352 1016 tur.
380 986 433 1016 lV.
462 985 513 1022 12,
533 985 586 1015 2ὅ.

244 1032 324 1061 Loco
346 1041 405 1071 pro
426 1039 493 1068 suo,
513 1032 585 1068 opio
605 1030 679 1060 loco.
706 1029 747 1058 ΙΙ.
771 1027 821 1065 11,
836 1026 890 1059 26.
925 1029 1005 1060 Loco

291 1074 487 1114 demovere,
513 1073 690 1115 depellere.
715 1073 756 1104 Il.
776 1073 806 1110 5,
831 1069 881 1103 14.

244 1122 443 1159 Locupletum
464 1125 496 1149 et
517 1120 712 1158 locuplelium
742 1116 903 1159 genitivus
928 1117 1005 1160 plu-

289 1164 376 1197 ralis.
400 1165 439 1195 V.
462 1165 517 1201 20,
539 1165 591 1195 53.

244 1212 346 1250 Longe
365 1213 444 1241 reiro
462 1218 584 1249 ponere,
608 1207 707 1250 longe
728 1207 938 1251 posthabere.
966 1209 1005 1240 V.

244 1254 548 1341 Lugii’g'pubiici.
571 1299 611 1330 v.
632 1298 685 1337 35,
711 1298 784 1330 102.

243 1346 361 1376 Lumen
383 1343 576 1375 litterarum.
600 1344 625 1374 Ι.
649 1343 680 1382 3,
703 1344 734 1375 5.

244 1391 411 1428 Lustrare,
434 1389 604 1420 sustinere.
628 1389 668 1419 ΙΙ.
688 1387 719 1426 9,
739 1387 793 1421 92.

245 1435 346 1466 Lusus
373 1436 565 1473 syllabarum
586 1435 725 1465 similiter
745 1436 922 1465 sonantium
946 1432 1003 1464 Ci—

292 1479 417 1510 ceronis
442 1479 603 1521 proprius.
640 1479 663 1510 l.
689 1478 744 1517 30,
767 1478 819 1511 73.
868 1478 907 1510 V.
932 1479 1001 1509 Ser.

288 1526 391 1556 Lusus
410 1522 596 1555 verborum.
620 1523 674 1555 IV.
696 1521 749 1562 31,
775 1521 828 1556 67.

604 1603 645 1634 M.

246 1661 343 1692 Macte
368 1658 499 1691 virtute.
522 1659 546 1689 Ι.
573 1657 623 1696 17,
647 1654 700 1689 40.

245 1707 400 1744 Maerere,
435 1713 557 1735 maeror
588 1709 621 1733 et
652 1704 771 1742 dolere,
806 1703 894 1735 dolor
926 1701 1004 1744 quid

290 1749 454 1780 differant.
490 1750 513 1779 Ι.
538 1747 596 1785 13,
620 1747 674 1780 30.
721 1749 857 1779 Maerere
881 1759 908 1779 e.
934 1759 1001 1779 acc.

291 1801 323 1825 et
346 1794 408 1825 abl.
437 1795 458 1823 l.
482 1791 534 1830 44,
560 1793 632 1824 105.

244 1841 358 1879 Mayno
379 1841 550 1869 aestimare.
577 1838 633 1868 ΙΙΙ.
657 1833 688 1876 4,
708 1835 739 1869 3.

245 1887 359 1924 Μαρηο
380 1893 467 1923 opere
491 1888 523 1913 et
547 1892 740 1922 moynopere.
767 1883 807 1914 V.
829 1881 860 1922 9,
883 1879 936 1915 24.

245 1931 396 1969 Magnum
416 1932 457 1960 est
478 1938 556 1970 pro:
583 1926 717 1958 difficile
734 1933 792 1958 est.
814 1930 839 1959 Ι.
858 1925 911 1967 49,
931 1926 1003 1960 116.

245 1976 399 2006 Maiorum
421 1975 556 2013 yenlium
576 1974 637 2003 Dii.
663 1974 686 2002 Ι.
716 1972 766 2010 13,
789 1971 842 2004 29.

246 2021 339 2050 Malis
361 2020 532 2057 mandare,
556 2017 734 2048 absumere.
758 2018 814 2050 IV.
835 2017 888 2058 36,
913 2018 965 2052 77.

247 2066 379 2094 Malitia.
404 2064 458 2094 IV.
485 2063 534 2099 15,
558 2060 613 2093 34.

247 2110 440 2146 Malitiosus,
466 2106 619 2142 callidus,
644 2106 747 2138 vafer.
772 2108 827 2139 ΙΙΙ.
848 2107 901 2146 21,
924 2108 977 2140 50.

247 2155 339 2184 Malle
373 2164 445 2183 cum
477 2150 616 2193 simplici
647 2152 832 2182 accusativo
857 2153 1001 2183 iunctum

290 2208 351 2239 pro
376 2196 560 2227 accusativo
588 2207 658 2226 cum
682 2195 853 2229 infinitivo.
887 2198 926 2228 V.
946 2198 999 2234 23,

291 2241 344 2275 66.
392 2244 473 2274 Malo
495 2251 555 2272 non
578 2252 683 2282 roges,
709 2243 731 2272 I.
752 2243 782 2279 3,
808 2241 858 2274 17.

245 2289 397 2319 Mandare
417 2297 477 2329 pro
498 2286 683 2317 immittere.
707 2287 746 2318 ll.
766 2285 815 2322 16,
832 2285 887 2319 33.
911 2289 1001 2318 Man-

292 2334 368 2364 dare
387 2334 479 2363 malis
501 2342 560 2373 pro
586 2330 751 2362 mandere.
776 2331 829 2362 IV.
850 2330 904 2371 36,
925 2331 978 2365 77.

245 2377 359 2410 Μανία
380 2376 464 2408 unde
484 2376 667 2407 ducendum
687 2375 739 2407 sit.
765 2377 817 2406 ΙΙΙ.
839 2377 870 2414 5,
897 2376 946 2407 11.

244 2425 367 2455 Manus.
402 2423 437 2453 In
458 2424 600 2453 manibus
620 2423 729 2453 habere
749 2431 822 2452 rem.
846 2421 886 2452 V.
902 2421 932 2460 7,
949 2420 999 2453 13.

247 2469 411 2498 Malurilos
433 2467 580 2508 frugum,
606 2466 786 2508 Zeitigung.
814 2468 836 2496 Ι.
862 2465 925 2505 23,
947 2465 1000 2498 63.

248 2514 333 2542 Meas
352 2512 623 2554 monosyllabum.
650 2512 673 2543 1.
698 2510 750 2548 44,
776 2510 848 2543 106.

249 2558 493 2596 Mediocritates,
524 2556 706 2587 mediocres
730 2562 842 2587 status.
867 2557 923 2587 111.
948 2557 999 2595 10,

289 2602 342 2631 22.

247 2646 437 2677 Mediocriter
458 2647 571 2676 doctus.
597 2647 634 2677 ΙΙ.
656 2645 686 2683 3,
710 2645 740 2679 7.

249 2692 405 2740 Mediialio
423 2696 455 2720 et
474 2691 616 2721 meditari
635 2690 711 2733 quid
729 2691 921 2734 significent.
943 2693 997 2723 Ill.

248 2781 412 2811 Meditatus
434 2777 569 2821 passive.
598 2780 651 2810 ΙΙΙ.
676 2779 724 2817 14,
745 2780 798 2813 30.

249 2825 457 2856 Melancholici
476 2833 576 2854 omnes
593 2825 750 2863 iu9em'osi.
774 2827 798 2857 Ι.
819 2826 872 2866 30,
891 2826 945 2859 80.

248 2872 356 2901 Melius
381 2875 413 2899 et
435 2870 559 2899 lautius.
584 2869 606 2898 Ι.
634 2869 661 2906 1,
685 2868 715 2899 2.

250 2917 358 2946 Melius
381 2923 441 2945 esse
465 2915 580 2953 sactum
610 2923 670 2955 pro
704 2915 939 2948 convalescere.
972 2918 997 2949 1.

294 2957 358 2998 35,5
368 2958 421 2991 36.

251 3006 397 3036 Memoria
418 3003 538 3046 duplici
559 3002 792 3046 significatione
815 3004 946 3038 dictum.
973 3009 998 3039 I.

675 400 809 430 liberalis
843 397 1004 430 doctrina.

699 140 844 172 INDEX
867 139 1023 171 RERUM
1047 140 1105 172 ET
1128 140 1356 175 NOMINUM.

1086 216 1147 258 24,
1170 217 1223 252 59.
1271 220 1442 259 Memoria,
1473 220 1508 252 id
1539 222 1628 265 quod
1664 222 1798 254 alicuius

1084 264 1132 296 rei
1167 263 1357 295 memoriam
1390 273 1573 298 conservat.
1608 269 1647 299 V.
1673 265 1713 308 4,
1742 268 1793 300 11.

1085 311 1233 341 Memoria
1257 316 1289 340 et
1309 311 1491 341 recordatio.
1514 311 1554 342 V.
1574 311 1628 351 31,
1650 313 1705 345 33.

1039 357 1210 394 Mercaius,
1234 351 1428 396 πανήγυρις.
1453 355 1493 386 V.
1516 354 1550 397 3,
1573 354 1605 388 9.

1038 401 1162 432 Merces,
1209 400 1282 431 Sine
1303 401 1459 439 mercede,
1482 399 1705 434 incommodo.
1738 403 1794 434 ΙΙΙ.

1040 490 1222 528 Metaphora
1259 488 1373 520 eadem
1409 489 1472 520 alio
1508 489 1584 522 loco
1619 490 1797 533 aptissima,

1085 534 1149 565 alio
1173 534 1247 566 loco
1272 534 1484 577 ineptissima.
1511 536 1537 566 Ι.
1566 535 1615 573 15,
1639 533 1692 568 34.

1040 582 1249 619 Metonymia,
1290 585 1326 609 ut
1359 583 1518 619 tropaeum
1553 591 1613 622 pro
1647 583 1799 621 victoria5

1086 626 1194 656 odores
1215 635 1276 666 pro
1299 625 1492 664 suffimentis.
1517 625 1540 656 Ι.
1566 624 1620 663 46,
1648 625 1719 657 110.

1041 671 1117 702 Mihi
1139 671 1224 700 crede
1249 675 1282 700 et
1305 671 1391 701 crede
1412 671 1497 701 milii.
1523 670 1547 700 I.
1569 670 1622 708 31,
1645 669 1698 703 75.

1041 717 1150 753 Milia,
1174 726 1241 745 non
1265 716 1375 745 millia.
1399 715 1423 747 Ι.
1447 716 1478 753 5,
1500 713 1532 746 9.
1580 714 1619 745 V.
1644 716 1712 746 Ser.

1040 762 1236 799 Ministrare,
1260 759 1415 791 serviren.
1441 760 1463 789 Ι.
1489 758 1542 798 26,
1565 758 1619 792 65.

1039 807 1150 836 Mirari
1175 810 1207 835 et
1231 806 1398 836 admirari.
1423 805 1478 837 1V.
1504 804 1532 844 1,
1558 804 1587 836 1.

1039 852 1173 881 Miratio.
1196 850 1235 881 V.
1261 849 1292 886 3,
1318 851 1348 882 ὅ.

1037 897 1163 926 Miscere
1187 894 1317 925 mulum.
1344 895 1398 925 IV.
1424 893 1476 933 36,
1499 893 1552 927 77.

1039 941 1186 970 Miserum
1210 939 1422 971 substantive.
1449 940 1471 971 Ι.
1495 940 1526 979 5,
1547 937 1578 971 9.
1603 938 1634 977 3,
1659 940 1709 971 15.

1039 981 1242 1025 Μισωγύνης.
1270 985 1323 1014 lv.
1348 984 1399 1022 ’11,
1421 984 1473 1016 25.

1039 1030 1214 1060 Moderator
1233 1030 1286 1059 sol.
1313 1029 1338 1059 Ι.
1363 1028 1417 1067 23,
1440 1027 1493 1061 63.

1040 1075 1125 1104 Modz·
1149 1072 1180 1103 in
1204 1072 1344 1104 musicis.
1370 1074 1392 1104 Ι.
1416 1070 1470 1111 44,
1496 1071 1567 1105 106.

1040 1119 1205 1157 Momenta,
1230 1124 1338 1149 motus
1358 1129 1383 1148 s·
1396 1124 1505 1150 motus
1517 1117 1615 1161 legeS.
1640 1120 1664 1150 I.
1681 1118 1732 1159 17,
1744 1115 1798 1152 40.

1041 1165 1178 1194 Monstra
1198 1165 1307 1195 dicere.
1335 1164 1390 1195 IV.
1415 1161 1468 1201 24,
1490 1162 1543 1196 54.

1040 1210 1127 1239 Mora
1155 1205 1281 1249 (μόρα).
1308 1209 1348 1239 ΙΙ.
1374 1206 1426 1248 16,
1451 1208 1506 1242 37.

1039 1255 1188 1285 Moratus.
1214 1254 1251 1284 ΙΙ.
1273 1251 1304 1292 4,
1330 1252 1379 1284 11.

1039 1300 1162 1333 Morbus
1196 1304 1229 1329 et
1260 1309 1362 1340 genus
1393 1304 1427 1329 et
1454 1298 1597 1341 speciem
1624 1298 1796 1342 significat.

1083 1344 1138 1374 IV.
1164 1343 1214 1382 11,
1236 1344 1290 1375 24.

1037 1390 1117 1420 Mori
1150 1395 1183 1419 et
1212 1398 1295 1420 mors
1327 1388 1405 1431 quid
1433 1388 1597 1421 differant.
1637 1390 1659 1420 Ι.
1680 1388 1721 1430 8,
1748 1389 1797 1421 15.

1083 1434 1189 1472 Quum
1214 1438 1382 1465 moreretur
1402 1449 1446 1461 =
1468 1433 1568 1465 morti
1591 1433 1715 1466 vicinus
1742 1445 1797 1465 es-

1082 1484 1141 1509 set.
1164 1479 1186 1508 l.
1210 1477 1262 1514 43,
1292 1476 1362 1509 104.

1037 1524 1184 1555 Morosus.
1212 1522 1263 1553 lV.
1286 1520 1340 1560 24,
1364 1519 1417 1555 54.

1037 1569 1139 1600 Mors:
1162 1570 1194 1599 in
1213 1570 1307 1598 morte
1328 1578 1437 1598 carere
1457 1579 1524 1599 nou
1543 1567 1672 1599 dieitur.
1701 1569 1723 1600 l.
1741 1567 1794 1607 36,

1081 1614 1134 1645 33.

1038 1660 1138 1690 Motus
1159 1656 1199 1687 de
1220 1655 1339 1689 animo.
1365 1657 1388 1688 Ι.
1412 1656 1463 1695 10,
1485 1656 1539 1688 20.
1563 1656 1616 1696 27,
1639 1655 1692 1690 67.

1038 1705 1137 1734 Motus
1163 1708 1194 1732 et
1217 1703 1336 1733 numeri
1361 1701 1538 1734 stellarum.
1561 1702 1600 1733 V.
1624 1699 1656 1740 4,
1683 1701 1734 1734 10.

1038 1749 1211 1786 Moveniz'a,
1236 1748 1439 1787 Triebfedern.
1467 1747 1505 1778 V.
1528 1743 1581 1786 24,
1605 1745 1658 1779 63.

1037 1794 1157 1824 Movere
1178 1794 1241 1822 loco
1265 1791 1306 1822 de
1328 1791 1502 1833 palaestra.
1525 1792 1565 1823 ΙΙ.
1587 1792 1618 1832 5,
1642 1788 1693 1824 14.
1728 1802 1794 1824 mo-

1081 1840 1165 1876 veri,
1188 1836 1285 1867 affici.
1312 1837 1365 1869 JV.
1387 1836 1418 1875 6,
1445 1836 1493 1869 13.

1038 1884 1127 1914 Multi
1149 1885 1174 1913 ei
1195 1881 1303 1924 magni
1325 1881 1385 1913 viri
1405 1892 1466 1924 pro
1484 1880 1577 1912 multi
1597 1880 1705 1923 magni
1722 1881 1793 1913 viri.

1082 1929 1121 1959 Η.
1146 1926 1177 1966 6,
1206 1927 1256 1958 15.

1037 1975 1143 2012 Multo,
1166 1970 1368 2013 adverbium,
1391 1970 1613 2014 comparativo
1634 1971 1792 2009 iunctum,

1081 2028 1177 2060 quam
1201 2016 1312 2048 sedem
1337 2027 1498 2059 occupare
1526 2015 1639 2058 possit.
1673 2017 1712 2049 V.
1737 2016 1791 2055 36,

1083 2060 1156 2094 104.

1037 2109 1150 2139 Multus
1173 2106 1253 2139 fluit.
1278 2108 1317 2138 II.
1346 2103 1397 2145 14,
1418 2104 1473 2139 34.

1036 2154 1222 2184 Mundanus.
1247 2152 1286 2183 V.
1311 2151 1363 2190 37,
1392 2151 1465 2185 103.

1037 2198 1145 2227 Mundi
1169 2199 1265 2236 origo.
1291 2197 1315 2228 Ι.
1340 2196 1392 2233 23,
1418 2196 1472 2229 .7Ο.

1036 2243 1148 2272 Munus
1172 2240 1248 2282 quid
1268 2239 1439 2282 significet.
1465 2243 1489 2271 Ι.
1511 2240 1563 2279 28,
1587 2241 1639 2274 ΤΟ.

1036 2299 1166 2336 Munus,
1201 2308 1219 2327 a
1251 2302 1366 2327 natura
1397 2295 1508 2327 datum
1542 2297 1788 2339 (Bestimmuny).

1081 2342 1118 2372 V.
1152 2342 1201 2378 13,
1223 2340 1276 2373 33.

1036 2390 1148 2419 Munus
1169 2388 1299 2418 virtutis.
1324 2386 1349 2417 Ι.
1372 2382 1425 2424 45,
1450 2384 1523 2417 109.

1035 2434 1175 2471 Musica,
1202 2450 1213 2454 -
1228 2441 1325 2462 orum.
1350 2431 1374 2461 Ι.
1398 2428 1451 2470 24,
1476 2431 1527 2463 57.

1035 2480 1185 2509 Mutualio
1209 2475 1286 2518 quid
1308 2474 1478 2517 significet.
1503 2476 1528 2506 I.
1553 2473 1606 2515 42,
1631 2475 1702 2508 100.

1035 2524 1153 2554 Mutum
1175 2531 1338 2552 resonare.
1367 2522 1405 2552 ll.
1433 2518 1483 2558 14,
1503 2520 1557 2553 33.

1034 2569 1189 2606 Mysteria.
1215 2567 1240 2598 1.
1267 2565 1318 2605 13,
1342 2564 1396 2598 29.
1437 2567 1526 2605 Mysi.
1546 2567 1708 2598 rhetorum.
1730 2566 1785 2598 IV.

1078 2613 1131 2652 25,
1153 2612 1205 2644 55.

1394 2692 1430 2722 N.

1033 2751 1097 2780 Nae
1124 2759 1194 2779 cum
1215 2758 1365 2789 pronom.
1386 2746 1472 2789 iungi
1492 2745 1585 2777 solet.
1613 2747 1635 2776 Ι.
1656 2746 1710 2784 30,
1730 2743 1782 2779 74.

1033 2807 1114 2837 Nam
1137 2804 1169 2835 in
1193 2802 1436 2846 praeteritione.
1463 2803 1515 2833 [V.
1536 2801 1590 2839 23,
1611 2802 1664 2834 52.

1033 2863 1112 2893 Nam
1133 2867 1165 2891 et
1186 2863 1277 2900 enim,
1301 2859 1342 2890 ad
1362 2857 1650 2890 demonstrativum
1669 2858 1782 2898 relata,

1078 2905 1261 2948 explicandi
1280 2904 1344 2936 vim
1367 2904 1497 2935 habent.
1521 2904 1574 2934 lv.
1596 2904 1648 2942 20,
1670 2902 1723 2936 45.

1032 2964 1112 2994 Nam
1132 2961 1183 2993 vel
1203 2964 1282 2993 enim
1300 2960 1380 2991 latet
1401 2959 1434 2990 in
1455 2959 1699 3001 pronominibus
1718 2959 1780 2991 de-

1078 3013 1233 3045 monstr.,
1259 3012 1293 3036 ut
1311 3007 1422 3037 tantus.
1450 3005 1501 3037 lV.
1524 3004 1579 3047 37,
1599 3004 1652 3039 79.
