1832 3137
665 108 831 141 LIBER
855 109 913 142 111.

941 107 1039 152 1‚2.
1551 99 1631 144 247

66 193 182 231 venta
198 218 209 238 ‚
244 200 316 228 nec
338 193 414 228 tam
440 187 567 235 culta,
603 194 856 242 posteaquam
879 188 1036 242 cognita
1059 194 1143 238 est,
1176 201 1249 229 uec
1271 194 1348 229 tam
1370 189 1499 230 multis
1519 197 1628 244 grata

63 267 103 302 et
119 259 296 315 probata,
331 260 503 314 pluribus
524 260 638 301 etiam
659 268 840 315 suspecta
862 267 903 301 et
926 261 1080 302 invisa?
1127 261 1192 302 Au
1214 261 1316 316 quod
1335 262 1513 317 corporis
1536 276 1625 317 gra-

60 333 219 374 vitatem
238 340 276 373 et
301 333 475 373 dolorem
497 333 626 374 animo
645 333 876 383 iudicamus,
911 333 1029 373 animi
1053 334 1228 375 morbum
1255 348 1421 390 corpore
1439 349 1516 376 non
1533 349 1624 377 sen—

61 406 202 446 timus?
260 404 320 446 Ita
348 406 386 446 lit
402 437 412 456 ‚
447 413 489 446 ut
512 406 663 447 animus
691 407 737 447 de
761 419 806 447 se
828 406 912 459 ipse
938 413 1016 446 tum
1033 409 1054 433 ²
1078 407 1244 459 iudicet,
1279 422 1394 462 quum
1416 409 1454 449 id
1478 409 1618 464 ipsum,

59 492 135 532 quo
165 478 357 519 iudicatur
373 482 389 506 ³
407 510 417 529 ‚
458 486 652 533 aegrotet.

713 486 754 519 2.
789 476 903 531 Quod
930 478 963 518 si
994 479 1092 520 tales
1120 494 1191 521 nos
1226 487 1365 522 natura
1401 483 1619 536 genuisset,

58 557 99 592 ut
127 564 212 591 eam
241 551 363 607 ipsam
401 552 544 593 intueri
577 559 615 593 et
650 551 875 607 perspicere
911 551 1124 606 eademque
1155 553 1298 607 optima
1335 555 1432 595 duce
1465 568 1621 595 cursum

145 679 167 712 2
190 692 221 713 v.
245 680 328 712 Adn.

376 678 398 712 3
423 680 477 711 Sic
496 681 549 713 Or.
574 691 600 711 c.
614 680 654 711 R.
669 680 703 712 P.
726 679 882 723 aliisque3
907 679 963 711 alii
986 681 1070 720 quod
1094 681 1279 722 iudicatur,·
1304 681 1431 724 aliquot
1450 682 1526 715 edd.
1540 689 1620 715 vett.

56 726 138 766 quod
158 726 298 766 iudical;
325 724 398 756 cod.
426 724 536 757 Tolet.
558 730 591 755 et
614 724 792 756 nonnullae
814 724 890 758 edd.
915 731 995 757 vett.
1015 735 1076 765 quo
1095 727 1219 757 iudicet.

57 801 223 834 iudicandi
246 801 457 841 facultatem,
492 801 534 833 de
558 801 706 844 corporis
728 813 822 834 mor—

55 847 104 878 bis
125 845 265 883 iudicat;
291 852 406 878 contra
429 857 557 889 corpus,
583 847 672 890 quod
697 846 819 878 nullam

55 891 158 923 habet
190 890 357 922 iudicandi
394 891 605 931 facultatem,
647 891 688 923 de
722 891 822 923 animi

58 935 181 968 morbis
201 935 347 967 iudicare
368 946 434 968 non
457 942 580 978 potest.
617 937 703 979 Ergo
723 948 820 979 quum

60 991 178 1023 corpus
202 986 372 1023 aegrotat,
410 980 476 1011 eius
509 980 660 1012 morbum
692 992 819 1023 cogno-

56 1036 148 1057 scere
172 1032 205 1057 et
229 1024 374 1056 iudicare
407 1031 520 1067 potest
553 1026 679 1056 animus
704 1037 820 1064 sanus,

57 1076 172 1101 contra
191 1081 289 1112 quum
305 1069 429 1100 animus
444 1076 606 1111 aegrotat,
628 1070 660 1101 h.
674 1081 702 1101 e.
720 1082 819 1113 quum

57 1114 182 1146 animus
208 1121 344 1145 vexatur
374 1113 699 1156 perturbationibus,
737 1126 820 1157 quae

57 1165 133 1190 sunt
146 1158 253 1190 morbi
268 1158 463 1197 animorum,
489 1158 529 1189 de
542 1170 601 1190 suo
619 1158 688 1201 ipse
705 1159 821 1191 morbo

59 1203 159 1235 debet
180 1202 345 1241 iudicare3
371 1210 405 1234 at
425 1214 523 1245 quum
543 1203 667 1234 unimus
688 1215 753 1235 non
772 1210 822 1235 est

58 1260 173 1287 sanus,
201 1247 256 1287 fit,
286 1254 320 1278 ut
345 1247 386 1278 de
410 1258 444 1278 se
467 1247 538 1290 ipse
562 1255 652 1279 recte
675 1248 821 1279 iudicare

56 1304 122 1324 non
154 1292 268 1335 possit.
293 1311 336 1316 —
383 1296 429 1324 An
453 1294 535 1331 quod
566 1291 599 1323 h.
623 1303 651 1323 e.
673 1304 715 1323 an
738 1292 821 1324 haec

57 1348 170 1369 caussa
191 1343 251 1376 est,
274 1335 373 1379 quod.
408 1336 462 1367 Sic
481 1347 579 1378 saepe
600 1336 747 1379 elliptice
767 1336 816 1368 dr.

55 1391 119 1421 an,
143 1391 260 1421 quum;
294 1391 356 1420 an,
379 1381 484 1420 quod;
518 1385 643 1420 utrum,
671 1383 753 1421 quod
775 1400 819 1405 -—

54 1436 97 1458 an
116 1427 218 1466 quod;
241 1436 294 1465 an,
315 1427 412 1464 quia,·
437 1436 466 1456 v.
489 1427 634 1457 Goerenz.
656 1425 699 1457 ad
715 1425 818 1457 Acad.

55 1472 89 1508 I,
112 1470 143 1504 3.
168 1481 200 1512 p.
220 1470 271 1502 19.
321 1469 374 1500 Sic
394 1469 481 1500 infra
504 1481 530 1501 c.
550 1469 581 1508 2,
603 1468 643 1501 4:
669 1470 819 1502 omnibus

54 1514 104 1546 his
117 1514 247 1546 nullane
261 1521 310 1545 est
323 1513 508 1545 adhibenda
526 1514 677 1546 curatio?
703 1519 820 1554 utrum,

55 1561 137 1600 quod
159 1559 265 1591 minus
290 1565 432 1590 noceant
455 1577 492 1582 -—
510 1558 525 1589 ἶ)
561 1569 603 1591 an
623 1562 705 1599 quod
726 1566 788 1591 etc.
802 1559 817 1590 ἶ)

55 1604 154 1644 Quod
191 1605 326 1636 Ochsner
358 1603 400 1635 ad
430 1603 499 1635 Ecl.
536 1603 604 1636 Cic.
640 1616 672 1646 p.
692 1603 746 1637 9¹2.
786 1610 820 1636 et

56 1649 130 1682 102.
155 1648 281 1686 statuit,
309 1659 350 1680 an
374 1648 407 1680 h.
428 1647 449 1678 l.
476 1647 563 1679 idem
586 1648 704 1687 valere,
730 1648 820 1691 quod

54 1703 157 1726 annon
179 1692 231 1724 vel
253 1703 364 1732 nonne,
388 1692 476 1724 hand
498 1692 577 1724 satis
599 1693 744 1735 cogitate
765 1695 820 1725 fe·

55 1737 120 1775 cit3
155 1749 229 1769 nam
252 1748 293 1769 an
319 1749 377 1779 per
398 1749 432 1768 se
458 1749 623 1780 nunquam
647 1738 732 1769 hanc
756 1738 819 1769 ha-

53 1782 132 1814 bere
165 1788 277 1824 potest
309 1782 385 1813 vim.
445 1782 508 1813 Res
541 1782 589 1814 sic
623 1790 673 1814 est
709 1783 818 1814 animo

56 1826 315 1859 conformanda:
354 1830 400 1858 An
423 1838 588 1868 nunquam
611 1827 645 1858 in
667 1827 816 1878 simplici,

53 1871 110 1904 sed
139 1883 282 1922 semper
300 1871 331 1902 in
355 1874 514 1903 bimembri
543 1871 818 1914 inteirogatione‚

55 1923 89 1948 et
112 1916 246 1959 quidem
274 1915 307 1946 in
331 1915 436 1947 altero
457 1916 524 1947 eius
548 1917 714 1954 membro,
741 1928 819 1967 ..po-

52 1960 161 1998 nitur3
186 1971 285 2002 saepe
305 1966 413 1991 autem
432 1960 522 2001 plius
539 1961 747 1992 membrum
739 1960 819 2003 ipsis

53 2005 161 2037 verbis
185 2015 250 2036 non
275 2010 325 2035 est
355 2016 562 2046 expressum,
596 2005 655 2037 sed
679 2006 762 2037 latet
784 2005 817 2036 in

53 2049 325 2081 antecedentibus
354 2049 406 2080 vel
437 2049 537 2081 etiam
570 2061 609 2080 ex
641 2057 714 2081 tota
739 2062 818 2082 ora-

54 2093 147 2126 tione
166 2100 276 2124 mente
298 2093 518 2136 supplendum
540 2101 600 2125 est.
647 2096 713 2126 lam
738 2106 818 2126 vero

53 2138 81 2170 si
111 2138 176 2170 hoc
201 2138 382 2169 membrum
414 2150 623 2181 suppressum
650 2142 819 2180 affirmati-

52 2193 127 2216 vum
151 2189 218 2221 est,
244 2182 265 2213 i.
285 2194 312 2214 e.
335 2182 361 2213 si
384 2183 424 2214 ab
449 2195 510 2221 eo,
546 2184 600 2226 qui
623 2184 816 2226 interrogat,

52 2227 147 2260 huius
179 2227 317 2259 membri
340 2227 519 2260 affirmatio
543 2229 653 2260 animo
677 2241 818 2272 praece—

52 2279 110 2314 pta
132 2279 201 2311 est,
229 2272 390 2315 posterius
413 2273 595 2305 membrum
619 2285 678 2325 per
699 2284 740 2306 an
762 2273 816 2305 in-

53 2316 187 2348 ductum
208 2320 384 2357 negativum
416 2325 485 2358 est,
518 2318 538 2348 i.
565 2329 593 2349 e.
628 2318 815 2361 interroga-

53 2360 180 2392 tionem
201 2361 306 2403 ponit,
331 2361 420 2392 cuius
435 2362 568 2403 negatio
587 2370 816 2405 exspectatur3

55 2411 125 2436 tum
148 2415 190 2437 αη
213 2405 300 2436 idem
323 2405 433 2436 valere
454 2406 592 2443 videtur,
619 2407 709 2449 quod
729 2418 817 2447 num,

53 2459 176 2482 numne.
223 2450 312 2481 Infra
334 2450 388 2480 1V.
410 2450 464 2487 23,
489 2451 550 2482 5¹²:
576 2451 601 2481 si
624 2451 701 2493 quid
727 2452 816 2494 (for-

52 2494 132 2525 titer
155 2494 188 2525 in
211 2505 247 2525 re
272 2495 317 2536 p.)
351 2494 506 2532 fecimus,
541 2502 630 2525 certe
651 2495 727 2526 irati
749 2507 814 2527 non

54 2538 200 2571 fecimus
250 2542 297 2570 An
322 2545 370 2569 est
399 2539 570 2581 quicquam
601 2539 737 2570 similius
761 2539 815 2570 in-

53 2583 180 2621 saniae,
219 2595 315 2626 quam
340 2583 412 2614 ira?
452 2584 497 2626 (h.
520 2595 547 2615 e.
571 2594 670 2616 nonne
695 2595 746 2615 res
770 2584 814 2615 ita

53 2639 89 2659 se
109 2627 231 2667 habet,
256 2639 299 2660 απ
324 2631 394 2659 ——?
428 2635 484 2660 aut
507 2628 646 2671 simplici
671 2629 812 2660 interro-

54 2672 203 2714 gatione:
236 2683 313 2705 num
336 2674 473 2716 (numne)
500 2680 549 2704 est
572 2685 745 2715 quicquam
767 2673 815 2704 si—

54 2716 162 2748 milius
192 2717 360 2754 insaniaſtre
397 2730 493 2761 quam
525 2718 572 2749 ira
586 2717 616 2759 7)
664 2719 727 2755 ¹²5,
752 2718 814 2749 55:

57 2760 112 2792 ubi
137 2761 292 2803 primum:
329 2765 376 2795 An
409 2763 470 2794 tibi
499 2762 593 2794 irasci
626 2770 696 2794 tum
719 2762 817 2793 vide-

57 2815 129 2835 mur
137 2772 221 2837 Ρ-Ϊ)
265 2806 363 2839 dein:
399 2819 474 2840 num
510 2807 585 2839 irati
618 2806 815 2840 scribimus?

57 2848 113 2886 37,
136 2848 190 2882 79-
228 2852 267 2884 V.
293 2851 353 2893 14,
378 2850 431 2885 40.
478 2853 534 2884 Sin
568 2859 677 2885 autem
710 2864 818 2884 mem-

58 2892 151 2925 brum
173 2905 381 2939 suppressum
402 2900 583 2938 negativum
607 2904 676 2938 est,
700 2897 721 2929 i.
740 2909 767 2929 e.
791 2896 818 2928 si

857 802 952 834 huius
976 802 1115 834 membri
1148 802 1281 845 negatio
1309 803 1419 835 animo
1446 811 1623 846 praecepta

859 853 930 887 est,
973 847 1137 890 posterius
1176 848 1358 879 membrum
1396 850 1623 889 affirmativum

858 898 926 931 est,
964 892 986 923 i.
1007 904 1035 924 e.
1059 892 1354 935 interrogationem
1380 893 1496 935 ponit,
1533 893 1621 924 cuius

856 936 1035 968 affirmatio
1056 944 1284 979 exspectatur3
1307 944 1379 969 tum
1396 948 1438 970 an
1457 937 1545 969 idem
1561 949 1621 969 va—

857 981 925 1013 lere
947 982 1095 1019 videtur,
1132 982 1221 1024 quod
1240 993 1358 1022 nonne,
1383 988 1418 1014 ut
1441 982 1472 1013 h.
1495 983 1515 1013 1.
1567 982 1619 1014 Cf.

857 1026 898 1057 de
918 1028 1048 1058 Senect.
1069 1028 1126 1063 Vl,
1151 1027 1206 1058 15:
1235 1039 1253 1058 a
1274 1027 1370 1058 rebus
1391 1026 1543 1069 gerendis
1565 1039 1620 1059 se·—

858 1077 972 1102 nectus
995 1069 1182 1102 abstrahit?
1208 1071 1350 1114 quibus'.²
1386 1082 1426 1103 an
1450 1072 1509 1109 iis,
1537 1083 1620 1114 quae

857 1115 889 1146 in
914 1115 1084 1146 iuventute
1107 1122 1266 1157 geruntur
1289 1122 1323 1147 et
1346 1115 1496 1147 viribus'.²
1533 1116 1566 1159 (i.
1592 1128 1620 1150 e.

856 1169 953 1200 num,
987 1170 1100 1192 numne
1133 1159 1226 1199 aliis,
1268 1172 1308 1191 an
1342 1160 1404 1199 iis,
1441 1172 1524 1203 quae
1549 1160 1620 1191 —'?

857 1210 913 1235 aut
942 1204 1082 1246 simplici
1117 1204 1398 1247 interrogatione:
1437 1215 1536 1238 nonne
1569 1205 1620 1245 iis,

857 1259 939 1291 quae
962 1248 1046 1288 —-?)
1083 1248 1166 1280 Tale
1198 1259 1241 1280 an
1271 1249 1366 1281 nobis
1391 1256 1521 1281 vertere
1542 1250 1621 1281 licet

856 1304 915 1335 per
936 1295 1043 1324 elwa?
1090 1293 1196 1325 Probe
1221 1300 1330 1325 autem
1354 1294 1534 1326 tenendum
1559 1301 1619 1334 est,

855 1337 993 1368 voculae
1022 1347 1063 1369 an
1096 1349 1225 1379 semper
1247 1338 1435 1370 adiunctam
1459 1350 1530 1370 esse
1554 1350 1619 1371 no—

853 1381 980 1412 tionem
1000 1383 1201 1413 dubitationis
1222 1393 1261 1413 ac
1283 1385 1512 1423 fluctuationi33
1544 1395 1620 1415 narn

854 1426 881 1457 si
900 1426 1170 1468 interrogationis
1198 1426 1376 1458 affirmatio
1397 1432 1476 1460 cerlo
1498 1439 1617 1470 exspe—

855 1477 972 1510 ctatur,
997 1482 1059 1513 pro
1080 1481 1122 1503 an
1146 1470 1281 1513 ponitur
1303 1482 1420 1512 annon,
1444 1478 1479 1503 ut
1501 1472 1617 1504 Parad.

854 1517 894 1554 V,
916 1515 954 1548 3:
979 1519 1026 1548 An
1047 1526 1108 1548 non
1129 1522 1180 1547 est
1199 1516 1304 1547 omnis
1324 1523 1431 1548 metus
1451 1516 1616 1548 servitus?

855 1560 910 1592 Sic
945 1560 977 1592 h.
1004 1560 1049 1599 l.,
1091 1560 1118 1591 si
1155 1560 1315 1603 scriptum
1354 1568 1462 1593 esset:
1503 1572 1618 1601 annon,

853 1606 936 1645 quod
959 1607 1041 1645 —·?,
1069 1605 1184 1638 Cicero
1205 1606 1432 1648 significasset,
1455 1606 1516 1638 sibi
1538 1618 1619 1648 per—-

854 1649 1074 1681 suasissimum
1096 1661 1185 1690 esse,
1210 1650 1334 1682 nullam
1355 1650 1453 1683 aliam
1473 1663 1618 1683 caussam

854 1706 943 1733 esse,
978 1694 1039 1725 nisi
1064 1706 1156 1732 eam,
1192 1706 1276 1737 quae
1299 1707 1318 1727 a
1337 1707 1373 1727 se
1397 1695 1497 1728 allata
1521 1702 1617 1735 esset,

855 1751 912 1771 cur
933 1739 1031 1770 animi
1055 1739 1217 1771 medicina
1241 1751 1308 1771 non
1329 1740 1509 1772 admodum
1532 1741 1619 1772 culta

854 1791 941 1815 esset
964 1783 1004 1815 ab
1034 1784 1239 1815 hominibus:
1273 1785 1362 1827 quod
1384 1785 1510 1822 noluit;
1543 1796 1619 1816 nam

853 1829 915 1859 etsi
946 1840 1089 1859 caussam
1118 1829 1281 1870 prolatam
1304 1829 1397 1860 unice
1421 1841 1533 1861 veram
1556 1829 1619 1860 ha-

853 1873 971 1910 bebat,
1009 1879 1044 1902 ut
1073 1872 1257 1905 luculenter
1287 1880 1427 1915 apparet
1459 1885 1498 1905 ex
1524 1885 1617 1916 seqq.

855 1917 979 1948 verbis:
1003 1920 1049 1948 ita
1071 1918 1125 1956 fit,
1151 1921 1184 1948 ut
1207 1924 1289 1955 etc.;
1323 1925 1433 1949 tamen
1460 1929 1532 1949 eam
1552 1918 1618 1949 du—

854 1961 1000 1993 bitanter
1034 1972 1222 2003 proponere
1257 1962 1376 1994 voluit:
1416 1962 1502 1994 unde
1537 1974 1616 1994 ora-

854 2006 937 2037 tioni
969 2005 1075 2037 ironia
1107 2007 1267 2049 quaedam
1298 2007 1517 2046 admiscetur,
1554 2019 1617 2050 qua

852 2050 1050 2081 sententiam
1075 2051 1289 2082 certissimam
1314 2058 1349 2082 ut
1377 2051 1510 2083 dubiam
1535 2063 1618 2094 pro-

854 2095 1000 2126 ferimus.
1050 2096 1099 2126 De
1128 2096 1309 2138 particulae
1333 2107 1375 2128 an
1401 2107 1456 2126 usu
1488 2096 1616 2128 doctis-

852 2140 933 2171 sime
957 2140 1137 2182 disputavit
1158 2143 1304 2173 blandius
1322 2141 1354 2172 in
1376 2140 1516 2173 Tursell.
1538 2142 1576 2173 T.
1594 2143 1617 2173 1.

853 2196 885 2227 p.
900 2183 965 2217 342
981 2197 1051 2227 sqq.
1096 2185 1146 2216 Cf.
1167 2197 1227 2216 nos
1250 2185 1282 2216 in
1305 2186 1362 2218 Gr.
1386 2186 1423 2216 L.
1445 2184 1565 2227 §.152
1584 2188 1615 2218 ².

919 2232 1057 2269 corporis
1071 2230 1272 2273 gravitatem]
1294 2231 1339 2261 Ea
1357 2229 1404 2267 fit,
1428 2241 1526 2272 quum
1540 2229 1616 2260 lan-

853 2281 980 2316 gUCSClt
996 2286 1115 2316 COFPUS
1139 2281 1172 2305 et
1195 2286 1286 2316 qllaSl
1304 2274 1447 2316 qUOdam
1469 2273 1617 2315 pondflrL

851 2318 1032 2361 premitur,
1068 2325 1104 2349 ut
1136 2319 1282 2350 membra
1315 2318 1379 2349 suis
1412 2329 1510 2359 aegre
1536 2318 1615 2348 fun-

852 2369 972 2405 gantur
991 2363 1176 2394 muneribus
1191 2388 1199 2404 ‚
1227 2362 1271 2394 uti
1290 2363 1530 2404 interpretatur
1551 2365 1614 2394 Da-

850 2411 959 2447 visius,
984 2407 1038 2450 qui
1059 2408 1090 2438 in
1113 2413 1222 2448 partes
1245 2414 1342 2438 vocat
1357 2406 1440 2437 Cels.
1458 2408 1482 2439 I.
1506 2407 1615 2438 Praes.

851 2464 883 2494 p.
906 2452 954 2484 19.
981 2464 1007 2483 c.
1032 2453 1079 2483 10.
1108 2453 1154 2487 ll,
1181 2463 1208 2481 c.
1231 2451 1261 2484 7.
1309 2451 1362 2481 Sic
1391 2452 1517 2483 Graece
1551 2453 1614 2495 βα-

852 2494 955 2537 ρύτης
981 2495 1147 2536 σώματος.
1185 2495 1235 2527 Cf.
1252 2496 1322 2526 Fin.
1339 2497 1392 2533 IV,
1415 2497 1463 2529 12.
1500 2496 1615 2528 Paullo

851 2547 927 2582 post
960 2542 1005 2571 ita
1041 2541 1073 2579 fil
1111 2540 1254 2571 formula
1294 2540 1514 2572 concludendi
1554 2552 1615 2583 pro

849 2587 919 2616 hinc
942 2586 1099 2623 sequitur,
1123 2586 1275 2625 efficitur,
1300 2585 1342 2616 de
1367 2596 1431 2628 qua
1456 2598 1486 2618 v.
1509 2586 1551 2617 ad
1576 2587 1615 2617 Il.

849 2629 890 2669 6,
919 2629 970 2661 16.

917 2677 951 2704 ut
970 2676 1095 2705 animus
1113 2675 1150 2705 de
1170 2683 1200 2705 se
1219 2677 1282 2714 ipse
1300 2678 1365 2706 tum
1384 2675 1513 2717 iudicet]
1533 2677 1613 2707 Bou-

850 2720 965 2750 hierius
986 2729 1058 2749 cum
1079 2729 1142 2749 uno
1166 2719 1258 2750 Leid.
1279 2726 1355 2761 post
1375 2722 1441 2759 ipse
1462 2720 1610 2762 negatio-

851 2774 926 2793 nem
947 2773 1007 2794 non
1028 2762 1213 2795 addendam
1246 2770 1369 2795 censet.
1418 2765 1515 2797 Male.
1563 2766 1613 2795 Iu-

851 2810 930 2840 dicet
958 2809 1114 2840 Nissenius
1142 2808 1378 2851 interpretatur
1400 2811 1507 2841 debeat
1530 2809 1598 2839 iudi

853 2862 944 2892 care‚·
978 2852 1038 2884 sed
1069 2853 1152 2885 haec
1185 2854 1350 2885 sententia
1381 2854 1463 2885 latet
1495 2853 1528 2883 in
1554 2852 1615 2882 hac

854 2896 1029 2929 verborum
1051 2897 1222 2931 iunctura:
1246 2901 1292 2931 ita
1315 2901 1367 2939 fit,
1391 2902 1425 2929 ιιι
1446 2899 1569 2929 iudicet.
