1863 3221
226 108 308 151 240

224 197 416 245 ludorum,
451 195 512 248 qui
537 193 705 248 gymnici
734 192 1004 241 nominantur,
1039 205 1202 245 mugnus
1226 191 1348 232 honos
1375 192 1440 243 sit,
1475 192 1618 233 nullum
1645 194 1690 232 ab
1713 191 1777 242 iis,

811 114 971 145 LlBER
998 114 1037 145 ΙΙ.
1061 111 1124 152 26,
1151 112 1206 146 63.

223 268 284 322 qui
312 268 351 307 in
373 268 407 307 id
427 274 622 306 certamen
650 265 904 314 descendant,
940 264 1103 305 devitari
1129 264 1331 304 dolorem?
1389 265 1503 320 Apud
1531 279 1627 319 quos
1651 271 1782 305 autem

226 340 393 381 venandi
418 346 457 380 et
479 337 675 392 equitandi
698 338 781 378 laus
800 337 907 392 viget
922 340 939 364 ³
956 369 966 388 ,
1001 338 1061 391 qui
1090 337 1186 377 hane
1211 344 1431 392 petessant,
1466 339 1608 378 nullum
1631 338 1783 392 fugiunt

224 414 415 454 dolorem.
479 410 580 464 Quid
609 411 655 451 de
683 410 827 451 nostris
853 410 1148 460 ambitionibus,
1181 410 1269 464 quid
1296 410 1342 450 de
1367 411 1573 465 cupiditate
1593 410 1782 450 honorum

223 487 388 541 loquar?
428 498 524 539 quae
557 485 707 524 llamma
736 491 816 534 est,

223 559 313 599 olim
334 558 484 613 punctis
505 556 664 611 singulis
682 557 937 610 colligebant?
981 555 1118 611 Itaque
1141 569 1295 611 semper
1312 556 1522 597 Africanus
1540 553 1782 596 Socraticum

221 630 526 686 Xenophontem
559 631 599 670 in
634 629 811 670 manibus
845 630 1032 680 habebat,
1076 629 1185 669 cuius
1217 629 1255 668 in
1293 629 1426 683 primis
1460 628 1641 669 laudabat
1673 628 1780 678 illud,

223 706 323 758 quod
351 705 521 755 diceret,
555 704 712 744 eosdem
742 703 894 743 labores
922 717 998 742 non
1026 717 1148 757 aeque
1174 716 1316 756 graves
1347 704 1466 742 esse5
1495 701 1719 756 imperatori
1745 708 1784 742 et

221 777 358 828 militi,
402 777 502 831 quod
538 777 620 831 ipse
658 776 780 816 honos
824 776 995 816 laborem
1035 776 1222 817 leviorem
1262 777 1408 815 faceret
1440 775 1780 830 imperatorium&

222 856 291 892 65.
347 848 426 891 Sed
450 856 576 890 tamen
613 849 685 889 hoc
709 849 863 899 evenit,
910 855 952 889 ut
977 848 1016 889 in
1049 849 1189 903 vulgus
1214 848 1479 903 insipientium
1505 848 1634 902 opinio
1656 847 1784 888 valeat

861 498 929 539 per
958 498 1071 538 quam
1098 497 1175 523 non
1198 483 1473 523 cucurrerint4
1497 482 1547 533 ii,
1593 483 1656 537 qui
1687 482 1783 523 haec

222 923 459 974 honestatis,
502 937 616 976 quum
644 921 765 977 ipsam
791 922 925 962 videre
952 936 1028 962 non
1062 922 1226 976 possint.

1290 920 1426 975 Itaque
1461 922 1560 962 sama
1585 928 1624 962 et
1655 920 1783 962 multi·

312 1040 334 1073 3
358 1042 397 1072 L.
424 1047 455 1072 et
475 1045 577 1083 quatt.
594 1041 673 1071 Oxx.
695 1041 798 1079 vigeat
818 1046 851 1071 et
872 1039 983 1082 paullo
1005 1046 1083 1082 post
1104 1051 1121 1070 e
1145 1039 1229 1071 coni.
1253 1042 1374 1072 nullum
1393 1049 1460 1071 eos
1483 1042 1555 1080 lug]
1568 1048 1651 1076 ere
1676 1044 1712 1069 ut
1735 1049 1782 1070 or.

222 1085 355 1128 obliqua
381 1085 598 1116 continuetur.
647 1083 745 1115 Male.

793 1085 832 1115 V.
856 1084 938 1116 Adn.
986 1082 1007 1115 4
1031 1084 1087 1115 Kl.
1114 1091 1147 1115 et
1171 1085 1255 1115 Mos.
1280 1084 1313 1115 b.
1337 1085 1374 1115 R.
1401 1083 1485 1115 Gud.
1512 1083 1539 1115 1.
1567 1085 1606 1115 Il.
1621 1081 1652 1114 2.
1676 1082 1783 1115 Rehd.

222 1134 306 1172 Aug.
333 1129 446 1161 Duisb.
474 1129 577 1160 Marb.
603 1128 702 1161 duob
727 1130 807 1159 Oxx.
836 1135 868 1159 et
893 1128 966 1161 edd
992 1130 1074 1160 Dav.
1096 1133 1316 1168 cucurrerunt,
1351 1129 1439 1171 quod
1463 1127 1695 1170 grammaticae
1725 1140 1781 1159 ra·-

220 1175 301 1206 tioni
325 1174 527 1206 adversatur.

221 1220 278 1251 Kl.
301 1219 334 1250 in
359 1219 441 1250 Add.

219 1274 331 1305 yraves
355 1266 432 1303 imp.

220 1320 302 1339 unus
326 1308 394 1340 Pal.
412 1308 497 1339 Gud.
509 1306 541 1340 2.
566 1307 616 1339 El.
629 1318 731 1349 marg.

488 1260 662 1295 fisicor
686 1274 712 1293 c.
738 1263 775 1293 R.
800 1263 833 1293 P.
858 1262 996 1294 Gud..1

758 1307 845 1338 C1at.
869 1306 920 1338 ed.
947 1308 1020 1338 DJ„

586 1173 605 1204 5
633 1173 668 1204 R.
692 1174 726 1204 P.
748 1172 833 1203 Gud.
860 1173 887 1205 1.
918 1183 980 1205 esse
1002 1183 1097 1213 aeque
1120 1176 1228 1214 9ravis
1258 1183 1340 1205 esse:
1376 1173 1453 1205 hinc
1478 1185 1539 1215 ego
1565 1185 1592 1205 c.
1615 1174 1657 1206 D
1682 1173 1782 1211 Mos.‚

468 1231 498 1262 p.
517 1215 588 1249 116.
603 1243 611 1256 ‚
636 1218 759 1260 Txegd.
780 1224 812 1248 et
836 1217 947 1249 Duisb.
972 1228 1066 1258 aeque
1085 1228 1197 1258 graves
1220 1228 1282 1250 esse
1304 1218 1430 1261 scmpsi.
1475 1218 1583 1260 Vulgo
1605 1227 1667 1250 esse
1689 1227 1783 1258 aeque

1005 1264 1062 1329 3.st
1098 1262 1233 1305 aliisque
1266 1262 1361 1294 codd.
1389 1269 1421 1294 et
1444 1263 1554 1294 multis
1577 1262 1654 1294 edd.
1678 1268 1781 1300 vett.‚

1001 1306 1030 1338 2.
1056 1310 1256 1347 zmperatori5
1280 1308 1378 1350 vulgo
1401 1311 1634 1349 imperatorum.
1660 1286 1782 1349 Apertzi

220 1354 439 1395 glossemata3
466 1365 495 1384 v.
517 1354 650 1384 Ellendt.
674 1352 716 1383 ad
741 1351 782 1382 de
809 1354 861 1382 01.
890 1353 928 1383 ll.
954 1350 1008 1390 22,
1033 1349 1088 1383 9-1.
1114 1352 1186 1384 Vol.
1213 1354 1250 1385 ll.
1276 1364 1308 1395 p.
1333 1352 1410 1384 211.

223 1433 264 1463 ΙΙ.
288 1431 321 1463 b.
358 1431 478 1473 aliique
509 1429 614 1460 multi.
663 1429 801 1460 Orellius
835 1441 861 1462 e.
897 1429 983 1472 vulg.

223 1475 333 1507 omisit
353 1480 396 1507 ul.
445 1477 496 1506 Or
491 1474 557 1506 «tio
583 1472 767 1507 ἅνακὸὶουὲ
772 1486 805 1512 ος
830 1481 879 1505 est
904 1486 983 1517 pio:

222 1520 436 1557 videmusne,
464 1527 497 1550 ut
519 1538 560 1543 -—
580 1521 684 1550 nullus
701 1521 851 1551 devitetur
871 1521 984 1552 dolor?

224 1566 351 1596 Durum
376 1571 424 1595 est
447 1560 686 1604 ανακόλῦυζόν,
722 1564 780 1595 sed
810 1564 842 1595 in
868 1564 916 1595 his
941 1564 982 1595 li-

220 1609 288 1641 bris
311 1609 494 1642 ferendum.
542 1611 680 1640 Klotzius
702 1608 733 1639 iu
758 1608 842 1640 Add.
864 1621 894 1651 p.
913 1609 984 1641 115.

220 1654 302 1685 illud
326 1658 358 1686 ut
382 1666 399 1685 e
421 1653 607 1696 corruptela
630 1653 769 1695 quadam
800 1660 854 1684 aut
879 1656 984 1687 διττα-

221 1698 350 1742 γραφίᾳ
387 1705 495 1730 ortum
532 1705 647 1740 putat,
697 1700 827 1729 Wesenb.
867 1700 936 1729 Em.
962 1700 983 1728 l.

220 1755 252 1786 p.
268 1744 322 1776 53.
347 1755 386 1775 ex
410 1750 516 1775 antec.
541 1752 578 1774 ne
604 1749 659 1773 aut
683 1754 721 1773 ex
746 1749 852 1774 antec.
875 1746 906 1775 vi
929 1754 984 1774 re-

220 1788 336 1830 petito.

283 1834 376 1872 Apud
388 1834 476 1872 quos]
495 1832 642 1863 Breviter
655 1831 778 1863 dictum
794 1843 871 1875 pro:
896 1831 983 1874 apud

221 1888 302 1920 quos
328 1888 442 1908 eorum
466 1876 618 1908 ludorum
641 1896 684 1900 —-
708 1888 843 1919 magnus
876 1877 982 1908 honos

219 1922 280 1959 sit,
316 1924 403 1961 apud
427 1932 475 1953 eos
500 1921 622 1952 nullum
652 1921 692 1953 ab
716 1921 754 1951 iis
777 1941 817 1945 —
842 1921 982 1953 devitari

220 1966 397 1997 dolorem?
437 1966 525 2009 apud
560 1978 641 2009 quos
678 1972 787 1997 autem
813 1986 856 1990 —
882 1966 981 2008 viget,

219 2010 308 2054 apud
333 2022 388 2042 eos
413 2011 474 2053 (111,
501 2010 554 2053 qui
579 2011 664 2042 hanc
689 2011 845 2053 (laudem)
870 2018 983 2052 petes—

220 2062 314 2092 sunt,
340 2055 464 2085 nullum
490 2054 618 2095 fugiunt
641 2055 799 2085 dolorem.
851 2057 897 2085 De
921 2067 983 2097 qua

220 2099 349 2141 periodi
371 2099 636 2130 conformatione
656 2111 685 2130 v.
708 2102 926 2139 Naegelsbach.
945 2101 983 2131 L.

220 2143 336 2174 Stilist.
363 2145 391 2186 §.
417 2141 487 2174 124.
513 2155 545 2185 p.
562 2143 638 2175 303.

285 2189 451 2228 petessant]
474 2187 605 2218 Festus:
628 2190 774 2219 Petissere
789 2187 980 2229 (petessere)

219 2232 344 2274 antiqui
370 2243 430 2274 pro
453 2236 553 2271 petere
577 2232 751 2269 dicebant,
790 2244 825 2263 ea
851 2232 982 2275 quidem

219 2277 345 2315 forma,
383 2288 445 2319 qua
476 2283 552 2307 sunt
583 2279 727 2308 lacessere
759 2284 791 2308 et
825 2280 982 2316 incessere,

219 2321 296 2360 sed,
323 2328 358 2352 ut
381 2321 459 2352 mihi
484 2321 632 2360 videtur,
660 2328 728 2352 tum
753 2322 981 2363 significabant

218 2369 343 2406 saepius
365 2370 474 2405 petere.
523 2367 563 2397 V.
591 2368 762 2398 Forcellinii
782 2367 880 2398 Thes.
905 2368 979 2398 Lat.

218 2410 250 2441 h.
277 2422 306 2441 v,
355 2411 404 2441 De
430 2410 587 2441 orationis
614 2411 764 2453 obliquae
793 2412 826 2442 in
859 2418 980 2443 rectam

219 2455 356 2485 transitu
383 2467 411 2485 v.
440 2455 605 2486 Adnotatu
630 2455 661 2486 in
688 2457 741 2486 lv.
773 2456 831 2492 10,
857 2454 912 2488 2-1.

288 2501 517 2540 ambitionibus]
554 2501 595 2530 H.
623 2512 649 2530 e.
678 2500 891 2542 petitionibus
915 2500 981 2532 ho-

220 2553 346 2573 norum.
394 2544 432 2572 V.
460 2546 580 2575 Schsttz.
611 2544 677 2575 lud.
707 2545 812 2576 Latin.
838 2545 870 2577 h.
893 2557 922 2576 v,

288 2597 365 2626 quae
390 2589 518 2627 flamma
544 2593 603 2627 est,
639 2599 693 2628 per
723 2600 817 2628 quum
844 2601 903 2621 non
928 2601 981 2622 cu-

220 2630 392 2673 currerint]
429 2632 643 2663 proverbialis
678 2633 807 2664 dicendi
840 2635 981 2666 formula

219 2687 299 2718 pro:
327 2678 445 2707 nullum
465 2678 637 2714 periculum
661 2680 884 2718 subterfugere,
907 2690 981 2719 yra-

219 2722 361 2751 vissimos
386 2722 504 2750 labores
535 2723 686 2759 suscipere
724 2728 771 2762 (nt
801 2723 913 2754 nobis:
951 2734 982 2755 er

219 2766 298 2804 lr'iufl
332 2766 382 2804 fiir
406 2766 487 2795 mich
509 2766 632 2795 durch's
652 2766 771 2806 Feuer).
820 2768 980 2809 Apposite

219 2811 242 2840 I.
262 2811 425 2848 Pugninus
460 2815 628 2850 comparat
660 2810 734 2840 Ter.
762 2811 841 2841 Eun.
869 2813 922 2842 111.
947 2815 978 2851 2,

218 2853 276 2885 ὃὸτ
304 2855 330 2884 E
352 2855 481 2893 flamma
502 2857 601 2892 petere
623 2859 654 2883 te
677 2852 783 2883 cibum
807 2866 902 2895 posse
924 2868 978 2887 ar-

219 2897 334 2928 bitror.
353 2898 435 2928 Hor.
456 2908 508 2939 ep.
530 2899 554 2930 1.
575 2898 601 2936 1,
620 2895 682 2930 46:
710 2909 768 2939 per
788 2910 875 2929 mare
895 2911 979 2941 pau-

219 2942 342 2983 periem
369 2941 516 2984 fugiens,
543 2953 601 2985 per
622 2953 709 2980 saxa,
735 2953 794 2984 per
817 2945 912 2983 iynes.
936 2965 977 2969 —

1022 1431 1069 1461 De
1092 1441 1158 1473 seq.
1191 1432 1265 1462 haec
1296 1442 1356 1473 pio
1389 1432 1442 1462 hos
1474 1430 1565 1462 dicto
1597 1442 1626 1462 v.
1657 1430 1699 1462 ad
1723 1431 1778 1462 111.

1086 1523 1209 1559 punctis
1223 1522 1367 1562 sinyulis]
1392 1521 1432 1552 H.
1447 1532 1476 1551 e.
1493 1520 1692 1563 singuloium
1710 1519 1779 1550 suf-

1021 1564 1141 1606 fragiis.
1191 1565 1353 1607 Suffragia
1385 1565 1470 1597 enim
1495 1572 1571 1596 ante
1596 1564 1780 1596 tabularum

1020 1621 1110 1640 usum
1124 1609 1155 1640 in
1174 1609 1314 1640 comitiis
1331 1610 1530 1641 notabantur
1545 1612 1677 1649 punctis,
1698 1620 1779 1652 quae

1021 1653 1268 1685 candidatorum
1282 1654 1468 1686 nominibus
1484 1655 1701 1686 addebantur.
1741 1654 1778 1684 V.

1019 1701 1150 1730 Erneslii
1175 1699 1262 1730 Clav.
1287 1699 1434 1731 Ciceron.
1459 1699 1491 1731 h.
1511 1712 1541 1731 v.
1577 1700 1681 1738 Quem
1705 1709 1779 1729 mo—

1019 1754 1088 1774 rem
1108 1743 1270 1785 significat
1286 1744 1443 1775 Horatius
1463 1747 1499 1776 A.
1515 1745 1549 1775 P.
1565 1742 1649 1776 343:
1676 1745 1779 1774 Omne

1018 1788 1094 1819 tulit
1117 1795 1293 1831 punctum,
1330 1789 1384 1831 qui
1415 1788 1545 1820 miscuit
1569 1789 1648 1820 utile
1673 1787 1776 1820 dulci:

1019 1832 1073 1863 ubi
1106 1845 1137 1864 v.
1173 1834 1282 1875 intpp.
1306 1835 1405 1865 Moser
1437 1833 1550 1864 laudat
1582 1833 1779 1874 interpretes

1017 1877 1060 1908 ad
1087 1877 1120 1908 C.
1145 1889 1205 1920 pro
1231 1878 1339 1909 Plane.
1360 1878 1414 1910 22.
1441 1889 1502 1920 pro
1528 1879 1611 1909 Mur.
1633 1875 1687 1910 34.

1084 1923 1325 1965 Xenophontem]
1359 1924 1398 1956 V.
1427 1925 1592 1954 Weishium
1615 1921 1649 1953 in
1674 1922 1778 1964 praef.

1017 1967 1059 1998 ad
1082 1968 1126 1997 X.
1153 1967 1274 2009 Cyrop.
1296 1979 1328 2009 p.
1346 1967 1498 2000 CXXIV.
1522 1974 1555 1998 et
1576 1966 1616 1997 de
1640 1973 1776 1998 senten-

1016 2012 1082 2049 tia,
1118 2023 1200 2054 quae
1223 2012 1386 2055 sequitur,
1414 2014 1602 2044 Freinshem.
1628 2011 1670 2042 ad
1694 2011 1776 2042 Cur-

1017 2056 1100 2087 tium
1128 2058 1199 2087 Vll.
1226 2057 1266 2095 ὃ,
1297 2057 1345 2090 17.
1404 2055 1638 2099 Xenophontis
1674 2055 1776 2095 locus,

1019 2100 1073 2142 qui
1097 2101 1128 2131 h.
1154 2101 1176 2133 l.
1205 2101 1397 2143 respicitur,
1434 2108 1484 2132 est
1510 2102 1584 2144 Cyr.
1608 2102 1634 2131 Ι.
1657 2100 1697 2139 6,
1723 2101 1776 2132 25.

1020 2145 1172 2176 Ceterum
1192 2153 1287 2176 acute
1306 2152 1419 2177 monet
1436 2148 1572 2186 Wolfius,
1595 2145 1778 2176 orationem

1018 2189 1235 2231 negligentius
1255 2190 1497 2220 conformatam
1518 2202 1587 2220 esse
1608 2201 1689 2230 pro:
1715 2192 1777 2221 lla-

1017 2244 1074 2273 que
1106 2236 1272 2273 Africanus
1315 2237 1346 2266 in
1381 2237 1536 2265 Socratico
1572 2236 1778 2272 Xenophonte,

1016 2289 1104 2318 quem
1130 2288 1247 2318 semper
1268 2281 1301 2309 in
1321 2281 1464 2310 munibus
1485 2281 1634 2318 habebat,
1658 2281 1689 2309 in
1712 2281 1776 2317 pri-

1016 2325 1076 2354 mis
1100 2325 1251 2354 laudabat
1276 2325 1354 2354 illud
1390 2329 1467 2354 cett.
1515 2325 1619 2361 Quam
1644 2322 1776 2353 dicendi

1015 2367 1247 2409 negligentiam
1261 2380 1325 2399 non
1341 2367 1558 2409 negligentiae
1576 2367 1702 2398 cuidam
1714 2367 1777 2398 tri-

1015 2412 1142 2449 bueris,
1169 2412 1226 2443 sed
1249 2411 1432 2454 quotidiani
1453 2412 1611 2443 sermonis
1637 2422 1777 2443 consue-

1016 2456 1139 2494 tudini,
1166 2468 1280 2499 quam,
1307 2464 1342 2488 ut
1359 2468 1457 2499 saepe
1476 2456 1539 2488 iam
1561 2456 1717 2493 diximus,
1742 2456 1774 2487 hi

1016 2501 1089 2532 libri
1117 2501 1278 2544 di·1logica
1309 2502 1416 2532 forma
1448 2501 1624 2542 conscripti
1656 2500 1697 2531 de
1721 2500 1776 2530 in·-

1017 2545 1140 2577 dust1ia
1162 2547 1368 2577 allectarunt.
1416 2546 1510 2576 Plura
1533 2545 1626 2576 huius
1647 2544 1774 2586 generis

1016 2592 1164 2633 exempla
1200 2591 1402 2632 collegtrunt
1433 2591 1610 2628 Madvigius
1640 2588 1681 2619 ad
1705 2588 1773 2620 Fin.

1018 2637 1041 2673 1,
1059 2635 1090 2668 6.
1114 2647 1144 2677 p.
1160 2634 1213 2668 40.
1235 2642 1267 2666 et
1281 2635 1496 2674 Naegelsbach.
1513 2633 1532 2665 1.
1550 2633 1580 2666 d.
1605 2633 1633 2675 ᾗ.
1652 2633 1721 2671 127,
1741 2632 1772 2665 ’1.

1016 2692 1048 2722 p.
1069 2681 1145 2713 5119.

1083 2735 1176 2764 oeque
1199 2733 1310 2765 graves
1334 2724 1511 2762 imperatori
1535 2725 1561 2752 et
1584 2721 1689 2763 militi]
1726 2721 1774 2751 1)‹›

1015 2769 1078 2800 hoc
1098 2769 1172 2800 loco
1194 2780 1260 2799 non
1283 2774 1371 2798 recte
1401 2765 1556 2797 iudicwit
1580 2765 1749 2797 Handius
1741 2777 1773 2797 111

1014 2813 1153 2845 Τω·5ε“1].
1180 2815 1202 2844 l.
1226 2824 1257 2855 p.
1279 2813 1358 2847 19ος
1395 2822 1469 2842 nam
1501 2810 1598 2841 veiba
1629 2809 1674 2841 sic
1697 2809 1773 2840 iun-

1014 2857 1119 2899 genda
1145 2864 1237 2888 sunt:
1275 2855 1407 2887 eosdem
1430 2854 1560 2886 labores
1583 2854 1773 2896 imperatori

1014 2909 1048 2933 et
1069 2901 1165 2934 militi
1180 2913 1245 2934 non
1261 2911 1330 2932 esse
1354 2910 1456 2942 aeque
1477 2911 1549 2941 grai
1559 2911 1602 2931 eS.
1625 2900 1666 2932 V.
1682 2900 1774 2932 Mad-

1013 2949 1134 2987 viyium
1157 2946 1200 2979 ad
1224 2945 1295 2977 Fin.
1321 2946 1355 2984 Ι,
1380 2945 1434 2977 20.
1460 2955 1494 2987 p.
1520 2943 1594 2977 126.
