1832 3137
670 77 1011 110 PROLEGOMENA.
1569 70 1624 112 ‘29

64 167 142 210 est,
181 159 385 211 oppositae
409 165 504 196 sunt
527 160 763 211 offensione-s·
790 157 1222 210 (V'erccbsclzeutmgen)
1236 186 1249 203 ,
1279 171 1380 209 quae
1404 158 1550 198 habent
1571 162 1623 199 ad

66 235 191 267 certas
214 241 277 264 res
306 226 527 274 fastidium,
567 232 612 263 ut
631 225 837 263 mulierum
860 227 1014 275 odium,
1050 233 1109 275 et,
1150 233 1197 264 ut
1226 226 1355 264 morbi
1379 228 1622 277 aegrotatio·

66 309 211 345 nesque
231 295 394 332 libidine
416 308 461 332 ac
480 293 648 341 laetitia,
677 292 734 329 sic
755 292 828 330 hae
845 301 952 331 metu
967 301 1194 332 moventur.
1225 308 1257 332 c.
1280 297 1345 332 10.
1404 294 1536 332 Morbi
1553 309 1622 333 ae-

65 363 385 415 grotationesque
405 361 642 413 cogitatione
663 360 769 397 inter
796 374 835 397 se
864 361 1075 410 differunt,
1105 375 1148 399 re
1173 361 1359 412 copulata
1385 368 1490 400 sunt.
1550 364 1622 401 Se—

67 431 206 481 quitur
241 431 403 468 uberior
438 428 633 480 expositio
666 427 897 464 morborum
936 429 1328 479 aegrotationumque
1363 435 1401 466 et
1439 443 1539 480 quae
1571 431 1625 469 eis

68 497 292 536 contrariae
315 503 409 535 sunt
435 496 708 534 offensionum.
740 509 772 531 c.
797 498 861 532 11.
924 495 1071 533 Deinde
1095 496 1276 547 corporis
1302 496 1499 547 animique
1520 499 1624 535 vali-

68 566 220 603 tudinis
251 564 543 603 similitudinem
571 562 696 600 fusius
732 562 1000 612 persequitur.
1060 562 1398 609 Quemadmodum
1427 566 1529 602 enim
1559 566 1624 603 alii

71 633 119 670 ad
146 633 244 671 alios
277 633 434 669 morbos
464 629 725 682 procliviores
756 637 868 677 sunt,
908 630 965 666 sie
995 629 1059 666 alii
1093 630 1142 666 ad
1169 631 1262 667 alias
1291 633 1624 681 perturbationes,

69 714 102 738 c.
131 705 195 738 12.
221 707 259 738 et
281 706 327 736 ut
349 699 390 735 in
424 711 596 748 corpore
625 703 663 734 et
691 698 852 734 morbus
880 704 918 734 et
947 697 1165 747 aegrotatio
1201 703 1239 734 et
1271 697 1415 734 vitium
1450 706 1527 748 est,
1570 701 1626 737 sic

68 767 108 804 in
130 768 272 804 animo.
302 766 556 816 ‚Explicatio
587 764 816 802 vitiositatis
840 765 882 801 in
912 765 1057 801 animo.
1117 765 1243 802 Porro
1266 765 1307 801 in
1330 765 1444 803 bonis
1469 780 1627 817 quoque

68 835 187 871 animi
224 840 403 871 naturam
434 832 595 883 attingit
628 832 809 883 corporis
839 832 1079 881 similitud03
1123 838 1217 869 sunt
1249 832 1349 869 enim
1382 833 1424 869 in
1459 847 1629 885 corpore

68 901 343 952 pulchritudO,
373 900 502 948 vires,
532 900 733 947 valitudo,
763 899 939 948 firmitas,
970 900 1176 949 velocitas,
1205 906 1300 937 sunt
1316 901 1407 937 item
1426 901 1466 938 in
1486 902 1629 940 animo.

69 983 102 1007 c.
134 973 197 1007 15.
257 968 355 1006 illud
386 974 514 1005 autem
539 967 761 1004 animorum
785 981 1077 1018 corporumque
1101 967 1306 1015 dissimile,
1349 968 1457 1017 quod
1479 983 1628 1021 corpo-

70 1050 158 1074 rum
185 1036 282 1072 mala
305 1034 466 1087 (morbi)
495 1035 579 1072 sine
605 1036 721 1085 culpa
747 1035 923 1072 accidere
948 1042 1135 1084 possunt,
1175 1035 1396 1072 animorum
1422 1050 1502 1073 non
1525 1036 1628 1075 item.

73 1103 246 1152 Denique
276 1102 514 1152 exponitur,
558 1101 654 1150 quid
682 1103 723 1138 in
749 1102 1119 1151 perturbationibus
1155 1102 1274 1138 animi
1307 1102 1495 1140 differant
1519 1103 1630 1155 inge-

75 1171 173 1207 niosi
206 1169 384 1207 homines
416 1176 453 1206 et
485 1168 651 1206 hebetes.
683 1182 714 1205 c.
741 1171 803 1206 14.

187 1250 218 1273 c.
287 1237 500 1274 Οοιισῖιιείο
531 1236 679 1285 primae
714 1236 839 1286 partis
865 1236 1147 1285 disputationis
1181 1237 1228 1274 de
1261 1237 1632 1287 perturbationibus

73 1310 111 1340 et
143 1302 334 1340 transitus
365 1302 415 1339 ad
445 1302 607 1339 alteram
636 1308 802 1353 partem.
834 1316 865 1340 c.
895 1305 959 1340 14.
988 1301 1029 1353 §.
1051 1306 1117 1341 55.

624 1450 669 1487 B.
727 1449 923 1487 ALTERA
953 1450 1091 1498 PARS,

713 1548 781 1575 QUA
805 1548 992 1577 PROBATER,

242 1604 638 1637 PERTURBATJONES
663 1604 711 1636 IN
738 1605 990 1637 SAPIENTEM
1019 1605 1191 1637 CADERE
1215 1605 1310 1637 NON
1335 1607 1476 1639 POSSE.

187 1722 222 1745 a.
280 1709 582 1759 Argumentum
593 1735 607 1752 ,
639 1721 718 1758 quo
738 1709 947 1759 probatur,
979 1709 1192 1759 sapientem
1215 1711 1396 1748 omnibus
1418 1713 1632 1762 perturba—

74 1776 252 1814 tionibus
275 1789 426 1812 vacare.
487 1777 537 1813 Ut
565 1776 696 1813 virtus
715 1782 770 1813 est
791 1776 945 1813 afl'ectio
967 1777 1084 1813 animi
1108 1784 1290 1814 constans
1310 1779 1634 1830 conveniensque,

74 1843 290 1881 laudabiles
309 1843 477 1880 efficiens
503 1857 580 1891 eos,
611 1844 652 1880 in
676 1843 820 1891 quibus
842 1849 910 1890 est,
942 1850 980 1880 et
998 1844 1082 1893 ipsa
1103 1857 1175 1894 per
1197 1858 1288 1892 sese,
1319 1853 1499 1895 separata
1519 1847 1635 1884 etiam

75 1911 272 1957 utilitate,
317 1909 541 1956 laudabilis,
585 1923 632 1946 ex
668 1922 789 1959 eaque
826 1910 1138 1959 proficiscuntur
1178 1910 1363 1949 honestae
1396 1906 1635 1963 voluntates,

77 1978 252 2015 actiones
276 1977 478 2026 omnisque
499 1983 605 2013 recta
626 1976 752 2014 ratio:
781 1976 835 2014 ita
857 1978 1050 2015 vitiositas
1076 1978 1239 2016 virtutis
1262 1981 1466 2017 contraria
1489 1982 1556 2031 e'st,
1587 1996 1636 2020 ex

78 2057 199 2094 eaque
221 2044 474 2081 concitantur
502 2043 842 2094 perturbationes:
882 2058 982 2095 quae
1006 2046 1192 2095 quoniam
1217 2060 1368 2084 omnem
1393 2048 1512 2085 animi
1536 2063 1635 2088 con-

78 2111 260 2149 stantiam
279 2111 446 2158 tollunt,
478 2110 674 2149 hominem
696 2117 734 2148 et
754 2112 918 2149 miseriis
939 2113 1138 2164 affligunt,
1171 2120 1209 2152 et
1231 2114 1480 2154 deformitate
1497 2117 1636 2167 inqui-

79 2184 186 2217 nant.
217 2193 250 2216 c.
277 2182 341 2216 15.
372 2181 437 2216 16.
473 2180 601 2229 princ.
661 2180 825 2230 Sapiens
860 2187 988 2218 autem
1022 2181 1054 2218 is
1085 2188 1160 2230 est,
1204 2182 1272 2232 qui
1303 2183 1571 2222 moderatione
1600 2191 1638 2222 et

78 2246 301 2284 constantia
326 2245 481 2296 quietus
506 2246 634 2284 animo
659 2253 716 2285 est
741 2249 893 2298 sibique
913 2249 996 2299 ipse
1022 2249 1199 2300 placatus
1227 2263 1438 2299 omnesque
1466 2264 1528 2287 res
1555 2251 1636 2288 hu-

77 2327 207 2351 manas
227 2314 433 2351 inferiores
457 2327 495 2351 se
518 2314 687 2364 ducens,
726 2316 862 2353 beatus
886 2316 1024 2366 igitur.
1084 2318 1142 2354 Ex
1168 2317 1221 2353 eis
1244 2316 1367 2367 igitur
1388 2317 1638 2368 intelligitur,

78 2381 307 2417 sententiam
342 2381 609 2430 propositam,
650 2385 694 2419 in
725 2385 948 2433 sapientem
972 2383 1300 2433 lem-turbationes
1331 2384 1472 2422 cadere
1501 2400 1636 2436 posse,

77 2460 206 2485 secum
236 2459 425 2498 pugnare.
455 2445 496 2497 §-
524 2451 590 2485 56.
621 2462 655 2485 c.
686 2453 747 2488 17.
780 2448 820 2500 §.
845 2454 912 2488 57.
942 2453 1009 2488 58.

191 2515 226 2551 b.
276 2515 494 2563 Refectum)
514 2516 889 2564 J’eripateticommz.
941 2516 1192 2566 Peripatetici
1214 2519 1535 2569 perturbationes
1555 2534 1637 2558 non

76 2581 193 2619 modo
211 2581 409 2619 naturales
428 2595 507 2618 esse
525 2581 718 2631 dicebant,
749 2583 815 2621 sed
834 2583 950 2620 etiam
972 2584 1127 2622 utiliter
1146 2599 1167 2622 a
1186 2592 1331 2623 natura
1351 2586 1474 2635 datas,
1505 2588 1637 2637 eisque

76 2649 235 2687 modum
267 2649 546 2687 adhibendum.
607 2650 685 2686 Has
713 2651 925 2688 sententias
953 2651 1006 2688 ita
1032 2653 1181 2690 refutat
1203 2654 1364 2703 Cicero,
1404 2661 1449 2691 ut
1473 2655 1635 2692 demon-

76 2723 194 2765 stret,
232 2717 334 2756 vitio
368 2717 523 2754 nullum
552 2716 818 2754 adhibendum
846 2732 922 2756 esse
942 2720 1125 2769 modum,
1162 2735 1249 2757 nam
1277 2723 1454 2771 quamvis
1478 2722 1637 2758 modum

77 2790 208 2822 teneas
230 2785 273 2822 in
289 2784 676 2836 perturbationibus,
707 2791 835 2823 tamen
854 2787 997 2824 vitium
1018 2794 1053 2824 te
1074 2789 1328 2837 committere,
1359 2789 1544 2839 quoniam
1567 2802 1635 2825 ra-

78 2851 181 2889 tioni
201 2866 281 2891 non
305 2865 465 2904 pareas,
498 2865 625 2903 neque
645 2852 728 2890 eius
751 2853 856 2892 modi
875 2855 1064 2893 terminos
1091 2856 1279 2894 constitui
1305 2869 1438 2907 posse,
1469 2856 1637 2907 denique
