1863 3221
527 92 584 123 AD
611 91 893 123 LUDOLPHUM
922 92 1172 124 DlSSENIUM.
1560 83 1627 120 Vll

0 181 3 271 l
66 183 223 230 fecerit
249 183 485 243 eademque
519 184 573 230 ad
606 184 726 230 illius
763 184 1006 245 exemplum
1046 184 1222 246 egregio
1257 183 1428 231 dicendi
1464 199 1623 246 genere

68 273 362 335 expresserit,
398 273 509 319 mira
547 274 732 333 quadam
767 289 834 318 me
872 274 1022 320 allexit
1057 275 1112 321 ad
1148 290 1194 321 se
1232 273 1533 321 delectatione.

198 364 496 424 Posteaquam
527 367 628 410 ante
667 365 873 423 quattuor
901 379 1068 422 annos,
1116 362 1327 426 Gottinga
1352 364 1530 423 relicta,
1578 364 1624 411 in

63 454 187 512 lyceo
213 453 570 512 Hannoverano‚
608 453 726 513 quod
750 450 931 513 Georgii
951 452 1170 500 Friderici
1198 453 1482 513 Grotefendi,
1520 470 1623 501 eru-

65 543 246 590 ditionis
273 543 387 589 sama
413 542 668 600 clarissimi,
705 541 911 603 auspiciis
933 542 1172 588 laetissime
1199 543 1416 603 effloruit,
1465 544 1624 592 iuven-

62 634 171 680 tutis
206 634 484 693 antiquarum
520 633 767 679 litterarum
802 632 961 678 studiis
1006 632 1263 678 imbuendae
1303 634 1621 697 fingendaeque

61 723 332 784 provinciam
360 722 558 784 suscepi3
603 722 727 769 enixe
754 722 899 769 omnia
922 721 1120 769 facienda
1150 723 1328 785 putavi,
1373 727 1448 782 ut,
1496 740 1624 784 quam

62 811 246 873 perfecti
268 817 311 858 et
333 813 533 859 omnibus
553 812 749 859 numeris
771 813 961 859 absoluti
980 817 1180 861 veterum
1198 812 1466 874 scriptorum
1483 813 1623 859 inter-

61 903 225 963 pretis,
272 919 296 949 a
316 907 392 950 tua
417 902 647 965 disciplina
669 903 867 962 ductam,
913 903 1177 965 cogitatione
1199 902 1498 964 concepissem
1522 919 1623 965 spe-

63 993 193 1051 ciem,
230 997 438 1053 tanquam
463 993 684 1054 exemplar
705 993 811 1039 mihi
834 1009 1157 1056 proponerem,
1194 994 1248 1040 ad
1270 993 1392 1040 cuius
1417 993 1625 1039 similitu-

62 1082 232 1141 dinem,
270 1088 482 1143 quantum
505 1083 553 1129 in
576 1099 643 1129 me
672 1087 816 1141 esset,
852 1088 990 1130 totam
1010 1083 1335 1144 interpretandi
1357 1087 1497 1129 artem
1517 1083 1625 1128 diri-

64 1187 210 1233 gerem
244 1188 291 1218 ac
320 1187 641 1232 componerem.
711 1172 867 1229 Itaque
901 1172 948 1215 in
978 1172 1247 1232 explicandis
1280 1176 1482 1218 veterum
1514 1172 1626 1218 scri-

63 1266 240 1322 ptorum
267 1259 563 1306 monumentis
583 1259 696 1304 nihil
729 1259 854 1320 prius
880 1264 1010 1319 atque
1045 1260 1270 1319 antiquius
1296 1259 1451 1318 habui,
1497 1277 1625 1321 quam

64 1354 129 1408 ut,
165 1366 188 1396 a
217 1348 498 1411 grammatica
519 1347 690 1395 ratione
718 1352 761 1394 et
785 1348 959 1410 linguae
982 1349 1160 1410 ingenio
1184 1349 1495 1410 proficiscens,
1534 1351 1626 1397 ‹lis-

65 1440 233 1501 cipulos
254 1455 376 1486 meos
400 1440 461 1485 ita
486 1438 789 1497 instituerem,
825 1443 875 1485 ut
897 1454 971 1485 res
995 1444 1038 1486 et
1059 1440 1302 1487 sententias
1317 1476 1330 1499 ,
1365 1440 1412 1486 in
1436 1440 1526 1487 illis
1551 1456 1625 1487 ex-

62 1546 240 1592 pressas
255 1566 267 1588 ,
304 1529 448 1576 animo
472 1533 704 1589 menteque
725 1529 1004 1591 perciperent
1029 1534 1071 1575 et
1094 1531 1146 1576 ad
1171 1530 1424 1577 divinorum
1446 1531 1626 1578 illorum

65 1620 339 1680 antiquitatis
378 1619 657 1682 ingeniorum
695 1620 1010 1681 praestantiam
1048 1621 1349 1667 admirandam
1381 1622 1627 1683 suspicien-

64 1711 249 1770 damque
276 1725 372 1756 sese
400 1709 636 1772 erigerent.
710 1709 783 1756 Sic
806 1710 921 1756 enim
948 1712 1193 1772 sperabam,
1229 1711 1341 1769 fore,
1369 1715 1419 1757 ut
1441 1711 1624 1759 iuvenes

63 1816 153 1846 non
193 1800 336 1847 solum
370 1800 621 1847 uberrimos
661 1800 717 1846 ad
752 1800 921 1862 ingenii
958 1801 1177 1861 animique
1212 1802 1375 1849 cultum
1421 1807 1627 1864 caperent

62 1890 258 1949 fructus,
305 1906 460 1938 verum
487 1891 644 1948 etiam,
691 1906 820 1949 quem
850 1890 928 1936 hac
954 1891 1234 1936 institutione
1263 1891 1419 1936 intimo
1447 1896 1625 1953 pectore

65 1981 377 2027 combibissent
396 1984 598 2026 veterum
618 1979 885 2040 scriptorum
907 1995 1115 2037 amorem,
1137 1980 1290 2025 eodem
1310 1995 1389 2041 per
1410 1980 1625 2039 reliquam

65 2071 195 2117 etiam
223 2074 406 2116 aetatem
443 2069 666 2130 percussi,
715 2068 1000 2115 humanitatis
1030 2074 1072 2115 et
1111 2070 1431 2131 elegantiorum
1454 2069 1627 2116 littera—

66 2176 163 2206 rum
200 2159 346 2206 studia
373 2158 569 2204 colerent
607 2174 842 2219 earumque
879 2159 1028 2205 lumen
1057 2161 1112 2206 ad
1148 2160 1256 2206 alias
1290 2159 1544 2222 disciplinas
1581 2175 1627 2206 ac

67 2250 289 2296 doctrinas
335 2249 429 2296 sive
468 2250 711 2295 accuratius
749 2251 1092 2311 perscrutandas
1140 2250 1234 2297 sive
1273 2250 1402 2296 etiam
1443 2250 1626 2296 clariore

69 2341 162 2385 luce
198 2339 485 2386 illustrandas
521 2339 794 2386 adhiberent.

201 2428 355 2487 Itaque
375 2429 462 2474 iam
484 2430 557 2475 diu
574 2430 621 2475 in
643 2431 804 2492 optatis
823 2430 921 2489 fuit,
947 2435 995 2477 ut
1016 2431 1182 2477 veteris
1205 2429 1435 2491 scriptoris
1452 2430 1627 2487 librum,

69 2534 172 2564 cura
197 2533 291 2564 mea
314 2518 611 2577 illustratum,
657 2520 908 2581 speciminis
933 2520 1029 2566 loco
1056 2520 1252 2577 ederem,
1304 2535 1388 2579 quo
1415 2519 1494 2565 tibi
1520 2536 1626 2581 pro-

71 2610 241 2666 barem,
280 2624 409 2668 quam
434 2608 479 2654 in
505 2609 789 2670 explanandis
812 2614 1013 2656 veterum
1042 2609 1307 2671 scriptorum
1330 2610 1627 2655 monumentis

70 2698 320 2744 insisterem
358 2699 574 2745 rationem
614 2703 742 2759 atque
771 2700 900 2746 viam.
972 2699 1074 2746 Alia
1112 2704 1241 2760 atque
1280 2700 1363 2746 alia
1398 2700 1627 2761 agitabam,

70 2788 197 2848 plura
219 2788 498 2848 inchoabam,
536 2789 680 2835 omnia
704 2793 848 2835 tamen
874 2790 1075 2836 inchoata
1098 2790 1281 2850 reliqui,
1328 2790 1446 2847 sive,
1493 2793 1542 2834 ut
1564 2788 1627 2845 fit,

74 2878 189 2935 quod
224 2878 344 2924 nulla
375 2879 481 2925 mihi
515 2883 665 2941 coepta
703 2879 966 2942 profligandi
1003 2885 1041 2926 et
1082 2881 1135 2926 ad
1169 2881 1330 2926 exitum
1364 2878 1629 2940 perducendi
