1863 3221
231 111 311 153 198

824 111 986 145 LIBER
1010 113 1052 144 11.
1077 110 1118 151 8,
1142 110 1197 144 20.

403 198 646 247 Urgmssnsqzce
672 195 844 244 graviter
868 193 1084 242 pulmonum
1115 192 1246 228 haurit
1272 192 1455 242 spiritus,-

398 272 475 308 Iam
506 269 712 307 decolorem
741 261 961 316 scingm'nem
991 278 1129 303 omnem
1160 264 1369 302 exsorbuit.

401 345 466 381 Sic
496 344 633 392 corpus
663 341 768 377 clade
794 338 977 376 horribili
1001 338 1234 388 absumptum
1264 332 1448 382 exhibuit,

401 418 484 466 Ipse
515 416 690 464 illigatus
715 414 820 463 peste
849 413 1043 450 intem'mor
1075 411 1211 448 tea-till.

401 491 480 527 Hos
509 491 583 526 non
614 487 761 524 hostilis
791 487 925 523 domim
938 514 948 531 ‚
983 498 1055 522 non
1090 484 1207 521 Termi
1237 483 1337 520 edita

402 562 524 599 Moles
556 559 813 610 &gg-antam&
847 561 920 596 non
953 557 1150 609 biformato
1181 555 1317 606 impetu

404 636 615 673 Centaurus
645 634 741 670 ictus
771 633 926 682 corpori
952 630 1129 682 z'nstetrlt5
1165 643 1258 675 meo,

403 709 488 745 Non
522 701 637 744 Grdz‘a
667 707 722 743 vis
734 734 744 751 ,
778 718 850 742 72on
882 699 1044 741 bcirbara
1073 703 1153 740 ulla
1180 697 1404 747 z'mmdm'tas,

402 781 487 818 Non
517 780 627 817 saeva
659 780 771 816 terris
797 778 893 827 gens
923 777 1091 826 relegata
1122 776 1276 821 zllte‘tm‘s,

323 907 344 941 4
371 908 409 940 R.
423 907 510 939 Gud.
525 906 556 938 2.
581 905 694 938 Duisb.
714 907 904 946 Gi9anlium.
929 903 1027 935 Male.
1053 904 1092 935 V.
1104 914 1164 935 nos
1178 903 1211 934 in
1225 903 1282 934 Gr.
1296 902 1336 934 L.
1355 900 1448 947 §.20,
1463 900 1498 944 2)
1524 900 1573 944 d).

238 988 277 1019 R.
300 986 387 1019 Gud.
401 986 430 1018 1.
457 985 508 1016 El.
531 984 563 1017 3.
584 994 646 1026 pro
667 983 753 1025 vulg.
776 984 883 1014 lateri:
907 980 996 1024 quod

236 1031 292 1064 Kl.
315 1042 401 1061 nuuc
422 1029 455 1060 in
478 1029 564 1061 Add.
590 1040 623 1071 p.
639 1026 693 1061 74.
717 1033 750 1058 et
772 1027 814 1058 ob
838 1026 997 1057 librorum

234 1074 467 1107 auctoritatem
498 1079 532 1104 et
561 1071 651 1115 quod
682 1082 721 1102 ex
750 1070 884 1113 antiqua
912 1069 997 1100 scri-

233 1126 331 1162 ptura
361 1121 484 1149 laterei
514 1119 578 1148 inlt.
610 1115 708 1147 facile
742 1115 818 1146 oriri
852 1113 999 1156 potuerit

235 1167 328 1196 latere
353 1165 437 1202 inlu,
471 1168 504 1193 et
533 1160 622 1204 quod
651 1160 788 1191 verbum
818 1159 999 1191 inhaerendi

235 1219 303 1241 non
327 1212 545 1244 construatur,
570 1204 632 1236 nisi
656 1216 730 1236 cum
747 1207 780 1236 in
800 1210 833 1235 et
854 1203 919 1235 abl.
941 1208 998 1233 aut

237 1265 309 1286 cum
331 1252 421 1290 dat.‚
456 1249 709 1293 praeferendum
735 1255 841 1292 putat.
890 1247 998 1279 Etiam

238 1298 372 1330 Wesenb.
396 1297 468 1328 Em.
491 1297 514 1327 l.
539 1306 571 1338 p.
592 1294 641 1327 13.
675 1301 708 1325 et
735 1294 777 1324 ob
801 1299 998 1324 structuram

236 1349 270 1375 et
294 1341 382 1385 quod
412 1340 596 1372 litterarum
616 1341 629 1370 i
651 1344 685 1370 et
706 1349 720 1370 e
750 1338 784 1369 in
807 1338 888 1379 Reg.
915 1347 997 1368 con-

237 1387 323 1418 fusio
348 1384 614 1428 frequentissima
636 1383 679 1414 sit
700 1384 749 1426 (ut
772 1383 797 1413 Ι.
824 1383 852 1424 ξ.
867 1381 919 1414 27.
943 1380 998 1412 in·-

236 1430 402 1474 expiabili.
451 1430 478 1470 §.
500 1427 553 1461 40.
588 1427 680 1459 mari.
738 1428 777 1459 11.
802 1426 831 1468 gi.
850 1423 904 1458 46.
931 1425 998 1456 ho-

234 1475 334 1508 mine.
384 1475 413 1516 ᾗ.
442 1473 497 1507 67.
530 1472 588 1503 illi.
639 1474 667 1513 ξ.
691 1470 745 1504 63.
776 1470 892 1503 videri.
939 1471 997 1501 Ill.

237 1522 268 1564 §.
284 1519 338 1553 23.
362 1518 483 1549 similes
506 1516 745 1559 aegritudines,
778 1514 994 1558 aegritudine.

236 1566 266 1608 gi.
284 1565 337 1596 25.
361 1562 612 1605 impendentes,
638 1572 746 1593 omne.
794 1563 823 1604 ᾗ.
849 1559 901 1592 56.
936 1571 998 1602 ge-

234 1620 324 1641 nere.
370 1609 426 1640 JV.
450 1609 480 1650 §.
496 1606 549 1639 56.
582 1605 772 1638 obtrectari.
820 1606 847 1648 §.
863 1602 917 1636 254.
942 1616 999 1636 ra-

235 1654 339 1686 tione.
387 1653 414 1694 ξ.
432 1651 486 1685 64.
515 1651 573 1685 illi.
620 1652 659 1683 V.
684 1648 779 1685 (ἵ.44.
812 1649 995 1690 continere)

237 1700 327 1730 lateri
346 1696 571 1739 recipiendum
594 1701 718 1728 censet.
753 1696 875 1725 Verum
899 1705 998 1736 quum

236 1743 309 1786 ipse
331 1741 491 1774 concedat
512 1741 593 1772 alios
615 1740 794 1781 scriptores
815 1738 934 1769 dixisse
958 1748 997 1770 re

235 1790 360 1820 haerere
385 1788 427 1829 (v.
453 1787 586 1817 Lucret.
610 1786 677 1824 Ill,
705 1784 778 1817 177.
826 1783 917 1825 Virg.
945 1783 997 1821 10,

234 1831 312 1865 361.
345 1829 484 1862 Phaedr.
507 1831 530 1861 Ι.
552 1829 583 1868 8,
605 1827 651 1869 4.)
678 1835 712 1860 et
732 1829 900 1859 adhaerere
923 1829 996 1869 (ov.

234 1877 316 1908 Met.
339 1877 378 1913 5,
399 1874 488 1913 ὃδὴ,
522 1885 589 1905 non
613 1873 729 1911 video,
766 1884 822 1904 cur
846 1871 997 1903 Ciceroni

235 1931 278 1952 ne
304 1920 337 1951 in
366 1918 512 1951 versibus
541 1918 674 1961 quidem
702 1916 861 1948 faciendis
887 1916 996 1948 dicere

234 1965 364 1997 licuisse
397 1973 430 1996 re
462 1965 525 1996 inlr.
581 1963 677 1994 Adde
708 1964 822 1993 Seuec.
857 1961 996 2004 Thyest.

234 2008 320 2042 909:
354 2008 524 2049 resupinus
544 2007 614 2049 ipse
640 2016 783 2046 purpura
803 2012 901 2047 atque
921 2016 999 2037 auro

234 2055 371 2085 incubat.
417 2052 529 2084 lustin.
552 2054 584 2089 2,
609 2051 648 2083 6:
674 2053 778 2082 eodem
802 2053 902 2081 innati
924 2053 998 2081 solo.

235 2099 326 2128 Suet.
360 2096 439 2128 Ner.
472 2095 534 2127 12:
580 2097 707 2126 marina
740 2104 826 2133 aqua
858 2096 1000 2126 immutes

234 2141 372 2173 belluae.

312 2187 482 2218 decolorem
508 2203 552 2207 —-
576 2182 744 2226 exsorbuit]
784 2183 929 2214 Graece:
965 2194 996 2214 v.

237 2229 334 2268 1058,
355 2228 449 2262 1044.
467 2230 579 2260 Herm.
600 2228 639 2261 ἐκ
660 2226 697 2261 δὲ
718 2229 807 2271 χλω
821 2226 862 2268 pc*
877 2239 892 2259 ν
913 2224 998 2268 αἷμά.

237 2286 299 2316 μου
324 2273 489 2307 Πέπωκεν
511 2269 600 2315 ἥδητ
628 2272 682 2303 ubi
697 2275 894 2304 Hermamucs
916 2271 999 2302 haec

237 2319 355 2350 habet:
393 2315 521 2362 χλωρόν
545 2317 738 2349 scholiastes
761 2317 998 2359 iuterpretatur

235 2363 304 2397 νέον
326 2359 350 2407 ἦ
380 2361 505 2405 νεκρόν.
556 2363 671 2394 Cicero
695 2364 864 2393 decolorem
886 2360 997 2392 vertit.

236 2407 335 2439 Male.
386 2411 496 2440 Vivum
519 2407 712 2449 sanguinem
736 2405 826 2437 dicit.
872 2407 1000 2437 Decolor

237 2450 378 2491 dicitur,
421 2452 469 2483 cui
506 2452 640 2482 vitiatus
674 2458 724 2482 est
759 2457 792 2482 et
828 2456 998 2492 corruptus

237 2495 340 2527 color.
387 2497 423 2527 V.
451 2499 612 2527 Forcellim'
635 2496 736 2528 Thes.
763 2495 837 2526 Lat.
864 2495 896 2526 h.
921 2506 951 2525 v.

300 2542 440 2579 illigatus
466 2544 548 2578 peste
568 2559 612 2564 -—
638 2540 749 2582 textili]
786 2539 918 2571 Poetice
945 2538 999 2569 ‹li-

237 2589 324 2615 ctum
340 2596 419 2626 pro:
443 2584 586 2624 illigatus
602 2585 713 2615 tunica
730 2590 821 2615 texta
846 2581 996 2626 (ὖφαντῶ

237 2624 498 2672 οἷμφιβλῆστρῳ)
524 2629 723 2669 perniciosa,
749 2629 931 2660 mortifera.
979 2619 984 2627 ι

303 2672 432 2715 inflixit]
456 2672 509 2702 Sic
529 2672 643 2714 scripsi
657 2685 728 2703 cum
739 2674 778 2704 L.
801 2673 937 2715 aliisque
957 2684 996 2704 ex

236 2717 305 2750 Pal.
323 2719 350 2749 1.
373 2728 437 2747 uno
460 2716 552 2747 Leid.
575 2719 654 2758 Aug.
678 2717 762 2747 Gud.
779 2719 819 2748 Il.
844 2717 887 2759 (in
910 2718 993 2749 hoc:

236 2772 304 2794 meo
325 2760 451 2802 inflixit)
476 2771 536 2802 pro
560 2761 646 2802 vulg.
669 2763 783 2800 infixit,
807 2762 894 2803 quod
912 2765 996 2793 Bou-

237 2808 351 2839 hierius
372 2811 405 2837 et
431 2807 562 2838 Orellius
595 2805 780 2835 defendunt
802 2806 892 2847 Virg.
913 2809 995 2837 Aen.

235 2849 278 2890 4,
302 2850 386 2884 689τ
420 2851 553 2890 infixum
581 2851 688 2881 stridet
710 2851 765 2879 sub
787 2854 906 2888 pectore
927 2853 997 2881 vul-

235 2906 304 2927 nus.
342 2898 385 2926 At
404 2895 460 2926 hic
480 2893 570 2925 locus
592 2893 672 2924 nihil
695 2892 839 2935 pertinet
858 2894 900 2924 ad
920 2906 995 2925 mu-

235 2939 389 2971 niendam
403 2938 598 2982 scripturam
619 2939 741 2978 infixit:
766 2938 893 2980 quaein
910 2938 996 2971 hunc

1621 900 1642 932 5
1661 912 1691 932 v.
1708 899 1791 932 Adn.

1029 981 1140 1012 locum
1172 991 1240 1013 non
1273 979 1423 1023 quadrat.
1467 981 1548 1011 lctus
1576 980 1696 1018 corpori
1725 988 1793 1009 non

1029 1027 1221 1065 infiguntur,
1246 1024 1305 1055 sed
1325 1027 1529 1065 infliyuntur,
1552 1023 1600 1053 uti
1622 1023 1707 1053 bene
1727 1022 1793 1054 ob-

1030 1069 1175 1100 servavit
1197 1071 1334 1109 Woltius.
1379 1070 1499 1107 Moser,
1525 1067 1580 1109 qui
1601 1069 1714 1108 inflixit
1735 1078 1793 1098 re-

1033 1113 1132 1155 cepit,
1152 1119 1323 1155 comparat
1340 1112 1406 1144 Cic.
1421 1112 1505 1144 Phil.
1518 1113 1559 1143 ΙΙ.
1574 1111 1629 1151 21,
1645 1111 1706 1144 52:
1732 1110 1795 1142 tibi

1031 1158 1147 1189 vulnus
1164 1157 1324 1189 inflictum
1339 1164 1400 1188 est.
1424 1156 1458 1188 in
1478 1157 1517 1188 L.
1533 1155 1643 1188 Pison.
1661 1152 1713 1196 14,
1731 1155 1792 1188 32:

1032 1213 1115 1245 quae
1137 1214 1226 1234 meus
1249 1202 1408 1233 discessus
1431 1201 1480 1233 rei
1503 1200 1654 1244 publicae
1677 1199 1796 1232 inflixit

1033 1247 1180 1278 vulnera.
1214 1247 1247 1277 in
1269 1248 1302 1279 P.
1327 1246 1437 1278 Vatin.
1459 1245 1491 1284 ὅ,
1512 1246 1573 1277 20:
1597 1245 1683 1277 hanc
1708 1256 1796 1288 quo-

1033 1302 1094 1334 que
1117 1291 1323 1323 mortiferam
1346 1291 1477 1333 plagam
1499 1289 1670 1322 inflixisses
1690 1301 1796 1332 augu-

1032 1342 1122 1367 ratus
1149 1336 1207 1367 tui.
1253 1337 1402 1367 Davisius
1421 1335 1520 1367 affert
1543 1336 1658 1367 Senec.
1681 1334 1722 1366 de
1743 1336 1796 1366 Ira

1032 1380 1073 1422 3,
1098 1380 1160 1413 28:
1198 1380 1330 1422 corpori
1354 1379 1470 1411 vulnus
1503 1379 1642 1421 infligas.
1689 1380 1796 1418 Quam

1033 1424 1131 1456 facile
1151 1431 1260 1456 autem
1281 1424 1382 1456 verba
1403 1426 1541 1465 infligyere
1561 1431 1595 1455 et
1614 1425 1741 1464 infigere
1761 1423 1795 1455 in

1034 1469 1129 1502 codd.
1153 1469 1312 1501 confundi
1335 1469 1525 1511 potuerint,
1550 1480 1610 1511 per
1632 1479 1668 1500 se
1691 1474 1797 1510 patet.

1099 1517 1189 1546 terris
1210 1533 1253 1538 -—
1273 1515 1404 1555 ultimis]
1431 1514 1533 1556 Soph.
1554 1513 1674 1546 Trach.
1691 1511 1795 1545 1090:

1032 1556 1083 1593 ἐπ’
1096 1558 1251 1602 ἐσχάτοις
1269 1556 1392 1597 τόποις,
1418 1560 1544 1598 Wolfius
1562 1557 1720 1600 intelligit
1739 1568 1795 1589 re—

1032 1604 1165 1646 gionem
1192 1603 1409 1643 Gaditanam,
1437 1604 1568 1635 Orellius
1591 1602 1741 1645 Libyam.

1099 1658 1218 1679 omnem
1239 1649 1437 1689 ecferitatem]
1465 1647 1518 1678 Sic
1537 1647 1653 1690 scripsi
1673 1658 1691 1679 e
1713 1658 1797 1679 con-

1031 1693 1156 1724 iectura
1174 1695 1288 1724 Klotzii
1307 1692 1340 1723 in
1355 1692 1439 1723 Add.
1461 1703 1493 1734 p.
1507 1691 1571 1730 75„
1598 1703 1681 1735 quae
1695 1691 1795 1724 etiam

1034 1740 1243 1777 Wesenber9i0
1269 1738 1324 1768 Ill.
1348 1748 1380 1779 p.
1397 1738 1430 1769 ὅ.
1454 1736 1624 1778 probatur.
1660 1736 1794 1768 Plurimi

1031 1782 1164 1825 quidem
1185 1781 1282 1813 codd.
1306 1788 1338 1812 et
1352 1780 1426 1812 edd.
1440 1786 1520 1811 vett.
1531 1781 1656 1812 habent
1674 1791 1795 1813 omnem

1030 1829 1129 1859 hinc
1152 1828 1324 1866 feritatem,·
1347 1825 1405 1857 sed
1428 1836 1489 1868 pro
1513 1827 1582 1857 hinc
1606 1825 1726 1867 legitur
1747 1828 1795 1858 hic

1033 1872 1065 1902 in
1091 1872 1129 1902 R.
1151 1871 1183 1902 b.
1213 1871 1327 1902 Duisb.
1364 1870 1580 1912 omnibusque
1612 1870 1684 1901 fere
1709 1871 1792 1902 Dav.

1033 1916 1108 1947 edd.
1129 1917 1212 1947 Ven.
1233 1915 1357 1946 Moseri
1380 1918 1418 1946 A.
1439 1917 1490 1952 S.‚
1515 1916 1570 1947 hic
1591 1914 1625 1945 in
1650 1914 1793 1953 Gud.2.‚

1031 1963 1059 1992 ic
1082 1960 1115 1991 in
1141 1959 1226 1991 Gud.
1244 1960 1282 1996 1.,
1307 1962 1350 1991 sic
1368 1959 1402 1990 in
1419 1959 1543 1996 Marb.;
1570 1961 1624 1991 Or.
1646 1965 1680 1991 et
1701 1970 1793 2002 seqq.

1032 2010 1228 2047 receperunt
1248 2006 1306 2036 hic.
1341 2007 1384 2035 At
1404 2015 1510 2046 neque
1530 2005 1600 2035 hinc
1621 2015 1726 2047 neque
1745 2006 1794 2036 hic

1033 2055 1123 2080 recte
1153 2061 1187 2080 se
1219 2049 1362 2087 habent3
1396 2060 1472 2079 nam
1502 2050 1572 2080 hinc
1604 2053 1638 2080 et
1660 2049 1796 2088 undique

1033 2094 1144 2124 iuncta
1167 2093 1343 2124 offensioni
1364 2100 1459 2131 sunt;
1486 2099 1575 2124 certe
1596 2093 1695 2135 plane
1715 2092 1795 2124 red-

1033 2137 1136 2168 undat
1157 2139 1226 2168 hinc
1236 2148 1247 2177 ,·
1280 2138 1441 2179 scriptura
1471 2144 1580 2168 autem
1613 2139 1662 2169 hic
1684 2136 1796 2168 Latini

1032 2181 1190 2213 sermonis
1226 2181 1454 2212 consuetudini
1483 2192 1666 2223 repugnare
1696 2181 1795 2212 vide-

1032 2233 1094 2258 tur.
1128 2225 1237 2257 Latini
1258 2226 1435 2267 scriptores
1457 2225 1571 2257 dicunt
1591 2227 1727 2265 undique
1747 2235 1796 2256 ex

1031 2273 1097 2302 his
1128 2273 1218 2302 terris
1243 2280 1363 2301 omnem
1392 2272 1544 2310 feritatem
1565 2272 1691 2309 expuli,
1726 2280 1794 2300 non

1030 2318 1063 2346 in
1093 2317 1162 2354 his,·
1198 2326 1304 2357 neque
1340 2326 1379 2346 ex
1403 2313 1577 2356 Sophoclis
1606 2313 1716 2344 verbis
1746 2312 1794 2351 εἰς

1033 2356 1117 2401 ὅσην
1141 2362 1237 2401 γαῖαν
1262 2356 1385 2400 ἱκόμην
1418 2358 1554 2389 defendi
1588 2364 1700 2400 potest
1723 2359 1773 2390 hic
1782 2368 1794 2398 ;

1034 2416 1106 2435 nam
1135 2404 1247 2435 Cicero
1272 2410 1346 2434 toto
1376 2403 1441 2434 hoc
1464 2403 1540 2434 loco
1564 2403 1705 2433 maxime
1729 2402 1794 2433 de-

1034 2448 1123 2480 flexit
1157 2460 1175 2480 a
1207 2448 1340 2479 Graecis
1372 2447 1490 2479 verbis.
1537 2449 1677 2478 Klotzius
1707 2446 1730 2478 l.
1754 2446 1788 2478 d.

1034 2500 1124 2524 recte
1146 2492 1329 2535 suspicatur
1353 2504 1393 2523 ex
1421 2492 1526 2534 prima
1549 2503 1580 2523 v.
1603 2493 1692 2530 ecfer.
1720 2489 1794 2533 syl-

1033 2538 1107 2569 laba
1132 2549 1242 2569 errore
1269 2544 1376 2569 ortum
1400 2547 1470 2567 esse
1490 2537 1541 2575 icf.
1575 2534 1717 2576 indeque
1745 2536 1794 2566 hic

1032 2585 1076 2623 tl,
1102 2582 1148 2614 uti
1167 2582 1254 2613 infra
1280 2582 1328 2619 17,
1354 2580 1407 2613 39.
1432 2591 1471 2611 ex
1495 2581 1590 2619 ecfari
1612 2585 1726 2609 natum
1749 2578 1793 2609 sit

1031 2628 1064 2658 in
1086 2627 1157 2659 aliis
1180 2629 1255 2659 haec
1277 2627 1360 2665 fari,
1383 2624 1417 2655 in
1439 2624 1509 2655 aliis
1533 2625 1588 2654 hoc
1608 2625 1682 2662 fari.
1719 2623 1793 2654 Vo-

1032 2672 1182 2703 cabulum
1202 2672 1365 2711 ecferitatis
1389 2667 1571 2711 (efferitatis)
1583 2691 1592 2707 ,
1617 2667 1706 2709 quod
1730 2666 1793 2698 ad—

1029 2717 1094 2748 huc
1117 2728 1155 2748 ex
1180 2715 1278 2746 dubio
1298 2714 1374 2745 loco
1398 2711 1562 2744 Lactantii
1586 2712 1688 2743 Mort.
1709 2712 1794 2743 Per·-

1031 2768 1132 2792 secut.
1155 2760 1196 2799 9,
1221 2760 1253 2791 2.
1280 2757 1464 2799 constabat,
1489 2756 1575 2788 idem
1596 2758 1736 2788 Klotzius
1758 2755 1793 2788 in

1033 2816 1080 2837 or.
1101 2816 1163 2848 pro
1184 2805 1220 2836 P.
1240 2802 1346 2835 Sestio
1370 2799 1434 2840 42,
1459 2800 1512 2834 91.
1534 2811 1551 2831 e
1572 2800 1792 2842 praestantis-

1030 2850 1113 2882 simo
1139 2848 1213 2881 cod.
1235 2849 1314 2889 Reg.
1336 2844 1487 2877 restituit.

1097 2896 1232 2934 feminea
1252 2891 1314 2933 vir]
1343 2890 1397 2922 Sic
1408 2891 1446 2921 L.
1466 2891 1503 2921 D.
1520 2891 1574 2920 Or.
1593 2895 1627 2920 et
1647 2900 1738 2932 seqq.
1763 2901 1791 2921 c.

1030 2938 1068 2970 R.
1088 2938 1173 2970 Gud.
1189 2938 1216 2970 1.
1231 2938 1270 2968 ΙΙ.
1283 2935 1314 2967 b.
1337 2934 1436 2966 duob.
1450 2935 1533 2966 Dav.
1547 2933 1662 2966 Duisb.
1685 2939 1788 2977 quatt.
