1832 3137
627 92 971 126 PRoLEGoMENA.
1523 85 1544 129 '1
1557 88 1579 130 7

130 174 169 229 c)
198 176 332 225 Neque
359 174 549 212 discessus
570 188 590 212 a
608 174 715 212 vitae
740 174 856 212 bonis
875 187 1017 226 angere
1034 187 1105 212 nos
1124 181 1162 213 et
1179 176 1407 215 excruciare
1426 185 1577 230 potest3

0 238 107 282 *nam
142 256 263 293 quum
297 242 382 281 vita
417 242 582 280 miseriis
611 248 651 279 et
685 241 973 280 calamitatibus
1001 243 1147 281 referta
1175 244 1247 292 sit,
1284 258 1390 283 mors
1421 260 1443 283 a
1467 247 1577 286 malis

15 311 171 363 potius,
212 323 328 361 quam
361 325 384 348 a
418 310 533 348 bonis
565 323 636 347 nos
663 308 860 347 abducere
889 310 1057 348 dicenda
1088 317 1159 349 est.
1217 325 1250 350 e.
1274 315 1343 352 54.
1364 311 1406 365 §2
1429 317 1497 354 83.
1521 336 1578 344 -—·

15 392 48 417 c.
74 382 143 418 56.

129 443 174 499 d)
204 446 273 494 Et,
312 445 344 482 si
376 445 453 482 hoc
479 445 607 496 ipsum
641 442 906 491 concedatur,
947 444 1062 482 bonis
1093 447 1213 484 rebus
1242 446 1420 486 homines
1449 458 1576 490 morte

15 513 191 566 privari,
221 519 350 550 tamen
371 512 523 550 idcirco
544 524 649 549 mors
669 510 813 548 malum
836 524 914 548 non
939 517 1009 549 est.
1067 513 1164 550 Nam
1186 516 1359 565 mortui,
1389 519 1577 568 quoniam

17 595 99 619 non
119 587 233 629 sunt,
263 593 336 617 nec
357 580 462 617 ullus
481 593 614 617 sensus
635 578 688 616 eis
705 578 970 628 relinquitur,
1002 593 1073 617 nec
1091 581 1195 619 vitae
1216 585 1427 622 commodis
1445 600 1579 625 carere

17 654 205 698 possunt,
237 661 308 685 nec
334 661 469 685 eorum
493 646 730 684 desiderium
754 645 913 683 habere.
972 648 1107 697 Neque
1127 661 1224 685 vero
1248 649 1327 687 dici
1354 660 1504 703 potest,
1535 655 1577 693 id

17 715 147 767 ipsum
169 714 349 751 odiosum
373 727 469 762 esse,
501 714 582 751 sine
604 727 720 751 sensu
740 727 839 763 esse;
870 727 959 751 nam
982 714 1083 751 nihil
1105 722 1235 766 potest
1250 716 1292 753 in
1313 731 1358 754 eo
1377 733 1475 769 esse,
1508 722 1579 772 qui

17 782 101 833 ipse
126 795 207 818 non
229 787 297 819 est.
329 795 361 818 c.
383 785 450 820 56.
472 785 538 821 57.
601 781 750 833 (Neque
771 781 867 818 haec
890 781 1039 832 opinio,
1070 784 1275 820 mortalem
1294 798 1373 822 esse
1394 787 1579 837 animum,

18 849 234 887 deterrebit
266 849 498 900 sapientem,
538 863 617 900 quo
654 842 782 886 minus
812 863 872 887 res
907 849 1095 887 moliatur
1118 852 1352 890 aeternitate
1376 853 1514 905 dignas
1540 862 1580 894 et

18 917 288 968 posteritatem
311 917 446 968 ipsam,
479 917 592 955 cuius
612 930 767 955 sensum
787 917 1000 955 habiturus
1024 931 1104 955 non
1128 919 1189 967 sit,
1220 920 1269 957 ad
1289 934 1328 958 se
1346 928 1463 972 putet
1481 937 1577 974 per-

16 984 156 1022 tinere.
214 985 310 1021 Nam
334 985 489 1035 sapiens
509 999 589 1022 non
610 985 828 1035 cupiditate
851 985 1021 1036 gloriae,
1052 999 1166 1036 quam
1187 994 1369 1026 mortuus
1390 1004 1579 1029 sensurus

0 1052 98 1090 lnon
117 1053 179 1100 sit,
210 1052 276 1089 sed
293 1052 470 1100 virtutis,
503 1066 617 1101 quam
642 1052 860 1089 necessario
882 1052 1008 1102 gloria
1026 1054 1297 1102 consequitur,
1327 1055 1368 1092 in
1386 1057 1450 1105 eis,
1482 1072 1582 1109 quae

0 1119 116 1172 figit,
146 1119 320 1156 ducitur.
352 1133 384 1156 c.
410 1118 494 1170 58.)
532 1150 535 1151 γ

133 1187 167 1235 e)
197 1187 330 1235 Neque
364 1199 469 1223 mors
502 1192 591 1223 ante
614 1192 767 1236 tempus
798 1186 860 1223 vel
890 1199 995 1223 mors
1019 1187 1287 1238 inexspectata
1317 1190 1461 1228 malum
1500 1192 1580 1231 dici

7 1259 167 1313 potest,
205 1267 325 1303 quum
351 1254 512 1290 omnino
538 1267 642 1290 mors
666 1267 747 1290 non
772 1253 916 1290 malum
941 1254 1010 1302 sit,
1048 1261 1085 1291 et
1111 1262 1255 1292 natura
1279 1271 1359 1294 non
1382 1259 1432 1296 ad
1458 1273 1579 1310 prae-

8 1321 195 1357 stitutam
217 1320 316 1357 diem
339 1320 460 1357 vitam
477 1320 591 1356 nobis
612 1320 931 1357 commodaverit.
991 1321 1098 1358 Licet
1121 1322 1245 1372 igitur
1271 1330 1436 1363 naturae
1460 1328 1578 1366 vitam

9 1366 220 1439 repetere,
251 1400 369 1436 quum
389 1388 486 1425 vult.
549 1388 598 1423 Et
618 1400 714 1424 vero
738 1387 984 1425 diuturnitas
1006 1402 1050 1425 ac
1069 1389 1241 1428 brevitas
1262 1392 1365 1440 vitae
1383 1400 1478 1432 sunt
1501 1409 1575 1432 no-

10 1439 13 1504 i·
38 1455 144 1492 ‘ones
175 1468 274 1505 quae
306 1455 497 1492 dicuntur
528 1454 748 1492 relativae·
761 1469 794 1492 c.
813 1459 880 1493 59.

133 1525 170 1560 4.
222 1522 438 1560 Com—luno
460 1526 585 1560 totius·
604 1522 910 1573 disputationis.
973 1525 1075 1574 Ergo
1099 1538 1220 1575 quum
1242 1540 1290 1564 ex
1309 1529 1415 1566 omni
1436 1529 1578 1582 dispu-

9 1590 169 1626 tatione
185 1589 282 1626 illud
302 1597 500 1639 sequatur,
532 1597 576 1627 ut
597 1603 700 1626 mors
720 1590 831 1627 nullo
851 1591 967 1628 modo
989 1592 1028 1628 in
1051 1593 1158 1630 malis
1176 1594 1355 1633 ducenda
1374 1597 1437 1645 sit,
1466 1611 1580 1636 mor-

10 1641 21 1685 l*
37 1669 94 1693 em
118 1662 408 1695 contemnamus
440 1671 563 1707 neque
591 1657 827 1694 mollissimis
850 1659 1156 1709 cogitationibus
1184 1662 1472 1714 effeminemur,
1511 1666 1580 1705 sed

14 1757 17 1766 ,
38 1729 141 1760 otam
163 1724 242 1760 vin]
258 1724 358 1761 ‹bcne
383 1724 544 1762 vivendi
565 1726 606 1762 in
627 1725 745 1761 animi
761 1726 906 1763 robore
934 1733 971 1763 et
994 1728 1264 1778 magnitudine
1280 1738 1317 1768 et
1339 1732 1381 1768 in
1402 1733 1579 1771 omnium

41 1804 149 1828 erum
170 1790 429 1828 humanarum
450 1793 742 1842 contemptione
759 1799 797 1829 et
816 1793 856 1829 in
874 1794 978 1830 omni
998 1795 1149 1832 virtute
1168 1810 1374 1846 ponamus.
1434 1801 1576 1838 Exem-

45 1858 81 1895 la
110 1858 380 1904 Theramenis,
412 1861 585 1897 Socratis
611 1860 870 1909 aliorumque,
902 1861 969 1910 qui
989 1862 1189 1911 praeclare
1212 1865 1405 1903 factorum
1430 1868 1577 1906 conscii

17 1928 112 1963 orti
140 1926 270 1962 animo
300 1934 465 1963 mortem
495 1928 780 1963 occubuerunt.
815 1940 847 1964 c.
873 1930 926 1965 40
939 1951 991 1954 —-
1006 1931 1071 1966 42.
1129 1928 1356 1981 (Digressio.
1417 1935 1471 1972 De
1496 1935 1576 1972 hu-

19 1993 186 2042 ¹natione
228 2000 267 2029 et
302 1993 507 2043 sepultura
538 2000 786 2030 mortuorum
824 1994 922 2043 quid
958 1997 1209 2034 statuendum
1240 1999 1308 2047 sit,
1346 2002 1577 2051 exponitur.

16 2048 21 2090 ἕ
42 2085 52 2096 .
71 2062 124 2098 45
138 2081 188 2086 —
202 2063 288 2111 45.)

130 2127 205 2164 Iam
226 2128 362 2164 Cicero
388 2128 489 2165 redit
515 2128 564 2166 ad
587 2142 649 2176 ea,
681 2143 778 2179 quae
802 2143 923 2180 supra
945 2130 991 2168 de
1015 2135 1300 2172 contemnenda
1324 2143 1450 2175 morte
1471 2152 1573 2189 pro—

39 2194 123 2231 ulit.
185 2195 340 2232 Scilicet
366 2209 469 2232 mors
497 2202 578 2234 tum
603 2196 835 2246 aequissimo
861 2197 991 2235 animo
1021 2200 1247 2250 oppetitur,
1288 2217 1411 2252 quum
1436 2205 1516 2242 suis
1538 2219 1577 2243 se

33 2262 200 2299 audibus
220 2262 301 2299 xiia
323 2263 505 2300 occidens
525 2265 721 2301 consolari
742 2272 885 2316 potest.
949 2267 1067 2305 Nemo
1087 2281 1229 2317 parum
1247 2270 1369 2319 vixit,
1401 2272 1468 2320 qui
1488 2272 1576 2309 vir-

38 2329 115 2365 utis
137 2331 330 2378 perfectae
353 2331 528 2380 perfecto
551 2345 712 2369 munere
735 2334 895 2369 functus
913 2340 980 2371 est.
1042 2335 1179 2372 Gloria
1201 2344 1349 2384 autem,
1380 2338 1452 2374 etsi
1475 2337 1577 2376 nihil

6 2395 180 2442 «nabent,
221 2409 294 2431 cur
334 2403 564 2446 expetatur,
605 2405 728 2436 tamen
765 2400 955 2437 virtutem
988 2407 1176 2450 tanquam
1214 2404 1352 2440 umbra
1382 2406 1575 2455 sequitur.

31 2462 182 2512 .apiens
207 2462 327 2512 igitur
356 2476 432 2499 non
457 2464 582 2500 solum
604 2465 740 2503 fidenti
762 2467 893 2504 animo
919 2468 1125 2518 gradietur
1146 2469 1194 2506 ad
1213 2477 1398 2520 mortem,
1429 2473 1471 2510 in
1498 2487 1575 2524 qua

45 2535 87 2565 ut
112 2543 303 2567 summum
329 2531 491 2578 bonum,
523 2538 593 2568 aut
613 2533 765 2570 nullum
785 2535 929 2571 malum
951 2547 1031 2571 esse
1049 2537 1256 2586 cognovit,
1285 2539 1351 2577 sed
1373 2540 1489 2577 etiam
1509 2554 1571 2579 se-

43 2596 159 2633 undis
189 2598 269 2635 suis
300 2598 416 2635 rebus
447 2599 544 2635 niori
577 2600 697 2636 volet.
730 2615 761 2638 c.
782 2605 849 2640 46.

133 2665 192 2701 ΙΙΙ.
224 2666 431 2702 Ενῑιοῦυε.
461 2667 617 2717 Epilogi
645 2667 730 2703 loco
749 2669 974 2706 all'eruntur
996 2670 1171 2720 ipsorum
1194 2672 1358 2711 deorum
1381 2675 1428 2713 de
1449 2683 1577 2713 morte

64 2731 176 2778 dicia,
210 2745 309 2782 quae
328 2734 563 2780 ostendunt,
595 2748 658 2770 eos
685 2748 842 2785 quoque
862 2743 1024 2774 mortem
1045 2738 1086 2775 in
1108 2740 1219 2777 bonis
1241 2741 1404 2791 habere,
1437 2750 1475 2780 et
1493 2743 1573 2781 cla—v

42 2810 154 2835 orum
174 2800 355 2837 virorum
386 2802 456 2851 qui
487 2802 588 2838 laeto
613 2802 743 2838 animo
768 2809 930 2841 mortem
957 2818 1032 2856 pro
1054 2808 1186 2856 patria
1209 2810 1496 2860 oppetiverunt
1516 2816 1577 2846 te-

32 2863 215 2902 timonia.
275 2868 385 2914 Quae
406 2869 560 2918 quidem
583 2870 711 2905 omnia
740 2876 778 2906 et
800 2872 905 2909 omni
932 2886 1002 2909 nos
1028 2875 1164 2912 mortis
1194 2883 1299 2914 metu
1324 2877 1512 2922 liberare,
1542 2865 1580 2915 et'

40 2943 125 2981 pem
156 2932 204 2969 de
234 2936 368 2972 futura
398 2935 500 2983 vita,
536 2937 571 2973 in
605 2950 680 2985 qua
714 2937 816 2974 beati
847 2939 1008 2979 erimus,
1040 2940 1197 2979 firmare
1225 2944 1381 2981 debent.

90 2993 135 3020 ed.
156 2999 273 3029 quarta-
683 3016 686 3018 ψ
707 3016 893 3020 ψ.»---.-“
1285 3014 1309 3047 2
