1832 3137
1578 113 1662 156 283

99 212 199 255 quae
222 206 382 255 propter
405 213 546 255 corpus
575 200 639 242 vel
669 201 942 242 recordatione
966 201 1031 247 vel
1062 214 1130 257 spe
1160 202 1396 256 cogitentur.
1457 200 1656 256 Numquid

96 280 158 314 est
177 272 310 315 aliud?
338 280 498 314 rectene
519 274 758 329 interpretor
780 275 1012 315 sententiam
1039 276 1170 316 tuam?
1229 273 1369 316 Solent
1386 275 1487 316 enim
1508 275 1570 316 isti
1590 289 1659 316 ne-

96 360 191 401 gare
223 361 296 388 uos
325 346 571 402 intelligere,
613 348 700 402 quid
731 348 833 388 dicat
862 346 1072 402 Epicurus,
1135 354 1204 389 58.
1239 347 1326 390 Hoc
1361 349 1478 400 dicit,
1523 356 1561 390 et
1587 349 1659 390 hoc

96 419 160 460 ille
180 420 372 461 acriculus
387 423 405 447 ⁵
423 452 433 471 ,
468 434 530 461 me
549 420 730 461 audiente
750 420 942 471 Athenis,
976 434 1101 461 senex
1127 421 1262 473 Zeno,
1295 422 1458 463 istorum
1480 423 1659 463 acutissi-

678 121 840 155 LlBER
867 124 925 155 111.
953 122 1012 163 18,
1036 120 1093 156 39.

95 508 208 544 mus,
243 495 480 535 contendere
508 501 546 535 et
574 509 713 548 magna
737 507 834 534 voce
869 494 1000 534 dicere
1037 495 1207 535 solebat:
1254 509 1342 536 eum
1366 509 1453 537 esse
1484 496 1655 547 beatum,

97 567 159 621 qui
184 567 458 622 praesentibus
482 567 746 623 voluptatibus
769 568 966 607 frueretur
989 568 1279 621 confideretque
1302 582 1345 609 se
1370 569 1574 610 fruiturum
1596 578 1661 610 aut

93 639 133 680 in
163 641 268 681 omni
292 649 358 682 aut
380 641 419 682 in
438 655 578 695 magna
598 648 707 696 parte
738 641 868 690 vitae,
910 640 1044 680 dolore
1076 655 1154 680 non
1176 641 1488 693 interveniente,
1534 650 1600 683 aut
1625 643 1657 683 si

94 713 378 766 interveniret,
419 714 453 756 si
482 728 654 755 summus
690 715 815 765 foret,
859 714 1028 754 futurum
1067 713 1250 764 brevem,
1288 715 1381 755 sin⁶
1416 716 1656 770 productior,

95 788 181 841 plus
209 787 427 828 habiturum
455 787 639 838 iucundi,
683 801 797 841 quam
826 787 940 827 mali:
987 786 1084 827 haec
1116 787 1351 841 cogitantem
1378 789 1461 829 fore
1488 789 1658 839 beatum,

91 861 322 915 praesertim
346 861 378 901 si
403 867 440 901 et
458 868 548 902 ante
569 860 762 916 perceptis
784 860 899 901 bonis
921 867 1129 901 contentus
1150 867 1272 912 esset,
1304 875 1378 902 nec
1400 868 1563 902 mortem
1586 876 1659 902 nec

94 934 189 975 deos
211 935 507 975 extimesceret.
569 934 702 975 Habes
727 935 886 975 formam
913 933 1075 990 Epicuri
1093 934 1198 976 vitae
1216 934 1355 976 beatae
1375 934 1508 976 verbis
1530 934 1662 975 Zeno-

93 1007 154 1048 nis
186 1021 438 1063 expressam,
473 1008 567 1049 nihil
599 1015 640 1049 ut
669 1008 794 1063 possit
823 1008 976 1062 negari.

205 1079 369 1122 XVIII.
431 1088 501 1123 59.
537 1080 640 1135 Quid
675 1082 796 1136 ergo?
839 1082 1002 1122 huiusne
1029 1082 1133 1123 vitae
1162 1083 1377 1138 propositio
1405 1091 1444 1124 et
1476 1084 1660 1136 cogitatio

91 1162 158 1196 aut
183 1154 401 1210 Thyestem
418 1158 432 1182 ¹
463 1155 596 1196 levare
622 1155 765 1210 poterit
784 1162 850 1195 aut
870 1155 1034 1195 Aeetam
1050 1157 1070 1181 ²
1087 1186 1097 1206 ,
1132 1156 1180 1196 de
1203 1171 1278 1210 qno
1303 1157 1428 1211 paullo
1452 1164 1542 1197 ante
1560 1157 1659 1209 dixi,

92 1236 159 1270 aut
183 1228 463 1280 Telamonem,
497 1229 646 1284 pulsum
670 1229 819 1284 patria,
855 1229 1103 1270 exsulantem
1128 1237 1243 1284 atque
1269 1232 1480 1284 egentem?
1520 1232 1558 1271 in
1583 1245 1659 1285 quo

94 1302 192 1344 haec
223 1302 427 1344 admiratio
459 1302 600 1343 fiebat:

182 1421 203 1454 5
229 1421 283 1453 Sic
297 1423 351 1453 Or.
363 1434 389 1454 c.
401 1421 476 1453 Vat.
504 1421 594 1453 Idem
618 1421 985 1460 conieceratTinneb4
1010 1421 1049 1453 R.
1063 1423 1098 1456 P.
1111 1423 1196 1455 Gud.
1213 1423 1241 1456 1.
1264 1426 1445 1465 amiculum
1471 1424 1558 1456 Gud.
1575 1426 1616 1456 11.
1629 1423 1660 1456 2.

90 1466 197 1499 Marb.
223 1469 399 1507 effriculus;
424 1466 477 1497 alii
499 1468 666 1507 agricolas,
691 1470 862 1508 egricolus;
887 1467 941 1499 alii
965 1467 1062 1500 codd.
1089 1475 1121 1499 et
1141 1468 1300 1511 plurimae
1321 1469 1397 1500 edd.
1419 1476 1500 1501 v.ett
1526 1472 1661 1501 Graecu-

89 1515 158 1552 lus,·
181 1512 268 1544 Viet.
294 1512 380 1543 coni.
404 1508 597 1556 α’κρὸγολος.
645 1510 667 1544 6
692 1513 746 1544 Sic
766 1515 822 1544 Or.
839 1525 863 1544 c
889 1512 998 1544 multis
1023 1513 1121 1544 codd.
1144 1520 1177 1544 et
1201 1514 1346 1556 optimis,
1372 1515 1456 1545 utR.
1473 1515 1506 1545 P
1531 1514 1618 1545 Gud.
1633 1514 1661 1545 1.

93 1559 135 1589 11.
160 1557 191 1588 b.
219 1568 280 1600 pro
303 1559 338 1589 si.
385 1558 511 1588 XVlll.
564 1558 578 1589 1
607 1557 661 1589 Sic
687 1558 722 1589 R.
746 1559 780 1590 P.
807 1558 892 1589 Gnd.
912 1558 940 1590 l.
967 1557 1072 1589 Rehd.
1098 1559 1203 1590 Marb.
1228 1560 1313 1590 Gud.
1345 1561 1381 1591 ΙΙ.
1412 1559 1458 1602 (hi
1484 1559 1549 1590 duo
1575 1561 1661 1591 Thie-

91 1603 181 1646 stem)
205 1609 238 1633 et
260 1602 336 1633 edd.
358 1609 438 1633 vett.
461 1603 544 1634 Ven.
567 1603 678 1645 (Mos)
705 1604 787 1634 tunt
812 1603 972 1640 HWolf.;
1000 1605 1055 1634 Or.
1079 1615 1103 1634 c
1122 1604 1208 1647 vulg.
1235 1606 1391 1643 Thyesten.
1438 1606 1478 1636 V.
1503 1606 1663 1636 Forcellin.

93 1659 147 1679 vv.
176 1647 341 1690 Thyestes
363 1654 396 1678 et
417 1649 562 1679 Orestes.
608 1646 630 1678 2
655 1648 709 1680 Sic
733 1648 820 1691 vulg.
845 1648 896 1691 (R.
920 1649 956 1680 P.
980 1649 1127 1692 Aetam);
1152 1650 1236 1681 Mos.
1258 1652 1393 1690 Aeetan,
1417 1649 1539 1689 nescio,
1564 1648 1663 1680 unde.

90 1725 189 1757 simili
214 1725 316 1757 modo
342 1725 462 1757 dicitur
488 1728 576 1758 nasci
600 1728 638 1757 ab
664 1728 789 1766 aliquo,
823 1734 859 1758 ut
895 1726 956 1758 tivi
979 1726 1128 1759 diversae
1152 1727 1289 1759 rationis
1312 1727 1379 1770 apti
1404 1735 1499 1760 sunt:
1535 1726 1577 1759 de
1598 1739 1661 1771 qua

91 1771 188 1802 Offie.
209 1772 250 1802 ΙΙ.
269 1773 300 1803 5.
329 1772 431 1813 Legg.
451 1772 507 1809 ΠΙ,
529 1772 578 1803 13.
607 1771 681 1803 Vid.
699 1773 858 1811 Wopkens.

89 1816 200 1847 Lectt.
223 1815 312 1848 Tull.
342 1817 365 1847 ll
382 1841 390 1857 ,
416 1815 447 1848 6.
474 1828 506 1858 p.
523 1816 589 1849 217
603 1828 652 1860 sq.

157 1871 194 1893 ne
217 1863 250 1893 in
273 1863 366 1892 malis
390 1861 528 1904 quidem]
556 1862 591 1892 In
616 1861 708 1893 malis
732 1861 860 1893 scilicet

90 1917 158 1939 non
183 1918 220 1938 ea
245 1906 395 1937 ducenda
419 1912 514 1944 sunt,
549 1917 632 1949 quae
656 1906 859 1938 extrinsecus

90 1950 190 1983 allata
221 1951 317 1983 nobis
349 1951 590 1993 aegritudinem
623 1958 762 1994 parant,
800 1951 860 1982 sed

92 2007 153 2037 ea,
178 2007 261 2039 quae
284 1996 459 2027 inhonesta
484 2002 517 2027 et
541 1997 648 2039 turpia
672 2003 758 2028 sunt.

160 2040 288 2082 Quas'?]
317 2041 366 2072 De
389 2040 634 2084 praepositione
656 2042 686 2073 in
712 2041 860 2073 interro-

92 2085 226 2129 gatione
252 2085 370 2117 omissa
395 2098 426 2116 v.
452 2085 494 2117 ad
519 2087 544 2117 Ι.
571 2086 634 2125 39,
659 2086 712 2119 93.

160 2131 265 2171 credo]
290 2130 425 2162 ironice.
471 2132 512 2162 V.
537 2131 579 2162 ad
605 2133 629 2163 Ι.
653 2132 714 2169 22,
741 2131 796 2164 52.

160 2177 265 2208 Solent
289 2178 368 2207 enim
391 2178 441 2207 isti
472 2185 585 2217 ne9are
618 2176 698 2220 etc.]
735 2176 858 2208 Eadem

90 2232 142 2253 res
164 2227 300 2252 notatur
323 2233 340 2252 a
364 2220 522 2253 Cicerone
546 2221 578 2253 in
601 2221 672 2253 Fin.
695 2222 732 2252 Π.
752 2219 783 2261 4,
805 2222 856 2254 12.

160 2268 188 2309 §.
214 2266 268 2298 38.
314 2268 364 2297 ille
387 2265 557 2309 acriculus]
590 2267 652 2298 Per
674 2265 860 2298 irrisionem

92 2311 217 2343 dictum
240 2310 281 2341 de
307 2322 367 2349 eo,
405 2311 458 2353 qui
480 2311 512 2342 in
535 2311 738 2354 disputando
761 2311 859 2343 facile

92 2355 266 2387 stomacho
296 2355 530 2398 iracundiaque
554 2357 778 2388 vehementius
804 2357 859 2388 ef-

92 2399 270 2437 fervescit3
291 2399 386 2430 hinc:
411 2402 590 2432 contendere
609 2406 636 2432 et
653 2411 769 2441 muyna
787 2412 859 2433 voce

92 2447 192 2477 dicere
224 2446 349 2476 solebat.
399 2446 601 2484 Wolfius:
635 2445 687 2476 ein
723 2446 857 2484 kleines,

94 2489 263 2531 knurriges
299 2488 507 2528 Miiunchen,
552 2488 610 2520 das
641 2489 743 2522 leicht
782 2491 859 2521 auf-

93 2534 227 2572 braust3
258 2535 410 2565 Kernius:
444 2533 534 2574 jenes
569 2533 713 2566 reizbare
736 2535 860 2566 Mann-

95 2580 190 2612 ehen.
238 2580 286 2610 De
304 2578 412 2610 forma
434 2578 526 2610 huius
549 2577 702 2611 adiectivi
718 2592 748 2611 v.
762 2579 804 2610 ad
819 2581 859 2613 11.

95 2623 161 2662 19,
185 2621 240 2657 45.
300 2623 452 2655 Ceterum
482 2623 642 2665 scriptura
675 2624 859 2655 fluctuatur.

93 2668 168 2701 vid.
181 2670 221 2700 V.
245 2671 314 2700 Ser.
340 2668 454 2700 Varias
477 2668 620 2700 virorum
633 2668 805 2700 doctorum
819 2668 860 2699 de

93 2713 126 2745 h.
144 2714 166 2746 l.
188 2713 368 2745 sententias
390 2713 554 2745 recensuit
576 2716 676 2746 Moser
699 2715 775 2745 Exc.
797 2714 858 2746 Xl.

94 2757 282 2801 p.382sqq.
319 2759 368 2790 De
390 2761 523 2790 Zenone
538 2759 699 2800 Epicureo
721 2771 751 2789 v.
777 2769 858 2810 qnos

95 2801 186 2834 locos
209 2803 347 2835 excitavi
379 2803 412 2835 in
441 2803 526 2835 libro
547 2803 579 2835 d.
603 2806 640 2836 de
668 2806 806 2835 Ciceron.
826 2805 859 2835 in

93 2848 170 2886 phil.
189 2857 263 2879 mer.
284 2848 338 2880 39.
364 2848 406 2880 ad
431 2855 500 2880 not
521 2848 566 2886 7).

163 2893 264 2924 Habes
285 2895 419 2933 formam
441 2896 569 2933 Epicuri
588 2896 669 2925 vitae
690 2895 717 2924 b.
723 2894 734 2935 ]
771 2892 861 2924 iniu—

99 2935 147 2967 ria
169 2935 235 2968 hoc
263 2938 446 2981 exemplum
476 2938 691 2970 confunditur
712 2949 785 2969 cum
808 2938 858 2975 iis,

97 2979 130 3012 in
153 2980 268 3024 quibus
291 2993 329 3014 ex
353 2993 417 3015 uno
441 2983 646 3016 substintivo
671 2983 737 3015 <luo
763 2983 860 3026 geni—

896 1772 1143 1804 constructione
1178 1785 1208 1803 v.
1242 1773 1284 1804 ad
1320 1775 1358 1805 ll.
1388 1774 1448 1811 if),
1473 1773 1527 1806 35.
1577 1774 1662 1804 Nam

894 1817 1058 1859 genitivus
1082 1820 1212 1857 Epicuri
1241 1829 1308 1849 non
1342 1818 1466 1860 pendet
1498 1830 1516 1849 a
1547 1820 1662 1858 forma,

894 1861 953 1893 sed
979 1874 997 1893 a
1020 1862 1173 1904 genitivis
1204 1865 1286 1894 vitae
1309 1865 1424 1895 bealae.
1472 1864 1522 1893 De
1554 1863 1662 1894 collo—

896 1907 1026 1938 catione
1047 1907 1223 1938 verborum
1245 1910 1322 1939 nihil
1341 1912 1374 1939 ut
1395 1920 1425 1939 v.
1448 1907 1490 1938 ad
1514 1909 1538 1938 I.
1559 1910 1591 1947 ὅ,
1611 1907 1661 1941 16.

898 1953 945 1983 De
969 1951 1071 1983 verbo
1096 1954 1209 1991 habes,
1234 1952 1324 1995 quod
1345 1952 1433 1985 idem
1459 1953 1529 1984 fere
1554 1959 1660 1991 notat,

896 1996 985 2039 quod
1015 2000 1171 2037 coynilam
1194 1999 1307 2037 habes,
1343 1998 1388 2030 uti
1415 2010 1473 2029 nos
1503 1997 1658 2030 dicimus:

895 2043 960 2073 hier
982 2043 1052 2074 hast
1074 2044 1137 2081 du,
1173 2042 1216 2073 cf.
1242 2044 1296 2073 1V.
1326 2041 1384 2081 14,
1411 2043 1466 2075 33.
1502 2044 1598 2075 Verr.
1618 2044 1659 2076 V.

894 2087 958 2125 23,
983 2086 1044 2120 60:
1082 2089 1209 2118 Habetis
1239 2087 1331 2119 unius
1357 2087 1500 2119 civitatis
1531 2088 1662 2120 firmum

894 2131 1050 2163 auxilium
1078 2132 1231 2163 amissum
1263 2144 1302 2163 ac
1330 2133 1500 2164 venditum
1532 2133 1659 2176 preti03

893 2180 1063 2217 coynoscz'te
1093 2188 1180 2208 nunc
1204 2189 1323 2209 novam
1346 2178 1529 2221 praedandi
1552 2178 1661 2210 ratio-

893 2233 981 2254 nem.
1030 2223 1070 2253 V.
1107 2224 1214 2254 Halm.
1247 2223 1289 2254 ad
1324 2223 1462 2255 Sestian.
1493 2223 1556 2261 63,
1586 2223 1659 2256 132.

895 2267 1062 2310 Frequens
1084 2274 1152 2298 est:
1179 2270 1223 2299 sic
1243 2269 1402 2307 habeto,
1427 2274 1462 2298 nt
1486 2267 1590 2305 Ιῐ[.6,
1610 2267 1661 2299 13.

965 2313 1041 2343 ΟΜ).
1061 2313 1185 2344 XVIII.
1212 2314 1240 2350 ὁ.
1257 2312 1312 2344 30.
1360 2314 1442 2351 Quid
1467 2314 1580 2353 er90?]
1617 2311 1662 2344 Τί

895 2369 972 2395 ου);
1006 2356 1140 2399 supple:
1167 2358 1316 2388 videtur?
1341 2359 1454 2393 δοκεῖς
1489 2358 1560 2395 Qua
1586 2367 1660 2388 cum

895 2401 1114 2433 admiiatione
1140 2413 1158 2432 e
1182 2400 1409 2453 superioribus
1436 2400 1560 2443 aliquid
1586 2401 1660 2433 col-

895 2446 1018 2489 ligendi
1043 2445 1184 2477 foimula
1211 2452 1338 2477 ιεῑειε3
1363 2445 1410 2477 usi
1433 2453 1529 2484 sunt,
1562 2457 1660 2488 quum

896 2503 933 2522 ex
957 2491 1014 2529 iis,
1052 2501 1134 2533 quae
1158 2500 1222 2521 non
1244 2490 1324 2521 satis
1349 2490 1518 2523 credibilia
1541 2490 1662 2523 viden-

895 2531 978 2573 tur‚'
993 2547 1030 2566 ea
1044 2559 1051 2573 ,
1086 2546 1168 2578 quae
1187 2546 1302 2577 parum
1327 2542 1546 2568 consentanea
1571 2543 1658 2575 sunt,

895 2579 1088 2617 eliciuntur,
1124 2580 1171 2611 uti
1204 2580 1347 2623 explicat
1378 2583 1468 2613 Beier
1497 2581 1540 2613 ad
1564 2581 1660 2615 Offic.

896 2625 952 2655 III.
976 2624 1039 2660 20,
1063 2624 1117 2656 81.
1143 2637 1174 2667 p.
1195 2624 1260 2658 336
1276 2637 1324 2668 sq.

962 2671 1000 2700 de
1020 2679 1079 2709 quo
1099 2672 1207 2709 paullo
1230 2671 1314 2714 ante]
1341 2671 1448 2710 Quum
1470 2683 1498 2703 c.
1520 2671 1578 2711 12,
1603 2669 1658 2703 26.

895 2720 927 2744 et
949 2714 1117 2757 Thyestae
1141 2721 1173 2746 et
1197 2718 1320 2747 Aeetae
1342 2716 1468 2747 mentio
1490 2716 1564 2753 fiat,
1595 2718 1659 2746 Da-

893 2761 1011 2798 visius,
1035 2765 1172 2791 auctore
1190 2762 1342 2800 Bentleio,
1367 2761 1497 2803 scripsit
1520 2763 1556 2792 de
1578 2762 1657 2800 quis.

898 2804 972 2836 Hoc
995 2815 1074 2836 vero
1103 2811 1152 2836 est
1178 2805 1371 2837 Ciceronem
1405 2805 1585 2847 corrigere,
1623 2809 1659 2834 ut

896 2848 981 2880 bene
1001 2849 1047 2881 ait
1068 2852 1176 2882 Moser.
1211 2852 1259 2882 Eo
1281 2850 1354 2893 ipso
1375 2857 1536 2892 tempore,
1559 2859 1657 2890 quum

895 2893 977 2926 haec
1006 2894 1187 2933 scribebat,
1224 2896 1367 2927 fortasse
1399 2905 1466 2925 non
1497 2892 1655 2924 recorda-

895 2938 991 2971 batur
1011 2939 1157 2983 priorem
1179 2941 1348 2983 Thyestae
1370 2938 1582 2970 mentionem.

962 2987 993 3018 in
1009 2986 1083 3027 quo]
1109 2985 1151 3017 de
1173 2985 1260 3017 cuius
1278 2985 1448 3016 immutata
1466 2982 1669 3015 conditione*
