1863 3221
229 85 313 128 290

227 175 314 215 tur?
357 178 425 214 47.
461 172 514 212 At
530 171 631 210 idem
649 169 718 219 ait,
748 182 825 208 non
846 181 1028 208 crescere
1049 168 1284 223 voluptatem
1307 169 1440 210 dolore
1465 170 1657 219 detracto,
1682 182 1786 209 sum-

230 259 404 300 mamque
430 244 665 298 voluptatem
693 241 786 281 nihil
810 241 957 282 dolere.

771 88 1265 129 L13E1z1u.2o‚47.48.

1019 240 1160 282 Paucis
1186 242 1316 282 verbis
1350 243 1422 283 tria
1447 257 1585 297 magua
1616 249 1785 296 peccata.

232 321 382 368 Unum,
423 317 522 371 quod
548 330 679 356 seeum
705 315 788 370 ipse
816 322 976 370 pugnat.
1038 313 1160 354 Modo
1187 315 1310 365 enim,
1354 330 1402 355 ne
1425 316 1612 370 suspicari
1637 316 1787 369 quidem

230 407 271 433 se
297 392 497 446 quicquain
524 390 690 438 bonum,
725 387 799 428 nisi
825 402 964 428 sensus
990 388 1098 442 quasi
1125 388 1374 428 titillarentur
1391 393 1408 415 3
1432 389 1654 443 voluptate,
1689 402 1790 428 nuno

230 473 359 506 autem
385 477 571 504 summam
595 463 831 517 voluptatem
857 476 944 501 esse
969 462 1101 501 dolore
1137 475 1288 501 carcre.
1351 460 1541 501 Potestne
1571 461 1693 514 magis
1728 473 1790 500 se-

232 554 316 579 cum
348 539 430 592 ipse
460 537 661 591 pugnare?
720 535 902 576 Alterum
928 542 1152 589 peecatum,
1189 535 1312 588 quod,
1358 549 1472 588 quum
1495 534 1533 573 in
1560 541 1696 574 natura
1721 533 1793 573 tria

232 612 332 662 sint,
379 625 493 651 unum
523 610 718 663 gaudere,
762 609 923 648 alterum
949 609 1106 659 dolere,
1148 608 1303 648 tertium
1328 622 1400 648 nec
1431 608 1602 662 gaudere
1629 621 1701 647 nec
1727 607 1793 647 do-

231 686 336 736 lere,
369 684 429 724 hic
456 683 618 738 primum
646 690 684 722 et
711 673 866 722 tertium
893 689 997 736 putat
1019 681 1121 721 idem
1145 695 1233 721 esse
1260 695 1331 721 nec
1356 681 1557 734 distinguit
1582 695 1605 721 a
1631 695 1707 720 non
1727 680 1794 720 do-

232 758 345 798 lendo
361 758 616 811 voluptatem.
675 754 852 795 Tertium
869 762 1066 809 peecatum
1087 768 1289 805 commune
1308 769 1391 794 cum
1411 755 1654 808 quibusdam,
1676 754 1791 807 quod,

232 846 346 886 quum
368 831 494 871 virtus
519 829 688 870 maxime
718 835 945 883 expetatur,
991 829 1149 882 eiusque
1171 828 1442 882 adipiscendae
1466 842 1603 868 caussa
1627 827 1795 881 philoso-

235 904 320 959 phia
347 902 519 958 quaesita
542 903 614 952 sit,
657 902 720 941 ille
745 916 765 941 a
789 902 932 941 virtute
958 916 1146 941 summum
1175 902 1317 941 bonum
1343 902 1554 955 separavit.
1620 906 1688 941 48.
1745 900 1797 940 At

235 978 364 1017 laudat
384 980 534 1030 saepe³
564 975 762 1016 virtutem.
796 999 853 1004 —-
894 973 944 1013 Et
968 975 1118 1027 quidem
1145 972 1193 1014 C.
1226 973 1451 1024 Gracchus,
1486 989 1599 1026 quum
1624 973 1797 1027 largitio-

235 1064 304 1090 nes
332 1050 519 1088 maximas
546 1048 704 1087 fecisset
725 1054 763 1086 et
784 1047 988 1087 effudisset
1007 1047 1218 1097 aerarium,
1253 1047 1385 1086 verbis
1412 1053 1540 1086 tamen
1568 1046 1799 1086 defendebat

234 1121 444 1162 aerarium.
496 1119 598 1174 Quid
621 1120 736 1161 verba
760 1120 926 1169 audiam,
962 1134 1074 1173 quum
1100 1121 1200 1159 facta
1222 1119 1402 1159 videam?
1433 1118 1524 1159 Piso
1541 1123 1560 1146 4
1585 1119 1649 1159 ille
1677 1118 1797 1173 Frugi

236 1209 389 1250 semper
411 1201 545 1234 eontra
562 1194 687 1248 legem
707 1193 997 1233 frumentariam
1019 1193 1187 1232 dixerat.
1250 1191 1305 1243 Is,
1341 1193 1427 1246 lege
1447 1193 1540 1242 lata,
1575 1193 1794 1233 consularis

1148 1266 1330 1306 Animum
1363 1266 1565 1306 advertit6
1593 1265 1794 1307 Gracchus

238 1344 273 1382 in
297 1341 484 1382 concione
505 1339 691 1380 Pisonem
715 1347 904 1390 stantem3
939 1339 1106 1393 quaerit,
1141 1340 1322 1379 audiente
1343 1340 1482 1394 populo
1503 1339 1699 1390 Romano,
1735 1339 1799 1393 qui

237 1270 281 1308 ad
309 1270 541 1308 frumentum
576 1266 876 1321 accipiundum-'³
906 1273 1084 1306 venerat.

326 1475 348 1508 3
373 1488 403 1507 v.
427 1474 509 1506 Adn.
558 1474 579 1507 4
603 1474 659 1505 Kl.
683 1474 715 1505 iu
741 1474 825 1505 Add.
850 1486 877 1505 c.
900 1475 973 1505 Vat.
1001 1476 1036 1505 L.
1060 1477 1142 1506 Piso.
1198 1474 1218 1505 5
1244 1474 1298 1505 Sic
1321 1485 1348 1505 c.
1372 1476 1428 1505 Tr.
1452 1481 1484 1505 et
1510 1474 1565 1506 Kl.
1591 1474 1622 1505 in
1650 1474 1734 1505 Add.
1760 1486 1798 1505 ex

239 1522 276 1553 R.
304 1527 338 1552 et
362 1522 396 1551 P.
423 1520 537 1562 scripsi
562 1531 623 1562 pro
646 1521 873 1558 accipiendum.
931 1518 952 1550 6
981 1519 1034 1550 Sic
1059 1531 1086 1550 c.
1113 1521 1150 1549 D.
1174 1526 1206 1549 et
1228 1521 1283 1551 Tr.
1308 1519 1419 1561 scripsi
1444 1531 1481 1550 ex
1514 1520 1550 1550 R.
1578 1521 1609 1550 Ι).
1638 1519 1724 1550 Gud.
1754 1519 1797 1558 l.,

236 1566 271 1597 in
297 1565 412 1608 quibus
439 1572 487 1596 est
511 1568 651 1597 animam
675 1566 829 1604 advertit,·
853 1566 907 1595 Or.
932 1576 957 1595 c.
982 1564 1067 1606 vulg.
1094 1566 1324 1595 animadvertit.
1377 1566 1412 1595 V.
1435 1564 1476 1595 ad
1499 1565 1536 1595 V.
1555 1564 1615 1603 23,
1642 1562 1696 1596 65.

307 1644 384 1675 CAP.
407 1644 485 1674 XX.
524 1645 551 1685 δ.
576 1641 629 1676 47.
676 1644 766 1682 quasi
788 1643 998 1685 titillarentur]
1038 1654 1062 1673 c.
1090 1642 1174 1673 Mos.
1200 1643 1255 1674 Tr.
1279 1642 1416 1674 Klotzio
1449 1642 1482 1673 in
1507 1642 1591 1673 Add.
1619 1654 1657 1673 cx
1690 1643 1799 1674 omni-

238 1691 392 1722 Bentleius
415 1688 456 1719 ob
482 1687 677 1719 latinitatem
709 1687 883 1728 legendum
908 1694 1001 1729 putat
1037 1687 1094 1718 bus
1128 1687 1197 1718 fere
1234 1687 1332 1718 codd.
1367 1694 1399 1718 et
1434 1687 1587 1729 optimis,
1630 1694 1663 1718 ut
1696 1689 1734 1719 R.
1759 1689 1797 1719 V.

238 1736 414 1766 titillentur:
440 1733 528 1775 quod
551 1732 675 1775 recepit
700 1732 859 1762 Davisius.
899 1734 1000 1763 Immo
1038 1731 1123 1763 Gud.
1146 1733 1254 1773 1.1[.,
1279 1732 1412 1774 scripsi:
1440 1735 1491 1764 Or.
1517 1744 1542 1763 e.
1565 1732 1651 1774 vulg.
1677 1737 1709 1764 at
1731 1735 1799 1765 lau-

240 1790 317 1809 vero
356 1778 502 1808 latinitas
542 1777 703 1819 efflagitat
747 1776 1000 1819 imperfectum3
1036 1779 1110 1815 (lat,
1146 1781 1171 1808 et
1194 1787 1306 1816 saepe,
1342 1787 1393 1816 v.,
1432 1784 1465 1808 ut
1490 1781 1516 1809 el
1541 1777 1627 1808 idem
1655 1779 1723 1809 sere
1747 1778 1798 1814 sit⁷

240 1835 312 1854 nani
335 1822 377 1854 ad
399 1835 427 1853 v.
449 1825 539 1854 morlo
561 1822 779 1865 supplendum
803 1829 851 1852 est
872 1824 1001 1854 dicebat.
1038 1822 1126 1864 quod
1161 1826 1186 1853 el
1218 1824 1360 1862 quidem.-
1397 1822 1438 1853 de
1465 1833 1528 1865 quo
1554 1834 1610 1853 usu
1637 1835 1666 1854 v.
1691 1822 1732 1854 ad
1759 1824 1798 1854 ll.

242 1868 293 1899 Cf.
327 1869 355 1910 (j.
379 1865 430 1899 41.
455 1871 510 1899 4⁵2..
534 1866 577 1899 46
645 1868 690 1897 De
725 1867 824 1897 verbo
856 1869 1002 1898 tilillamli
1038 1867 1068 1906 7,
1101 1867 1147 1899 17.

241 1914 284 1944 cf.
305 1914 347 1943 N.
366 1913 404 1943 D.
429 1913 451 1942 l.
472 1914 526 1950 40,
548 1912 627 1945 113:
655 1918 688 1943 at
709 1912 767 1942 has
787 1911 927 1943 leviores
951 1913 1004 1942 di—
1110 1914 1145 1942 Et
1159 1912 1296 1954 quidem]
1323 1913 1357 1943 Et
1371 1914 1493 1951 quidem
1517 1911 1549 1943 in
1568 1912 1800 1955 respondendo

1042 1963 1225 1998 ponuntur,
1258 1964 1290 1987 et
1313 1957 1378 1987 hoc
1402 1957 1532 1999 quidem
1557 1957 1632 1988 loco
1659 1969 1729 1988 cum
1753 1969 1798 1987 ιι-

242 1958 287 1989 cis
323 1957 534 1999 voluptates,
583 1957 698 2000 quibus
738 1957 828 1999 quasi
871 1960 1005 1989 titillatio

244 2001 391 2045 (Epicuii
413 2002 499 2032 enim
521 2002 585 2032 hoc
608 2002 744 2032 verbum
768 2002 830 2042 est)
864 2002 1005 2033 adhibe—

243 2055 296 2078 tui
317 2046 479 2077 sensibus:
508 2046 561 2076 ubi
585 2058 614 2077 v.
637 2049 801 2077 Davisium
825 2053 856 2077 et
879 2049 1006 2078 Creuze-

242 2102 323 2123 rum.
364 2090 536 2122 Cat.M·1i
565 2087 614 2127 14,
638 2088 691 2122 47.
730 2091 802 2122 Fin.
827 2093 847 2122 l.
878 2093 924 2129 ll,
948 2090 1002 2143 519.

245 2142 294 2167 est
329 2135 459 2177 Epicuri
503 2134 664 2177 γαργαὶίζ
668 2146 717 2174 ω,
764 2133 991 2177 ,αρ(οι)ισυέ,

246 2183 344 2220 Quasi
368 2179 495 2221 mitigat
519 2160 768 2210 insolentioniem
800 2191 891 2210 usum
915 2160 1003 2210 veihi

245 2227 402 2256 titillandi.
438 2224 486 2254 Cf.
508 2227 603 2256 Beier.
630 2224 670 2255 ad
691 2225 786 2255 offic.
810 2225 849 2254 ΙΙ
876 2227 924 2260 lh,
949 2225 1002 2256 ῡὸ

325 2279 420 2301 unum
455 2270 612 2311 gaudere]
663 2269 695 2300 Si
741 2269 826 2300 enim
870 2271 1005 2309 9audere

245 2315 286 2345 sit
305 2330 349 2342 τε
364 2312 411 2357 -ξ-
433 2326 468 2350 εις
502 2316 602 2345 dolere
623 2313 684 2345 erit
703 2330 747 2341 Ξ
765 2333 807 2337 —
827 2326 862 2351 a,
895 2314 1004 2356 itaque

245 2370 299 2392 nec
317 2361 452 2400 {laudere
472 2369 525 2390 nec
545 2361 645 2390 dolere
665 2359 728 2390 erit
748 2374 792 2386 ==
813 2370 852 2395 ος
887 2359 919 2389 in
942 2359 1006 2390 hoc

246 2416 324 2446 ergo
355 2404 512 2446 peccabat
538 2404 713 2445 Epicurus,
751 2404 838 2446 quod
874 2403 901 2434 ei
935 2411 1006 2435 crat

313 2461 330 2479 a
353 2464 397 2475 =
418 2460 456 2479 ος
493 2449 582 2491 quod
617 2448 910 2480 contradictorium
947 2455 1005 2481 cst.

248 2495 385 2524 Neidius.

314 2548 383 2568 cum
406 2538 606 2579 quibusdam]
632 2538 850 2581 philosophis.

315 2583 417 2621 quod,
443 2592 536 2620 quum
561 2602 593 2605 -
626 2588 786 2622 expetatur
807 2602 849 2607 -—
868 2586 1007 2624 quaesitu

249 2629 306 2666 sit,
328 2645 371 2649 —-
392 2628 564 2664 separat-[U
602 2628 624 2657 E
649 2628 773 2670 vulgari
797 2628 906 2660 Latini
936 2640 1008 2660 ser—

249 2671 355 2702 monis
383 2670 618 2701 consurtnsline
650 2680 818 2714 exspectes
854 2678 1007 2713 expetere-

249 2720 300 2748 tur
325 2734 366 2740 -—-
388 2717 527 2754 quaesita
552 2719 635 2745 esset.
685 2721 725 2747 At
757 2723 915 2756 separavit
940 2730 1004 2749 non

249 2760 434 2804 perfectum
460 2759 547 2802 quod
581 2758 701 2791 dicitur
729 2761 921 2793 historicum
946 2769 1004 2801 est,

251 2805 310 2837 sed
334 2805 517 2848 perfectum
546 2815 719 2846 praesens,
757 2806 803 2836 uti
826 2806 1007 2838 luculenter

251 2856 389 2893 apparet
409 2860 447 2880 ex
470 2848 742 2880 antecedentibus
764 2855 874 2890 putat,
898 2854 1007 2885 distin-

251 2898 318 2935 ,quit
340 2901 373 2926 et
394 2905 461 2937 seq.
485 2895 606 2925 laudat.

318 2941 346 2982 ξ,
368 2937 421 2973 48.
463 2942 500 2973 At
524 2940 634 2970 laudat
656 2948 746 2978 saepe
769 2941 923 2974 virtutem]
953 2941 1007 2972 Sic

1040 2001 1161 2032 1isioue
1185 2002 1335 2044 quadim
1363 2009 1397 2033 ut
1416 2003 1497 2033 haec
1520 2002 1596 2033 insit
1618 2002 1797 2033 sententian

1039 2050 1065 2077 et
1087 2048 1211 2085 pulchre
1234 2049 1357 2087 quidem
1380 2058 1501 2085 mones,
1527 2051 1618 2078 etiam
1646 2050 1677 2079 C.
1703 2050 1800 2078 Grac-

1038 2093 1121 2122 chum
1173 2091 1361 2134 Comparari
1384 2073 1519 2134 possurit
1544 2092 1704 2123 formulae
1726 2091 1801 2123 illae

1039 2135 1154 2165 tiitae:
1182 2140 1207 2167 et
1230 2141 1326 2175 recte,
1351 2140 1378 2167 el
1398 2141 1474 2167 recle
1497 2139 1640 2176 quidem,
1665 2141 1690 2168 et
1715 2146 1800 2174 sane,

1037 2183 1062 2210 et
1084 2182 1251 2219 nimirum,
1275 2185 1301 2211 et
1323 2183 1490 2212 mehercule
1514 2188 1602 2220 cett„
1628 2182 1742 2223 quibus
1767 2181 1799 2211 in

1039 2223 1175 2265 dialogis
1195 2237 1293 2267 saepe
1315 2225 1446 2256 alterius
1468 2226 1565 2256 verba
1585 2225 1799 2268 excipiuntur.

1040 2269 1091 2299 (ΣΙ.
1118 2272 1261 2301 Goerenz.
1288 2269 1328 2300 ad
1353 2271 1454 2312 Legg.
1479 2272 1500 2302 1.
1528 2272 1586 2309 132,
1613 2270 1665 2303 30.
1693 2283 1722 2313 p.
1746 2271 1798 2301 ὁὸ.

1039 2313 1081 2344 ad
1108 2314 1260 2345 Acadcm.
1288 2317 1310 2345 I.
1343 2316 1399 2353 12,
1424 2315 1477 2346 43.
1503 2316 1603 2357 p-OT.

1110 2361 1142 2390 C.
1157 2361 1327 2400 Gracchus]
1346 2359 1630 2397 Quemadmodum
1648 2361 1680 2391 C.
1696 2360 1801 2391 Grac-

1041 2404 1119 2435 chus
1145 2404 1347 2435 orationibus
1380 2405 1495 2435 aerarii
1524 2412 1699 2447 patronum
1723 2405 1799 2446 egit,

1041 2448 1266 2490 largitionibus
1300 2456 1409 2480 autem
1443 2450 1589 2481 maximis
1614 2450 1648 2480 id
1671 2450 1799 2486 effudit,

1044 2500 1078 2524 ut
1097 2494 1196 2525 verba
1216 2494 1300 2526 illius
1322 2506 1392 2525 cum
1413 2495 1507 2525 factis
1529 2501 1728 2537 pugnarent3
1754 2494 1799 2525 ita

1044 2539 1220 2581 Epicurus,
1257 2550 1354 2581 quum
1387 2539 1418 2570 in
1445 2539 1615 2581 voluptate
1638 2550 1798 2570 summum

1042 2583 1163 2615 bonum
1198 2584 1310 2626 ponit,
1348 2583 1492 2627 quamvis
1522 2596 1619 2626 saepe
1644 2584 1798 2614 virtutem

1041 2629 1163 2667 laudet,
1188 2636 1297 2660 tamen
1317 2641 1334 2659 a
1358 2629 1478 2659 virtute
1497 2640 1655 2659 summum
1676 2629 1798 2659 bonum

1041 2681 1171 2715 separat
1204 2674 1328 2715 sibique
1361 2672 1569 2704 contradicit.
1621 2675 1667 2704 De
1692 2685 1726 2704 re
1753 2673 1796 2704 cf.

1041 2721 1136 2750 Beier.
1161 2718 1202 2749 ad
1228 2719 1322 2749 Offic.
1349 2719 1389 2748 ΙΙ.
1415 2720 1475 2754 21,
1502 2718 1554 2750 72.
1586 2730 1616 2760 p.
1637 2716 1704 2751 144).

1107 2765 1161 2803 qui
1182 2765 1239 2794 sibi
1261 2762 1386 2805 constet]
1414 2763 1452 2793 V.
1476 2762 1517 2792 ad
1542 2764 1580 2794 ΙΙ.
1605 2766 1623 2795 ⁴.)
1639 2764 1699 2801 ,;›.

1041 2819 1108 2851 seq.
1134 2811 1226 2839 nolim
1252 2819 1281 2838 v
1310 2807 1351 2838 ad
1377 2809 1401 2837 1.
1423 2807 1476 2845 ΔΤ,
1502 2807 1554 2839 67.

1108 2862 1178 2884 mea
1200 2853 1294 2893 bona]
1329 2851 1663 2893 Scil.pat1imonium
1687 2852 1797 2895 publi—

1043 2909 1126 2935 cum,
1151 2897 1238 2928 cuius
1260 2896 1393 2939 quisque²
1414 2896 1491 2927 civis
1514 2898 1677 2940 particeps
1700 2904 1794 2929 esset.

1117 2944 1269 2974 orationes
1297 2942 1451 2981 Gracchi]
1487 2943 1525 2974 V
1560 2942 1595 2975 C.
1625 2944 1713 2974 Brut.
1740 2942 1794 2979 33,

1751 2765 1798 2794 De
