1863 3221
239 100 322 141 374
375 88 381 90 ’
816 99 1228 142 LissEu1v.29‚62.

244 188 490 243 cupiditatem
525 183 760 225 laetitiamve
798 187 1003 231 moveant,
1049 187 1178 221 tamen
1210 181 1261 221 sit
1287 180 1428 222 vitiosa
1462 182 1544 237 ipsa
1570 181 1793 222 commotio.

247 259 501 303 Constantem
543 257 645 297 enim
685 254 874 309 quendam
911 254 1113 305 volumus,
1158 254 1358 304 sedatum,
1401 269 1584 308 gravem,
1629 255 1797 295 humana

249 334 375 374 omnia
399 330 670 386 prementem³
704 327 809 367 illum
837 340 947 377 esse,
991 340 1101 381 quem
1129 326 1414 381 magnanimum
1437 334 1476 367 et
1504 328 1641 367 fortem
1672 327 1798 367 virum

249 407 424 446 dicimus.

249 476 423 530 gestiens
447 487 537 514 esse
562 472 762 526 quisquam
787 479 928 526 potest.

488 402 600 444 Talis
642 406 770 441 autem
812 413 884 439 nec
913 413 1093 439 maerens
1136 412 1208 439 nec
1235 399 1375 440 timens
1418 413 1490 440 nec
1526 400 1686 454 cupiens
1725 413 1798 439 nec

991 470 1137 512 Eorum
1160 472 1261 511 enim
1286 472 1380 512 haec
1405 480 1518 523 sunt,
1551 473 1615 526 qui
1636 479 1800 514 eventus

251 550 438 589 humanos
468 546 716 600 superiores,
750 559 860 599 quam
893 559 985 586 suos
1016 547 1165 585 animos
1198 558 1285 585 esse
1317 545 1512 585 ducunt³.

362 618 528 661 XXlX.
571 625 640 660 62.
673 617 808 672 Quare
839 619 1007 658 omnium
1030 618 1366 673 philosophorum,
1404 625 1447 658 ut
1467 625 1556 658 ante
1581 618 1684 669 dixi,
1726 632 1800 658 una

250 695 348 734 ratio
375 701 435 734 cst
455 692 655 744 medendi,
688 699 730 732 ut
759 691 876 741 nihil,
909 691 1020 745 quale
1047 691 1097 731 sit
1121 691 1239 742 illud,
1273 691 1372 745 quod
1395 691 1592 744 perturbet
1615 691 1799 741 animum,

250 768 318 808 sed
344 768 389 807 (le
412 767 496 821 ipsa
517 766 569 806 sit
590 765 881 820 perturbatione
904 764 1123 804 dicendum.
1186 762 1320 818 Itaque
1343 764 1504 819 primum
1528 763 1566 804 in
1592 764 1673 818 ipsa
1698 764 1803 818 cupi—

251 840 394 890 ditate,
427 853 541 893 quum
569 839 606 878 id
627 839 750 879 solum
774 838 922 892 agitur,
964 844 1005 877 nt
1035 850 1079 876 ea
1111 837 1289 887 tollatur,
1335 851 1410 877 non
1439 844 1498 877 est
1522 837 1800 891 quaerendum,

251 914 394 953 bonum
413 913 529 962 illud,
564 925 687 952 necne
711 911 783 961 sit,
825 911 924 963 quod
952 909 1148 950 libidinem
1173 916 1352 960 moveat,
1395 910 1460 950 sed
1486 910 1602 950 libido
1622 910 1705 964 ipsa
1732 910 1804 950 tol-

250 986 364 1026 lenda
397 992 482 1035 est,
528 991 590 1034 ut,
634 984 741 1034 sive,
788 983 888 1037 quod
914 983 1117 1022 honestum
1146 989 1229 1033 est,
1273 982 1310 1022 id
1344 982 1395 1022 sit
1423 996 1611 1022 summum
1642 983 1801 1034 bonum,

252 1114 365 1135 omnes
389 1101 487 1134 codd.
506 1107 638 1143 praeter
658 1100 731 1132 cod.
743 1100 866 1139 Ursini,
890 1100 923 1131 in
946 1111 1011 1143 quo

250 1147 370 1190 legitur
393 1149 514 1178 etiamsi
535 1148 622 1178 mala
653 1148 712 1177 sint
735 1148 811 1185 illa,
846 1155 925 1185 quae
947 1155 1012 1176 me-

250 1197 316 1224 tum
339 1193 613 1232 aeyritudinemve,
636 1192 735 1222 bona:
761 1189 847 1221 unde
871 1191 909 1221 L.
932 1190 1012 1221 scri-

252 1244 382 1280 pturam
415 1236 462 1267 sic
496 1235 684 1267 constituit:
722 1238 844 1267 etiamsi
866 1239 902 1267 et
925 1237 1012 1266 mala

252 1286 312 1314 sint
334 1284 411 1321 illa,
445 1290 525 1320 quae
549 1291 590 1311 m.
616 1290 699 1320 aeyr.
714 1304 724 1320 ,
762 1284 798 1312 et
822 1282 902 1312 bona
927 1286 1010 1318 etc.;

251 1327 337 1358 hanc
372 1325 593 1357 coniecturam
628 1324 754 1367 recepit
787 1324 918 1367 quidem
944 1326 1010 1364 Or.,

251 1371 311 1403 sed
334 1371 367 1402 in
402 1370 523 1402 scholis
547 1369 663 1402 Wolfii
696 1369 795 1401 rediit
829 1369 871 1400 ad
895 1369 1014 1411 vulga-

253 1422 341 1454 tam3
367 1414 533 1446 Bentleius
548 1413 689 1445 coniecit
708 1417 828 1446 etiamsi
847 1416 909 1445 vel
926 1416 1014 1445 mala

252 1463 313 1492 sint
335 1480 379 1485 —
403 1461 472 1490 vel
496 1461 587 1491 bona.
632 1458 795 1500 Vulgatae
816 1461 936 1490 etiamsi
959 1468 1014 1490 nec

251 1507 339 1536 mala
361 1506 422 1536 sint
448 1522 492 1527 —-
514 1514 569 1536 nec
592 1505 673 1535 bona
699 1503 896 1535 sententiam
924 1505 1014 1543 Wop-

253 1551 378 1581 hensius
412 1549 520 1581 Lectt.
541 1547 630 1580 Tull.
664 1549 696 1586 Ι,
722 1549 772 1581 18.
805 1559 838 1590 p.
867 1547 939 1580 138.
967 1547 1015 1579 sic

255 1593 412 1636 exponit:
448 1593 633 1631 „Constare
656 1591 744 1624 inter
765 1603 897 1629 omnes,
923 1599 1013 1624 tam—

253 1639 315 1669 etsi
336 1650 386 1669 res
405 1637 487 1676 illas,
514 1649 596 1680 quae
614 1637 878 1679 perturbationes
896 1636 928 1668 in
947 1648 1012 1668 no-

253 1682 302 1714 bis
337 1682 524 1721 concitent‚
571 1693 641 1713 esse
675 1681 900 1713 indifferentes
937 1681 1013 1724 [nec

252 1727 352 1759 malas
396 1738 457 1758 nec
493 1727 611 1768 bonas]
665 1726 886 1767 concedatur,
927 1726 1013 1768 ipsas

251 1780 363 1804 tamen
388 1771 639 1810 commotiones,
664 1783 682 1802 a
704 1771 801 1802 rebus
820 1771 884 1802 illis
906 1771 1013 1802 indif-

254 1816 437 1848 ferentibus
463 1816 665 1855 concitatas,
692 1816 827 1848 vitiosas
852 1827 940 1855 esse,
965 1816 1013 1847 si-

252 1861 385 1904 quidem
408 1873 425 1893 a
445 1867 535 1893 recta
553 1861 683 1893 ratione
699 1861 912 1898 deflectant‚“
938 1861 1013 1893 coll.

253 1918 281 1937 c.
304 1906 367 1945 25,
391 1905 446 1938 60.
470 1906 574 1948 princ.
606 1918 632 1938 e.
652 1904 715 1945 29,
739 1906 795 1940 6¹2.
842 1908 945 1945 Quare
969 1925 1013 1930 —-

251 1953 428 1983 dicendum.
454 1951 546 1991 2231,
569 1950 622 1983 65.
635 1956 716 1982 extr.
750 1951 865 1982 Paullo
890 1951 1012 1982 obscu-

252 1996 317 2027 rius
341 1997 507 2027 Handius:
552 1995 714 2034 „Etiamsi
748 1995 1013 2039 perturbationes

250 2039 350 2071 animi
375 2039 415 2070 ab
441 2052 477 2070 ea
499 2046 604 2081 parte,
629 2039 719 2082 quod
742 2051 803 2072 nec
826 2041 912 2072 mala
936 2040 1014 2078 sint,

253 2095 336 2126 quae
358 2089 482 2114 metum
506 2084 806 2125 aegritudinemve,
831 2096 892 2116 nec
916 2086 1013 2123 bona,

253 2139 337 2170 quae
363 2127 577 2170 cupiditatem
612 2128 814 2160 laetitiamve
847 2136 1014 2167 moveant,

253 2172 432 2215 improbari
468 2172 633 2211 debeant,
679 2179 790 2204 tamen
824 2173 895 2215 ipsa
930 2173 1014 2204 adeo

256 2217 434 2248 commotio
467 2217 586 2249 vitiosa
610 2221 695 2249 est.“
741 2220 881 2249 Klotzius
905 2218 1013 2249 locum

253 2261 301 2293 sic
324 2262 580 2304 interpretatur:
618 2273 680 2301 „so
705 2262 800 2301 dass,
829 2262 1013 2305 abgesehen

255 2307 375 2345 davon,
401 2306 474 2338 dass
495 2306 587 2338 diese
610 2307 727 2349 Dinge,
753 2307 875 2338 welche
892 2307 1014 2338 Furcht

256 2364 285 2383 u.
312 2351 559 2390 Kiimmerniss,
593 2351 703 2383 weder
727 2352 893 2391 schlecht,
927 2353 1013 2383 noch

255 2396 319 2434 die,
344 2396 468 2427 welche
481 2397 562 2427 Lust
576 2407 606 2428 u.
620 2396 849 2429 Fr'o'hlichkeit
868 2397 1011 2435 wecken,

254 2447 313 2483 gut
332 2440 415 2477 sind,
441 2441 528 2472 doch
549 2441 642 2482 jener
660 2441 828 2474 Eindruck
848 2454 889 2473 an
909 2453 938 2473 u.
958 2442 1011 2473 fm-

255 2485 323 2515 sich
344 2485 579 2517 tadelnswerth
596 2486 674 2518 ist.“
713 2487 818 2529 Magis
841 2494 874 2518 et
894 2486 937 2518 ad
955 2487 1011 2518 Ci—

256 2528 382 2560 ceronis
406 2530 518 2570 verba,
543 2537 576 2561 et
597 2531 639 2562 ad
659 2532 818 2564 sermonis
835 2531 939 2563 nostri
957 2531 1012 2562 in-

255 2573 363 2604 dolem
385 2573 431 2604 sic
453 2581 580 2606 vertas:
606 2586 643 2607 so
665 2576 749 2615 dass,
774 2576 876 2608 selbst
889 2576 922 2607 in
937 2576 1012 2607 dem

255 2617 365 2655 Falle,
389 2617 463 2648 (lass
485 2619 654 2651 einerseits
674 2621 727 2652 die
748 2621 865 2664 Dinge,
890 2621 1013 2653 welche

255 2661 377 2706 lJJurcht
402 2662 483 2692 oder
506 2663 664 2695 Kummer
688 2665 880 2705 einsso'ssen,
918 2666 1012 2697 keine

254 2706 341 2738 Ubel
363 2706 456 2742 sind,
482 2707 548 2737 und
572 2708 790 2741 andererseits
815 2710 869 2742 die
895 2711 1011 2753 Dinge,

254 2751 377 2783 welche
392 2750 550 2792 Begierde
574 2752 655 2783 oder
671 2754 898 2787 Fr6h1icl1keit
920 2767 1012 2787 erre—

254 2807 337 2838 gen,
374 2795 470 2827 keine
506 2796 610 2827 Giiter
644 2797 736 2835 sind,
774 2799 927 2832 dennoch
958 2800 1012 2832 die

254 2840 596 2883 Gemiithsbewegung
618 2851 657 2872 an
679 2853 708 2872 u.
724 2842 776 2873 fiir
793 2843 862 2876 sich
884 2845 1011 2877 fehler—

252 2885 326 2917 haft
349 2884 401 2917 ist.

1052 1141 1060 1153 Ι
1120 1102 1315 1132 Constantem
1338 1118 1382 1124 —
1405 1100 1573 1143 quendam]
1612 1100 1663 1133 Cf.
1688 1100 1731 1133 ad
1765 1102 1805 1133 ΙΙ.

1046 1147 1085 1185 4,
1115 1145 1164 1177 11.

1113 1192 1252 1221 humana
1287 1192 1392 1221 omnia
1421 1191 1620 1232 prementem]
1658 1193 1806 1223 Davisius

1045 1234 1299 1277 interpretatur:
1324 1235 1464 1266 humana
1488 1235 1597 1266 omnia
1614 1235 1806 1276 calcantem,

1046 1279 1067 1312 i.
1083 1291 1111 1311 e.
1137 1279 1393 1322 despicientem5
1418 1291 1500 1322 quae
1524 1287 1632 1312 autem
1657 1280 1806 1324 exempla

1048 1336 1065 1356 e
1089 1324 1255 1355 veteribus
1286 1324 1502 1367 scriptoribus
1535 1325 1733 1368 constipavit
1763 1325 1805 1358 ad

1047 1368 1320 1411 significationem
1343 1371 1488 1401 calcandi
1510 1369 1587 1401 huic
1616 1371 1718 1402 verbo
1742 1370 1804 1402 tri-

1046 1414 1232 1453 buendam,
1269 1413 1311 1444 ad
1346 1425 1444 1445 unum
1480 1414 1587 1446 omnia
1611 1414 1806 1447 alienissima

1048 1465 1133 1489 sunt.
1180 1460 1215 1490 In
1247 1457 1285 1489 iis
1311 1459 1395 1490 enim
1420 1458 1472 1489 vel
1496 1458 1660 1491 adiectum
1684 1471 1804 1492 nomen

1044 1505 1122 1543 pede
1148 1503 1198 1535 vel
1223 1502 1310 1534 aliud
1335 1503 1491 1546 quiddam
1515 1504 1704 1536 adiunctum
1721 1505 1807 1537 hanc

1048 1548 1219 1580 notionem
1243 1548 1291 1579 illi
1325 1548 1427 1579 verbo
1461 1548 1630 1587 attribuit3
1671 1560 1808 1589 premere

1047 1604 1126 1624 vero
1160 1593 1352 1636 simpliciter
1384 1592 1529 1635 positum
1560 1605 1621 1636 pro
1644 1597 1766 1626 calcare
1789 1606 1807 1626 a

1047 1637 1213 1669 veteribus
1228 1637 1318 1680 poni,
1341 1648 1408 1669 non
1427 1638 1570 1670 memini.
1606 1639 1707 1670 Recte
1720 1641 1808 1671 Han-

1047 1684 1118 1714 dius
1130 1682 1172 1713 ad
1185 1682 1370 1724 Wopkens.
1386 1694 1418 1725 p.
1434 1682 1496 1716 139
1507 1695 1573 1726 sq.:
1597 1686 1738 1716 Premere
1753 1684 1807 1715 di-

1048 1726 1132 1758 citur
1146 1727 1186 1758 de
1209 1727 1359 1759 omnibus
1379 1727 1486 1766 rebus,
1512 1740 1605 1771 quae,
1630 1740 1672 1760 ne
1692 1740 1807 1760 exsur-

1047 1779 1127 1814 gant
1169 1778 1226 1803 aut
1261 1779 1457 1814 evagentur,
1504 1773 1735 1805 moderatione
1773 1781 1807 1805 et

1047 1816 1288 1860 temperatione
1313 1817 1520 1859 cohibentur,
1545 1818 1646 1849 veluti
1669 1821 1807 1851 luxuries

1048 1864 1195 1893 arborum
1211 1865 1362 1901 premitur
1383 1862 1428 1905 [h.
1444 1874 1471 1894 e.
1490 1864 1639 1906 putatur]
1661 1865 1741 1903 falce
1750 1874 1803 1905 ap.

1049 1907 1143 1938 Ovid.
1168 1908 1249 1938 Met.
1274 1908 1367 1945 XlV,
1392 1906 1469 1939 629.
1503 1914 1536 1938 et
1564 1910 1672 1947 populi
1694 1909 1807 1941 ditione

1045 1956 1227 1991 premuntur
1251 1951 1406 1994 ap.Virg.
1424 1955 1503 1983 Aen.
1529 1954 1599 1991 Vll,
1620 1952 1695 1986 737.
1722 1955 1807 1985 Orel-

1048 1999 1108 2028 Ζῐαε
1131 1996 1224 2027 addit
1249 1997 1365 2028 Horat.
1392 1996 1498 2028 Carm.
1524 1998 1548 2028 I.
1571 1998 1634 2034 31,
1660 1996 1700 2029 9:
1736 2008 1807 2038 pre-

1047 2046 1135 2073 mant
1157 2044 1272 2073 Calena
1295 2044 1373 2082 falce
1400 2060 1444 2065 —
1466 2045 1581 2074 vitem.-
1605 2042 1658 2074 ubi
1679 2044 1807 2075 Doerin-

1048 2088 1118 2125 9ius
1141 2086 1239 2117 affert
1252 2087 1343 2128 Virg.
1370 2086 1490 2128 Georg.
1514 2088 1556 2126 Il,
1574 2086 1648 2119 401.
1669 2093 1702 2118 et
1717 2089 1808 2128 Wop-

1049 2131 1131 2161 kens.
1179 2132 1294 2162 Senec.
1331 2131 1372 2161 de
1406 2132 1457 2162 Ira
1491 2132 1556 2170 111,
1582 2130 1622 2164 6.·
1659 2131 1806 2163 sublimis

1048 2174 1194 2213 animus,
1236 2175 1363 2217 quietus
1394 2186 1524 2217 semper
1548 2195 1610 2213 —-‚
1652 2175 1738 2208 intra
1771 2188 1806 2208 se

1045 2228 1198 2258 premens,
1224 2219 1338 2261 quibus
1359 2219 1406 2250 ira
1427 2219 1641 2251 contrahitur.
1667 2222 1807 2253 Klotzius

1047 2263 1140 2294 addit
1165 2264 1296 2302 Quinct.
1323 2264 1383 2295 XI.
1411 2263 1448 2303 1,
1478 2264 1536 2296 16:
1573 2265 1627 2307 qui
1649 2275 1684 2296 se
1707 2276 1806 2308 supra

1047 2307 1182 2338 modum
1211 2308 1362 2346 extollit,
1395 2318 1533 2348 premere
1565 2321 1604 2340 ac
1636 2309 1806 2352 despicere

1048 2353 1191 2383 creditur
1215 2364 1275 2385 nec
1290 2359 1358 2384 tam
1379 2364 1414 2384 se
1434 2353 1603 2393 maiorem,
1629 2365 1725 2397 quam
1742 2355 1805 2386 mi-

1047 2408 1144 2428 nores
1175 2404 1302 2430 ceteros
1336 2398 1457 2430 facere.
1516 2401 1663 2431 Humana
1696 2406 1805 2431 autem

1046 2442 1253 2485 appellantur
1276 2442 1460 2486 quicunque
1474 2443 1573 2474 animi
1597 2443 1728 2476 humani
1751 2456 1806 2477 co-

1046 2494 1152 2526 natus,
1177 2488 1384 2529 agitationes,
1415 2488 1665 2527 commotiones,
1690 2489 1805 2531 quibus

1046 2532 1270 2574 magnanimus
1294 2532 1344 2564 vir
1367 2532 1626 2564 moderationem
1650 2533 1806 2566 adhibere

1047 2576 1147 2608 debet
1166 2588 1204 2608 ac
1224 2577 1321 2608 solet.
1360 2578 1473 2619 Itaque
1499 2577 1637 2608 Bentleii
1660 2584 1692 2608 et
1715 2579 1805 2610 Bou-

1046 2621 1139 2653 hierii
1156 2621 1351 2653 coniecturis
1362 2626 1561 2661 spernentem,
1570 2623 1713 2661 ferentem
1724 2634 1805 2665 opus

1047 2678 1113 2698 non
1139 2673 1198 2698 est.
1250 2668 1381 2698 Wesenb.
1407 2667 1476 2697 Em.
1495 2668 1519 2697 Ι.
1552 2677 1583 2707 ρ.
1604 2666 1659 2698 33.
1683 2668 1805 2708 probat

1048 2711 1131 2743 coni.
1153 2714 1362 2751 spernentem,
1396 2710 1591 2752 scripturam
1618 2717 1805 2750 prementem

1047 2767 1064 2786 e
1088 2755 1271 2788 litterarum
1303 2754 1561 2798 transpositione
1594 2762 1707 2788 natum
1739 2769 1804 2799 pu—

1045 2807 1129 2834 tanS.

1114 2848 1235 2877 animos
1247 2854 1309 2877 esse
1320 2844 1448 2886 ducunt]
1474 2844 1514 2876 R.
1527 2845 1560 2877 P.
1578 2845 1664 2878 Gud.
1677 2845 1706 2879 1.
1720 2849 1802 2890 Aug.

1048 2889 1152 2921 Rehd.
1179 2889 1291 2922 Duisb.
1317 2888 1421 2920 Marb.
1456 2897 1559 2933 quatt.
1585 2892 1665 2922 Oxx.
1689 2892 1802 2934 legunt
