1832 3137
1526 86 1608 126 415

360 173 430 210 55.
466 168 530 209 Μ.
554 167 615 209 Tu
637 170 787 223 quidem
817 170 966 210 tabellis
987 170 1201 224 obsignatis
1220 172 1303 226 agis
1322 185 1473 213 mecum
1491 181 1529 213 et
1554 181 1610 214 te—

58 241 253 293 stificaris,
279 241 367 296 quid
388 241 552 282 dixerim
575 243 780 296 aliquando
801 250 866 283 aut
887 244 1124 298 scripserim.
1160 242 1258 285 Cum
1278 245 1362 286 aliis
1382 245 1458 286 isto
1479 247 1609 298 modo,

59 315 124 370 qui
144 315 294 369 legibus
315 315 505 370 impositis
527 315 742 369 disputant3
776 330 846 356 nos
866 316 904 355 in
925 317 1023 356 diem
1044 317 1234 368 vivimus,
1269 320 1522 374 quodcunque
1543 334 1611 361 no-

597 90 765 122 LlBER
793 91 830 123 V.
857 91 917 131 11,
941 90 997 125 33.
1021 90 1075 124 34.

58 184 137 212 non
163 168 298 211 verba.

60 395 166 429 stros
192 388 341 429 animos
368 388 638 443 probabilitate
673 389 886 443 percussit,
928 388 966 428 id
993 390 1177 441 dicimus,
1219 392 1347 446 itaque
1374 393 1444 433 soli
1478 407 1612 434 sumus

58 461 185 503 liberi.
247 460 517 503 Veruntamen
540 462 719 516 quoniam
743 462 788 502 de
809 462 1026 502 constantia
1051 464 1178 517 paullo
1199 473 1288 505 ante
1310 466 1500 518 diximus,
1534 481 1611 507 non

56 549 131 589 ego
149 535 221 576 hoo
245 536 330 576 loco
352 536 387 576 id
415 536 675 590 quaerendum
701 542 812 590 puto,
845 548 1033 575 verumne
1052 536 1124 586 sit,
1160 539 1258 590 quod
1283 538 1436 579 Zenoni
1459 540 1613 594 placue-

58 609 109 649 rit
132 610 308 664 quodque
334 609 417 650 eius
444 609 631 659 auditori,
666 608 868 655 Aristoni,
903 608 1044 648 honum
1067 623 1154 649 esse
1175 611 1321 661 solum,
1366 613 1465 666 quod
1493 613 1612 653 hone-

59 689 159 723 stum
182 690 310 733 esset3
344 683 412 724 sed
433 683 464 723 si
486 683 539 723 ita
564 689 694 733 esset,
729 688 806 721 tum
830 683 904 721 ιιῑ2
931 688 1052 721 totum
1078 683 1149 722 hoc
1175 683 1288 723 beate
1313 685 1448 726 vivere
1473 686 1511 726 in
1536 701 1614 727 una

462 761 531 796 54.
568 753 734 807 Quare3
767 755 900 794 demus
925 755 996 795 hoe
1027 769 1121 796 sane
1144 754 1292 807 Bruto,
1333 765 1375 797 ut
1397 759 1446 799 sit
1477 759 1613 800 beatus

55 841 210 882 semper
235 827 413 883 sapiens,
457 828 587 883 (quam
620 828 693 868 sibi
716 829 949 878 conveniat,
991 829 1073 883 ipse
1104 830 1266 880 viderit,
1310 831 1436 884 gloria
1460 833 1613 886 quidem

56 755 200 796 virtute
224 763 400 810 poneret.

56 901 169 942 huius
197 901 415 942 sententiae
440 901 525 956 quis
549 909 610 941 est
630 902 694 941 illo
717 902 803 942 viro
829 902 1023 956 dignior?)
1062 917 1133 943 nos
1154 911 1282 943 tamen
1306 911 1532 956 teneamus,
1576 913 1616 946 ut

54 975 107 1015 sit
136 975 234 1015 idem
266 975 528 1015 beatissimus.

169 1046 270 1088 Xll.

57 1123 194 1163 borum
218 1121 368 1176 opifex,
395 1121 616 1163 insinuasse
636 1125 709 1163 se³
730 1123 768 1162 in
785 1123 979 1176 antiquam
1000 1122 1281 1177 philosophiam
1300 1124 1469 1176 videtur,
1503 1126 1616 1167 huius

332 1047 385 1088 Et
405 1048 437 1088 si
455 1047 626 1089 1Ze1102
655 1047 807 1090 Citieus
822 1053 839 1076 3
857 1081 867 1099 ,
901 1049 1051 1089 advena
1076 1050 1227 1103 quidam
1259 1057 1297 1090 et
1325 1051 1505 1105 ignobilis
1526 1067 1616 1093 ver-

147 1250 170 1283 2
192 1264 222 1283 v.
246 1251 329 1283 Adn.
375 1249 397 1284 3
421 1250 598 1283 Distinctio
618 1251 713 1283 huius
736 1251 812 1290 loci,
838 1263 856 1283 a
879 1263 932 1283 me
958 1252 1110 1291 inducta,
1137 1252 1276 1285 debetur
1298 1256 1506 1296 Wesenberyio
1529 1256 1615 1288 Adn.

56 1298 155 1329 Tusc.
177 1308 209 1340 p.
224 1294 274 1328 17.
321 1296 411 1328 Prius
440 1303 526 1327 erat:
554 1299 657 1336 Quare
679 1316 723 1320 —
746 1300 891 1337 sapiens;
915 1308 1011 1337 quam
1033 1317 1077 1321 —
1099 1299 1221 1330 viderit.
1269 1302 1376 1331 Gloria
1399 1320 1442 1324 —
1464 1303 1615 1342 dignior?

55 1353 112 1374 nos
135 1348 197 1374 etc.
246 1342 323 1373 XII.
373 1340 389 1372 1
416 1353 445 1372 v.
468 1341 554 1373 Adn.
605 1341 626 1373 2
650 1343 686 1373 P.
709 1344 832 1382 Zenon,
855 1342 898 1375 cf.
924 1353 950 1373 c.
973 1340 1013 1382 9,
1038 1340 1093 1374 27.
1142 1342 1163 1375 3
1188 1355 1221 1375 v.
1245 1344 1331 1376 Adn.
1427 1337 1436 1346 ’

57 1420 167 1463 legere
189 1419 281 1451 malit
301 1422 484 1460 poneretur,
519 1419 607 1462 quod
630 1431 820 1462 comparere

59 1465 191 1496 videtur
208 1465 240 1496 in
255 1467 380 1495 Oxonn.
399 1464 474 1507 aliq.
499 1465 641 1496 Wolfius
660 1465 701 1496 de
718 1466 820 1496 Bent-

60 1510 115 1542 leii
134 1510 298 1541 sententia
322 1510 430 1541 locum
451 1509 498 1541 sic
532 1509 721 1541 constituit:
755 1512 820 1549 sed,

58 1558 92 1587 ni
113 1558 159 1587 ita
181 1559 265 1594 esset,
289 1565 364 1587 num
384 1557 438 1586 hoc
459 1558 566 1595 totum,
591 1558 618 1586 b.
638 1565 679 1595 v.‚
703 1558 735 1587 in
755 1565 820 1586 una

58 1611 88 1632 υ.
109 1603 280 1640 ponerent?
315 1602 406 1639 Quae
427 1600 571 1642 quidem,
596 1600 702 1642 inquit
723 1600 820 1631 Orel-

60 1645 141 1683 lius,
179 1645 285 1687 primo
309 1645 468 1687 adspectu
495 1644 727 1682 blandiuntur,
762 1644 817 1675 sed

58 1690 256 1722 sententiam
279 1689 428 1721 efficiunt
447 1701 465 1720 a
480 1690 631 1722 Tulliana
652 1689 749 1732 plane
767 1690 820 1721 di-

57 1747 184 1767 versam
208 1734 377 1778 minusque
405 1734 481 1766 huic
510 1735 585 1766 loco
619 1735 821 1766 convenien—

60 1787 138 1812 tem.
188 1781 280 1812 Bern.
305 1782 396 1811 Mon.
422 1779 449 1811 1.
486 1780 589 1812 Rehd.
615 1780 700 1811 Gud.
726 1782 765 1811 ll.
789 1780 820 1812 ¹2.

58 1825 156 1857 Vind.
179 1826 205 1857 l.
229 1825 327 1856 etiam
351 1825 476 1868 aliquot
503 1828 594 1864 Oxx„
620 1832 654 1856 ut
678 1825 819 1864 videtur,

59 1877 93 1901 et
106 1871 140 1902 P.
165 1870 324 1902 omittunt
346 1874 379 1901 ut
401 1877 474 1912 post
496 1874 570 1902 tum.
596 1870 695 1902 Plane
716 1870 819 1912 probo

62 1915 173 1947 Orellii
207 1915 425 1955 sententiam,
462 1915 522 1946 nisi
556 1915 646 1957 quod
671 1927 688 1946 e
713 1915 819 1946 verbis

56 1963 268 2001 quaerendum
292 1972 356 1991 non
381 1962 622 1999 postulandum,
658 1959 716 1990 sed
742 1959 821 1990 nihil

59 2005 166 2043 aliud,
197 2005 257 2036 nisi
281 2015 418 2045 necesse,
442 2008 648 2037 necessarium
673 2015 735 2037 esse
759 2005 821 2036 eli-

59 2050 210 2082 ciendum
235 2050 397 2081 existimo.

128 2097 155 2138 ᾗ.
171 2093 225 2128 34.
248 2097 355 2127 demus
372 2097 427 2126 hoc
450 2114 513 2135 —,
536 2100 569 2126 ut
591 2097 643 2136 sit]
674 2094 821 2125 Coniun-

62 2139 129 2172 ctio
154 2143 186 2171 ut
216 2139 391 2171 referenda
421 2146 470 2171 est
492 2140 535 2172 ad
560 2151 743 2183 pronomen
767 2142 822 2171 hoc

62 2191 97 2218 et
120 2184 238 2224 habet,
275 2191 310 2216 ut
337 2196 455 2228 saepe,
491 2185 556 2216 vim
581 2185 822 2227 explicativam.

62 2230 113 2262 Cf.
138 2231 162 2261 l.
186 2230 250 2269 32,
274 2230 326 2264 7«“’.
362 2231 400 2261 V.
428 2230 487 2268 12,
512 2229 576 2263 34:
614 2230 701 2273 apud
726 2242 822 2273 quem

59 2287 157 2318 saepe
176 2277 251 2307 haec
275 2274 381 2307 oratio
406 2282 558 2317 usurpata
583 2282 651 2314 est,
687 2280 720 2307 ut
741 2275 821 2306 nihil

60 2327 190 2363 praeter
211 2320 366 2351 virtutem
389 2322 541 2351 diceretur
562 2320 692 2353 bonum.
719 2321 761 2351 N.
780 2321 821 2351 D.

62 2367 87 2396 Ι.
108 2363 170 2403 3-1»,
195 2364 256 2397 95:
293 2364 500 2395 retinendum
526 2367 582 2397 hoc
605 2377 694 2404 esse,
733 2366 819 2396 Deus

60 2414 93 2441 ut
117 2410 231 2441 beatus
253 2428 297 2433 —-
321 2412 369 2441 sit.

127 2459 295 2494 teneamus,
316 2455 363 2495 ut]
389 2453 469 2484 Aliis
489 2453 568 2485 locis
589 2461 665 2495 post
686 2453 820 2485 verbum

60 2501 182 2532 tenendi
202 2499 349 2542 sequitur
370 2506 512 2530 accusat.
539 2511 565 2530 c.
590 2499 670 2537 inf.‚
695 2498 721 2529 si
745 2498 820 2541 qui—-

62 2544 137 2576 dem
170 2556 219 2576 res
252 2551 307 2576 aut
333 2556 402 2575 esse
427 2551 482 2575 aut
507 2544 606 2574 fuisse
631 2550 686 2575 aut
712 2544 821 2575 futura

62 2601 132 2621 esse
165 2589 356 2632 simpliciter
380 2589 589 2626 enuntiatur,
624 2588 689 2620 hoc
712 2596 822 2620 autem

65 2634 141 2666 loco
166 2635 300 2677 ponitur
326 2639 376 2674 ut,
412 2634 501 2677 qnod
526 2645 592 2665 rem
619 2633 821 2675 cogitatione

63 2679 268 2711 efficiendam
293 2686 349 2711 aut
375 2680 483 2711 animo
509 2678 752 2710 informandam
775 2678 823 2709 si-

62 2723 205 2765 gnifieat.
253 2727 358 2767 Supra
382 2726 406 2756 Ι.
429 2723 484 2763 4⁴2,
513 2724 592 2756 100:
622 2725 688 2754 Nos
714 2730 823 2754 autem

63 2773 238 2810 teneamus,
260 2774 294 2802 ut
316 2769 395 2801 nihil
417 2780 596 2802 censeamus
615 2780 684 2800 esse
705 2767 823 2799 malum

66 2820 129 2846 etc.
162 2815 202 2844 V.
226 2815 392 2846 Adnotata
414 2815 447 2845 in
472 2816 527 2846 Ill.
551 2814 583 2853 ὃ,
606 2815 644 2845 5:
672 2815 732 2852 Qui
753 2823 823 2845 vero

61 2861 191 2899 probari
211 2863 328 2899 potest,
351 2864 384 2891 ut
407 2867 469 2891 etc.

135 2904 231 2945 idem]
257 2904 332 2935 Scil.
356 2904 495 2946 sapiens.

136 2948 303 2979 minxit.
331 2951 408 2980 Etsi
425 2951 503 2981 Zeno
528 2968 567 2973 -—
596 2948 689 2991 §.32
712 2958 823 2980 mana-

855 1422 896 1451 bit
917 1420 1030 1463 oratio]
1058 1420 1170 1452 Solam
1189 1421 1344 1454 virtutem
1363 1423 1495 1455 beatam
1515 1425 1617 1456 vitam

856 1465 1007 1504 efficere,
1044 1465 1109 1497 hoc
1138 1477 1204 1497 non
1229 1469 1318 1499 Zeno
1344 1469 1467 1511 primus
1493 1469 1617 1509 docuit,

855 1510 912 1541 sed
939 1510 1054 1550 Plato,
1092 1522 1109 1542 e
1143 1523 1208 1554 quo
1239 1518 1395 1556 tanquam
1420 1514 1514 1546 fonte
1538 1515 1619 1547 haec

855 1555 960 1587 omnis
984 1555 1135 1587 doctrina
1159 1556 1221 1588 erit
1242 1557 1432 1590 haurienda.
1457 1562 1546 1591 Zeno
1563 1560 1618 1591 di-

856 1600 939 1632 citur
962 1600 1108 1640 advena,
1135 1601 1155 1632 i.
1179 1613 1206 1632 e.
1235 1603 1443 1645 peregrinus,
1481 1605 1555 1648 quia
1580 1617 1618 1636 ex

856 1645 961 1684 Citio,
993 1646 1073 1677 urbe
1098 1646 1239 1689 quadam
1265 1648 1383 1691 Cypri,
1410 1649 1498 1681 cuius
1522 1650 1618 1682 inco—

855 1690 906 1721 lae
931 1697 1024 1722 erant
1049 1691 1243 1723 Phoe-niciae
1277 1693 1431 1735 originis,
1463 1695 1618 1727 oriundus

855 1742 935 1766 erat.
982 1736 1127 1767 Eandem
1164 1736 1206 1767 ob
1238 1749 1382 1769 caussam
1409 1739 1521 1771 Cicero
1546 1752 1619 1772 eum

854 1783 1026 1812 Poenulum
1046 1781 1203 1823 appellat.
1241 1785 1378 1814 Neidius.
1419 1785 1569 1816 Ceterum
1592 1798 1620 1817 c.

856 1827 1008 1865 Treydero
1042 1832 1074 1856 et
1100 1828 1199 1857 Baln'o
1233 1827 1274 1857 ad
1299 1829 1401 1870 Legg.
1424 1831 1448 1861 Ι.
1478 1830 1536 1868 13,
1562 1830 1617 1863 59.

855 1880 915 1912 pro
949 1872 1015 1901 Etsi
1049 1870 1235 1913 scripsimus
1262 1874 1298 1903 Et
1321 1875 1359 1904 si.
1417 1875 1502 1906 Nam
1538 1875 1618 1906 nihil

857 1914 1055 1945 contrarium
1078 1916 1221 1957 ponitur,
1243 1917 1301 1948 sed
1327 1919 1529 1959 conceditur,
1553 1922 1617 1951 Ze-

856 1971 977 1991 nonem
1001 1960 1081 1991 nihil
1105 1967 1236 2003 praeter
1258 1962 1356 1994 verba
1379 1971 1541 2003 mutasse,
1567 1977 1618 1997 res

857 2012 890 2035 et
911 2005 1090 2037 sententias
1106 2013 1253 2037 veterum
1269 2007 1544 2052 philosophorum
1562 2022 1618 2041 re·-

855 2057 1002 2081 tinuisse.

926 2097 1053 2136 Citieus]
1091 2095 1144 2127 Sic
1177 2104 1266 2128 recte
1293 2100 1346 2128 Or.
1396 2100 1432 2130 ln
1457 2100 1619 2143 scriptura

856 2140 949 2171 huius
972 2140 1112 2171 nominis
1133 2141 1344 2174 vehementer
1366 2144 1534 2183 turbatur,
1560 2145 1619 2176 sed

857 2196 933 2216 vera
953 2185 1114 2228 scriptura
1136 2187 1188 2218 vel
1212 2187 1383 2219 exhibetur
1407 2201 1424 2220 a
1448 2190 1543 2221 codd.
1567 2190 1620 2222 vel

856 2230 937 2261 latet
959 2230 991 2261 in
1014 2231 1064 2269 iis,
1088 2238 1123 2262 ut
1144 2231 1176 2262 iu
1202 2232 1237 2262 R.
1262 2233 1405 2274 (ticieus),
1429 2235 1461 2264 P.
1484 2235 1618 2276 (cicius).

857 2275 1015 2307 Nonnulli
1040 2276 1136 2307 codd.
1161 2284 1193 2307 et
1216 2277 1288 2308 edd.
1313 2284 1391 2308 vett.
1418 2278 1539 2310 habent
1556 2282 1618 2311 Cit-

855 2323 951 2359 tz'eus,
978 2320 1060 2351 aliae
1083 2320 1158 2351 edd.
1180 2328 1261 2352 vett.
1288 2324 1454 2362 Cittiaeus;
1478 2331 1512 2355 at
1534 2324 1619 2355 scri-

856 2372 951 2407 ptura
975 2376 1034 2406 per
1057 2369 1079 2395 u
1102 2366 1276 2397 reiiciendu
1303 2374 1372 2403 est3
1409 2368 1452 2399 cf.
1478 2370 1535 2402 Gr.
1556 2369 1619 2403 Κί-

855 2421 919 2443 τιον
945 2417 977 2440 et
999 2409 1147 2448 Κιτιεύς.
1193 2412 1232 2442 V.
1258 2414 1294 2443 G.
1309 2413 1363 2443 Ch.
1380 2414 1482 2445 Crusii
1502 2414 1617 2446 histor.

857 2455 913 2486 Gr.
939 2455 1093 2485 Deutsch.
1118 2455 1287 2486 Wfirtffl-b.
1323 2463 1354 2487 et
1386 2460 1481 2498 Popii
1512 2460 1617 2491 W6r-

854 2499 938 2530 terb.
963 2499 994 2530 h.
1011 2510 1040 2529 v.
1064 2502 1240 2539 Popponem
1262 2501 1303 2531 ad
1318 2502 1467 2545 Thucyd.
1493 2505 1579 2538 Part.
1594 2506 1619 2537 Ῐ.

855 2543 930 2575 Vol.
956 2545 995 2574 Il.
1031 2555 1062 2585 p.
1087 2545 1161 2577 476.
1212 2548 1353 2579 Goerenz.
1389 2548 1430 2578 ad
1463 2549 1533 2582 Fin.
1562 2551 1617 2583 IV.

855 2589 918 2627 20,
943 2587 996 2620 [26.

922 2635 1083 2664 verborum
1107 2634 1224 2678 opifex]
1251 2635 1319 2668 Fin.
1349 2638 1404 2669 111.
1429 2638 1468 2677 2,
1495 2640 1535 2671 5:
1562 2643 1617 2672 Ze—

858 2688 896 2709 no
916 2695 960 2700 ——
981 2688 1041 2710 non
1061 2683 1123 2710 tam
1145 2690 1248 2712 rerum
1268 2684 1407 2714 inventor
1429 2685 1499 2723 fuit,
1523 2695 1617 2724 quam

858 2725 1019 2754 verborum
1037 2734 1206 2765 novorum,
1241 2726 1415 2770 multisque
1443 2729 1512 2759 aliis
1534 2729 1615 2759 locis

861 2767 976 2798 Cicero
1014 2768 1078 2801 hoc
1111 2770 1252 2802 Zenonis
1290 2772 1433 2803 novandi
1473 2773 1615 2804 studium

859 2812 1012 2854 exagitat.

925 2860 1097 2892 insinuasse
1119 2860 1165 2903 se]
1200 2862 1290 2892 Unus
1317 2864 1373 2893 Ox,
1398 2862 1488 2891 Mon.
1514 2862 1545 2892 2.
1582 2868 1615 2893 et.

858 2902 984 2934 Nonius
1009 2916 1042 2946 p.
1065 2903 1140 2944 457,
1167 2905 1220 2938 26.
1245 2907 1346 2937 Mero.
1383 2906 1534 2936 omittunt
1573 2917 1614 2942 se,

859 2947 944 2990 quod
970 2949 1111 2990 probant
1134 2952 1229 2982 Bouh.
1253 2950 1293 2981 nd
1317 2950 1347 2980 h.
1373 2950 1392 2979 l.
1424 2956 1455 2980 et
1482 2954 1613 2982 Garato-
