1832 3137
48 169 86 210 in
115 181 225 218 eam,
261 180 373 222 quam
399 179 470 207 nos
493 167 665 208 maxime
689 168 912 222 sequimur,
947 175 1111 209 conetur
1137 168 1349 221 invadere,
1384 184 1524 224 magua
1551 171 1617 212 ha-

47 241 141 282 bere
175 241 298 295 possit
328 240 475 280 auxilia
507 243 563 281 {1⁷
599 241 835 295 reliquorum
870 241 1185 297 philosophorum
1217 243 1444 298 discipliniS.

159 311 213 354 11.

46 387 170 427 dimus
194 387 232 427 in
258 385 495 437 Hortensio,
529 401 599 442 pro
623 386 838 427 Academia
863 395 992 427 autem
1016 402 1113 442 quae
1146 389 1309 430 dicenda
1331 397 1486 441 essent,
1519 391 1614 432 satis

658 88 822 122 LIBER
849 89 888 122 ll.
917 87 958 130 2,
983 89 1015 122 ὁ.

274 312 363 354 Nos
394 320 522 353 autem
556 314 764 354 universae
798 314 1062 369 philosophiae
1094 315 1423 370 vituperatoribus
1452 331 1615 372 respon-

47 467 230 500 accurate
262 460 300 499 iu
325 459 574 500 Academicis
608 467 789 514 quattuor
813 459 922 500 libris
949 460 1142 515 explicata
1169 462 1427 514 arbitramur,
1461 465 1529 504 sed
1557 470 1614 505 ta-

47 547 137 573 men
161 540 308 574 tantuin
334 533 461 584 abest,
495 540 537 574 ut
557 533 676 573 scribi
701 541 837 573 contra
859 547 930 573 nos
957 533 1140 585 nolimus,
1175 542 1216 575 ut
1238 535 1274 576 id
1302 536 1418 577 etiam
1444 537 1613 578 maxime

48 613 242 661 optemus.
304 604 350 646 ln
385 606 470 661 ipsa
503 607 605 646 enim
639 604 809 647 Graecia
842 605 1085 660 philosophia
1119 613 1226 647 tanto
1264 608 1301 648 in
1334 609 1484 650 honore
1516 625 1613 651 nun-

46 694 159 734 quam
199 679 361 727 fuisset,
412 679 486 720 nisi
523 679 839 719 doctissimorum
879 679 1196 720 contentionibus
1226 681 1612 736 dissensionibusque

317 759 358 794 5.
394 750 658 805 Quamobrem
689 751 825 792 hortor
849 766 1008 803 omnes,
1043 754 1106 807 qui
1135 753 1265 793 facere
1291 753 1327 793 id
1353 762 1538 808 possunt,
1573 763 1614 795 ut

47 825 160 866 huius
189 839 343 880 quoque
372 824 531 879 generis
555 825 705 865 laudem
730 824 804 865 iam
828 825 1026 879 languenti
1049 824 1244 866 Graeciae
1271 826 1439 881 eripiant
1460 835 1499 868 et
1525 842 1612 882 per-

44 752 253 806 viguisset.

45 900 203 939 ferantl
239 899 278 938 in
310 898 409 939 hanc
440 898 598 949 urbem,
643 897 746 939 sicut
775 898 945 952 reliquas
977 912 1138 949 omnes,
1185 913 1282 953 quae
1315 900 1466 954 quidem
1499 908 1613 941 erant

43 971 311 1027 expetendae,
346 971 474 1013 studio
498 978 612 1026 atque
637 971 829 1012 industria
859 986 929 1012 sua
961 972 1130 1013 maiores
1160 973 1283 1013 nostri
1312 974 1608 1014 transtulerunt.

44 1045 175 1100 Atque
197 1052 398 1085 oratorum
421 1045 574 1099 quidem
602 1046 685 1085 laus
707 1045 775 1096 ita,
810 1045 924 1085 (lucta
947 1045 993 1085 ab
1019 1044 1166 1095 humili,
1200 1046 1308 1086 venit
1331 1047 1377 1086 ad
1401 1060 1609 1098 summum,

43 1126 84 1159 ut
115 1119 214 1170 iam,
249 1119 348 1172 quod
376 1125 515 1158 natura
542 1119 615 1158 fert
645 1117 684 1158 in
716 1118 893 1158 omuibus
926 1119 1007 1158 fere
1037 1118 1179 1169 rebus,
1214 1127 1397 1159 senescat
1423 1119 1609 1174 brevique

132 1245 152 1279 7
178 1246 232 1280 Sic
255 1250 308 1279 Or.
331 1259 358 1280 e.
380 1247 529 1279 omnibus
550 1247 620 1278 fere
642 1253 719 1289 post
740 1248 779 1280 L.
803 1247 891 1284 edd..
917 1246 1104 1290 legiturque
1128 1246 1160 1278 in
1182 1247 1326 1290 quinque
1349 1250 1430 1280 Oxx.
1453 1255 1487 1280 et
1507 1249 1606 1281 Vind.

45 1293 72 1324 l.
89 1291 120 1324 ¹2.
146 1293 254 1335 Vulgo
276 1303 296 1324 a
317 1292 494 1324 omittitur.
543 1292 744 1333 Absorptum
767 1291 838 1323 sine
870 1292 970 1323 dubio
996 1299 1045 1323 est
1073 1292 1113 1323 ab
1136 1293 1348 1324 antecedenti
1371 1304 1403 1325 a.
1453 1295 1493 1326 V.
1516 1294 1558 1325 ad
1582 1296 1605 1326 Ι.

40 1336 96 1378 23,
121 1337 183 1369 54:
213 1348 276 1378 qua
295 1347 313 1368 a
334 1337 437 1379 princ.
488 1337 593 1367 Etiam
616 1337 671 1369 Kt.
695 1337 727 1367 in
752 1336 836 1368 Add.
860 1348 890 1379 p.
905 1334 959 1369 6⁴2.
981 1337 1262 1379 praepositionem
1283 1339 1504 1370 revocandam
1527 1350 1607 1370 eeu-

39 1388 104 1413 set.
152 1383 193 1413 11.
243 1381 258 1413 1
287 1382 341 1413 Sic
362 1384 416 1413 Or.
433 1393 459 1413 c.
475 1381 563 1412 Gud.
587 1382 628 1412 ΙΙ.
644 1385 726 1423 Aug.
745 1381 851 1413 Rehd.
868 1381 979 1413 Duisb.
995 1384 1074 1412 Oxx.
1099 1388 1132 1412 et
1154 1382 1229 1413 edd.
1255 1394 1388 1421 omnes3
1415 1384 1452 1415 R.
1475 1384 1561 1415 Gud.
1577 1383 1606 1416 1.

39 1426 197 1469 multique
230 1427 285 1458 alii
314 1429 515 1467 praeferant;
549 1437 628 1457 unus
650 1426 717 1459 Pal.
741 1428 923 1466 proferant:
959 1438 1041 1469 quae
1063 1426 1246 1469 scripturae
1267 1439 1306 1458 ex
1330 1427 1488 1459 similibus
1513 1440 1607 1459 com—

41 1471 170 1514 pendiis
189 1472 468 1514 praepositionum
483 1482 550 1512 per,
563 1482 651 1511 prae,
664 1482 723 1511 pro
744 1477 841 1502 natae
856 1478 950 1509 sunt3
978 1472 1133 1503 Boethius
1149 1472 1182 1502 in
1197 1472 1264 1503 Cic.
1277 1472 1395 1515 Topic.
1413 1485 1445 1515 p.
1460 1471 1536 1512 372,
1550 1470 1606 1504 26.

41 1517 123 1548 Bait.
147 1517 248 1548 habet
267 1519 477 1557 transferant,
501 1517 603 1559 magis
627 1516 836 1554 senteutiam,
863 1527 960 1559 quam
983 1517 1110 1559 singula
1133 1516 1234 1548 verba
1258 1517 1453 1559 exprimens.
1500 1517 1608 1549 Etiam

46 1565 122 1594 Wes.
145 1563 214 1594 Em.
239 1563 263 1593 Ι.
284 1574 316 1604 p.
331 1560 363 1593 7.
387 1561 564 1604 legendum
585 1561 771 1604 suspicatur
790 1564 963 1602 wasmont,-
998 1568 1032 1593 at
1052 1564 1208 1602 perferre,
1245 1562 1335 1605 quod
1360 1569 1410 1593 est
1434 1563 1521 1594 ferre
1543 1563 1607 1594 ali-

41 1607 119 1650 quid
142 1606 208 1645 ita‚
235 1614 269 1638 ut
292 1607 470 1644 terminus,
507 1618 603 1649 quem
625 1613 737 1649 petas,
764 1607 965 1649 attingatur,
1003 1607 1130 1649 optime
1151 1607 1184 1639 h.
1207 1607 1230 1641 l.
1255 1618 1290 1638 se
1309 1607 1428 1646 habet,
1455 1619 1517 1639 nec
1541 1608 1606 1639 ullo

41 1652 141 1683 modo
163 1652 340 1695 requiritur
364 1652 450 1683 sedis
475 1652 666 1683 mutationis
687 1652 802 1691 notio,
828 1663 911 1694 quae
936 1658 985 1683 est
1008 1651 1042 1683 in
1067 1652 1169 1684 verbo
1190 1652 1424 1684 transferendi.

39 1731 128 1762 dium
149 1730 283 1762 tenebat
307 1730 392 1762 inter
417 1730 609 1761 Asianorum
631 1729 805 1761 abundan-

39 1776 120 1807 tiam
144 1782 177 1806 et
192 1775 378 1807 Atticorum
402 1775 608 1806 tenuitatem.
645 1776 696 1806 Cf.
719 1777 806 1806 Brut.

42 1821 92 1853 13.
133 1822 181 1852 De
207 1821 318 1852 Attico
343 1820 473 1851 dicendi
493 1832 614 1862 genere
638 1820 682 1851 cf.
702 1819 805 1851 Cicer.

41 1866 82 1897 de
105 1868 180 1908 Opt.
203 1877 276 1907 gen.
298 1866 376 1903 die„
405 1867 560 1896 Bruma.
582 1871 615 1895 et
638 1863 692 1896 254.
717 1867 806 1896 Orat.

40 1911 60 1944 7
81 1918 115 1942 et
139 1912 183 1943 '23
196 1922 244 1953 sq.
296 1910 451 1949 Quinctil.
478 1911 557 1940 Inst.
584 1921 631 1941 or.
655 1910 735 1940 Xll.
755 1911 806 1946 ll),

47 1955 86 1988 16
99 1967 170 1998 sqq.
212 1955 338 1996 Dialog.
357 1955 399 1985 (le
422 1966 524 1985 cuuss.
547 1960 691 1995 corrupt.
705 1953 804 1995 cloq.,

40 2000 93 2042 qui
119 2011 291 2042 perperam
316 2000 436 2031 Tacito
461 1998 676 2037 adscribitur,
704 2010 731 2029 c.
754 2000 803 2030 lu.

40 2046 155 2075 Senec.
183 2056 234 2086 ep.
262 2045 334 2076 114.

107 2092 146 2120 iis
178 2091 254 2128 ipsis
275 2107 317 2112 —-
342 2088 496 2131 iynolum]
539 2099 655 2130 quum,
692 2087 804 2119 Attico

39 2145 159 2175 genere
184 2133 315 2165 dicendi
339 2145 375 2164 se
397 2133 540 2174 gaudere
569 2132 727 2170 dicentes,
753 2132 802 2163 ie-

39 2178 211 2210 iunitatem
232 2178 418 2210 Atticorum
437 2178 664 2214 imitarentur,
692 2189 802 2208 eorum

41 2223 107 2254 vim
131 2235 170 2254 ac
194 2223 295 2254 robur
318 2235 359 2253 ne
383 2222 605 2264 intelligerent
626 2222 770 2264 quidem.

106 2269 330 2309 conticuerunt]
356 2269 410 2299 Sic
433 2274 523 2299 recte
549 2279 575 2299 c.
600 2269 636 2298 D.
663 2269 731 2305 Or.,
758 2267 805 2298 uti

40 2319 90 2343 est
110 2313 142 2343 in
164 2313 199 2343 R.
217 2312 444 2345 Gud.1.1[.·.'.
473 2318 552 2354 Aug.
567 2311 671 2343 Rehd.
688 2312 802 2343 Duisb.

42 2357 146 2388 Murb.
173 2368 233 2398 pro
257 2357 344 2398 vulg.
371 2359 558 2388 conticuere.-
589 2368 672 2398 quae
697 2357 803 2388 formu

42 2401 129 2443 apud
157 2401 348 2432 Ciceronem
382 2400 476 2431 valde
509 2401 607 2431 (lubia
642 2407 702 2431 est.
753 2401 803 2433 Cf.

42 2446 131 2477 infra
156 2447 194 2477 V.
219 2445 284 2483 37,
317 2445 385 2477 ΙΟΤ.
401 2470 408 2481 ,
442 2444 495 2475 ubi
521 2445 619 2475 etium
649 2445 802 2477 meliores

43 2489 116 2521 libri
139 2491 277 2521 sormam
299 2493 485 2521 reverterunt
511 2490 716 2531 praeferunt.
763 2492 802 2523 V.

47 2547 106 2566 nos
131 2536 163 2566 in
191 2536 248 2565 Gr.
276 2536 314 2566 Ῐι.
341 2536 368 2570 δ.
386 2536 449 2571 52,
475 2537 506 2565 ζ’.

110 2582 139 2622 ᾖ.
153 2579 182 2612 -l,
207 2582 339 2612 secundo
359 2579 488 2621 populo]
518 2579 594 2610 [Le.
617 2578 750 2609 favente
771 2586 804 2609 et

46 2625 206 2665 probante
239 2625 371 2667 populo.
431 2624 465 2655 C.
496 2623 537 2654 (lc
567 2623 632 2664 leg.
668 2635 735 2665 ugr.
765 2625 805 2655 ΙΙ.

44 2669 97 2705 37,
128 2670 204 2701 101:
240 2669 311 2711 quis
331 2669 418 2699 enim
443 2680 584 2711 unquam
606 2675 674 2699 tam
697 2678 804 2699 secun-

45 2714 88 2742 da
114 2714 271 2745 concione
296 2714 401 2755 legem
421 2734 463 2736 —
485 2713 595 2753 suasit,
621 2724 718 2755 quam
743 2724 804 2753 ego

45 2755 204 2789 dissuasi?

113 2804 143 2832 iu
166 2803 248 2845 eam]
275 2803 480 2845 disciplinam
510 2802 748 2833 Academicann.

115 2846 191 2877 CAP.
213 2849 252 2878 ll.
288 2850 321 2879 in
345 2850 519 2889 Hortensio}
560 2849 651 2886 Quae
675 2847 716 2877 de
740 2847 804 2877 hoc

46 2890 131 2921 libro
154 2890 291 2924 dicenda
315 2899 401 2931 sunt,
427 2892 566 2924 diximus
593 2893 623 2923 in
647 2892 731 2923 libro
749 2891 803 2922 ‹li-

45 2941 101 2967 cto
125 2936 163 2967 de
192 2937 343 2970 Ciceronis
373 2940 404 2970 in
433 2939 661 2978 philosophiam
689 2938 806 2968 meritis

843 1742 874 1772 p.
889 1731 956 1769 51„
984 1729 1037 1761 ubi
1054 1730 1225 1762 addendus
1243 1737 1314 1762 erat
1329 1731 1420 1762 locus
1437 1730 1479 1762 de
1491 1732 1562 1764 Fin.
1578 1734 1603 1763 Ι.

848 1776 872 1812 Ι,
898 1776 929 1807 2.
980 1777 1028 1807 De
1051 1777 1244 1808 Academicis
1265 1778 1351 1807 libris
1369 1776 1606 1818 disputavimus

842 1819 960 1851 eodem
986 1820 1060 1851 loro
1086 1832 1117 1861 p.
1137 1821 1177 1852 51
1192 1832 1241 1862 sq.

910 1867 937 1905 ξ.
962 1866 992 1896 5.
1029 1866 1169 1905 laudem]
1210 1867 1296 1896 Laus
1319 1876 1417 1906 saepe
1441 1865 1606 1907 siguificat

842 1920 909 1939 rem
925 1909 1091 1939 laudatam
1109 1908 1158 1938 vel
1175 1908 1383 1940 laudabilem.
1422 1910 1476 1941 Sic
1492 1910 1604 1952 paullo

843 1959 917 1995 post
941 1957 1100 1985 oratorum
1122 1955 1192 1984 laus
1213 1960 1262 1984 est
1284 1966 1335 1984 ars
1355 1954 1487 1985 dicendi
1506 1955 1603 1986 laude

841 1997 949 2040 digna.
997 1998 1051 2028 Sic
1072 1997 1160 2028 infra
1184 1998 1216 2036 9,
1238 2000 1301 2030 22:
1340 1999 1410 2030 Nec
1432 2000 1604 2042 quisquam

841 2054 859 2073 e
888 2042 1008 2074 nostris
1041 2041 1148 2084 spolia
1173 2042 1262 2085 cepit
1289 2045 1446 2076 laudibus.
1495 2046 1544 2076 De
1567 2056 1604 2076 re

840 2086 910 2129 ipsa
935 2088 979 2118 cf.
1005 2098 1064 2117 nos
1089 2087 1121 2117 in
1147 2086 1232 2119 libro
1256 2087 1348 2119 dieto
1374 2099 1405 2130 p.
1423 2087 1474 2121 41.

909 2134 953 2164 ita
977 2151 1020 2155 —
1045 2134 1125 2163 uenit
1149 2134 1192 2164 acl
1214 2143 1391 2172 summum,
1414 2134 1461 2176 ut]
1488 2135 1603 2166 Vocu-

839 2177 903 2208 lam
938 2180 982 2208 ita
1020 2188 1084 2207 non
1110 2176 1150 2206 :ul
1178 2177 1276 2208 verba
1301 2179 1395 2210 ducta
1419 2181 1459 2209 ab
1482 2181 1603 2219 humili,

839 2223 897 2253 sod
923 2229 1048 2252 tuntum
1074 2221 1115 2251 ad
1140 2233 1208 2264 seq.
1230 2226 1263 2253 ut
1289 2223 1495 2254 referendam
1520 2235 1600 2261 esse,

840 2274 952 2298 monet
983 2268 1118 2306 ll'ulfius.
1179 2268 1225 2298 De
1258 2267 1316 2297 illo
1351 2270 1394 2297 ila
1429 2279 1459 2298 v.
1487 2278 1545 2298 nos
1570 2268 1602 2299 iu

841 2313 897 2343 Gr.
929 2313 966 2342 L.
994 2313 1022 2354 §-
1043 2313 1114 2342 142.
1142 2311 1221 2342 Not.
1242 2310 1288 2342 14.

906 2356 1055 2397 senescat]
1090 2355 1233 2385 Verbum
1257 2357 1432 2386 senescendi
1457 2356 1505 2386 vel
1531 2367 1601 2388 con-

837 2403 1011 2433 senescendi
1035 2400 1177 2440 eleganti
1200 2400 1395 2441 metaphora
1417 2400 1538 2432 dicitur
1560 2401 1601 2431 (le

839 2447 934 2477 rebus
949 2470 955 2481 ,
983 2456 1065 2486 quae
1087 2444 1173 2485 prius
1194 2455 1321 2474 summo
1343 2444 1453 2475 studio
1473 2446 1514 2477 ab
1536 2446 1599 2477 ho—

839 2490 978 2521 minibus
1005 2488 1111 2519 cultae
1135 2495 1168 2519 et
1192 2489 1361 2530 perfectae
1382 2500 1512 2521 omnem
1534 2491 1597 2522 vim

839 2542 936 2577 utque
972 2534 1118 2574 rigorem
1151 2533 1317 2566 amittunt.
1366 2535 1419 2566 Sic
1444 2535 1486 2566 de
1511 2538 1599 2567 Orat.

841 2581 865 2610 ll
904 2581 935 2615 ζ’,
962 2578 1000 2610 T:
1029 2584 1062 2608 ut
1091 2577 1220 2609 laudem
1244 2590 1355 2610 corun]
1373 2606 1379 2612 .
1407 2580 1469 2611 iam
1496 2593 1600 2623 prope

839 2627 1059 2658 senescentem,
1099 2630 1256 2665 quantum
1281 2636 1343 2666 ego
1370 2637 1522 2667 possein,
1558 2625 1599 2656 ab

840 2667 1005 2698 obliuione
1023 2667 1190 2699 bominum
1213 2675 1311 2711 atque
1332 2681 1350 2700 a
1369 2670 1502 2701 silentio
1523 2670 1598 2701 vin-

840 2712 993 2743 dicarem.
1045 2713 1095 2744 Cf.
1128 2715 1285 2745 Rremistm
1315 2714 1357 2745 ad
1391 2716 1490 2746 Corn.
1515 2716 1597 2755 Nep.

843 2756 949 2788 Alcib.
968 2757 1007 2794 5,
1029 2757 1061 2790 3.
1087 2770 1118 2800 p.
1139 2758 1208 2790 111.
1231 2766 1263 2789 et
1286 2761 1438 2791 Krilzium
1457 2759 1498 2790 ad
1521 2760 1596 2790 Sall.

841 2803 911 2833 Cat.
935 2804 998 2838 2¹0,
1025 2802 1075 2833 10.
1119 2802 1173 2834 Sic
1203 2804 1341 2841 Graeci,
1379 2811 1412 2834 ut.
1445 2803 1594 2845 'l‘hucyd

839 2846 880 2884 (ὖ,
913 2847 968 2878 181
1004 2846 1133 2881 πάντων
1157 2847 1218 2889 τήν
1242 2848 1432 2890 ἐπιστήμην
1452 2845 1597 2889 ἐγγηρά-

841 2892 977 2924 cautim:
1005 2891 1058 2923 ubi
1082 2904 1112 2923 v.
1138 2895 1314 2933 Popponem
1339 2894 1372 2924 1³.
1395 2895 1449 2924 111.
1474 2890 1597 2925 V01.4'.

840 2948 871 2979 p.
889 2936 942 2970 δῖ’.
