<?xml version="1.0" encoding="UTF-8"?>
<!DOCTYPE html PUBLIC "-//W3C//DTD XHTML 1.0 Transitional//EN"
    "http://www.w3.org/TR/xhtml1/DTD/xhtml1-transitional.dtd">
<html xmlns="http://www.w3.org/1999/xhtml" xml:lang="en" lang="en">
 <head>
  <title>
</title>
<meta http-equiv="Content-Type" content="text/html;charset=utf-8" />
  <meta name='ocr-system' content='tesseract 3.04.00' />
  <meta name='ocr-capabilities' content='ocr_page ocr_carea ocr_par ocr_line ocrx_word'/>
</head>
<body>
  <div class='ocr_page' id='page_1' title='image "./tusculanaedisput00ciceuoft_0451.png"; bbox 0 0 1832 3137; ppageno 0'>
   <div class='ocr_carea' id='block_1_1' title="bbox 59 77 1621 293">
    <p class='ocr_par' dir='ltr' id='par_1_1' title="bbox 59 77 1621 293">
     <span class='ocr_line' id='line_1_1' title="bbox 1538 77 1621 119; baseline 0 0"><span class='ocrx_word' id='word_1_1' title='bbox 1538 77 1621 119; x_wconf 74' lang='lat'><strong>403</strong></span> 
     </span>
     <span class='ocr_line' id='line_1_2' title="bbox 63 163 1612 217; baseline 0.002 -14"><span class='ocrx_word' id='word_1_2' title='bbox 63 163 164 217; x_wconf 78' lang='lat' dir='ltr'><strong>Quid</strong></span> <span class='ocrx_word' id='word_1_3' title='bbox 185 164 307 204; x_wconf 89' lang='lat' dir='ltr'><strong>vero?</strong></span> <span class='ocrx_word' id='word_1_4' title='bbox 335 163 458 215; x_wconf 90' lang='lat' dir='ltr'><strong>illum,</strong></span> <span class='ocrx_word' id='word_1_5' title='bbox 492 176 605 217; x_wconf 86' lang='lat' dir='ltr'><strong>quem</strong></span> <span class='ocrx_word' id='word_1_6' title='bbox 625 163 844 205; x_wconf 78' lang='lat' dir='ltr'><strong>libidinibus</strong></span> <span class='ocrx_word' id='word_1_7' title='bbox 863 164 1136 205; x_wconf 84' lang='lat' dir='ltr'><strong>inflammatum</strong></span> <span class='ocrx_word' id='word_1_8' title='bbox 1152 171 1193 205; x_wconf 89' lang='lat' dir='ltr'><strong>et</strong></span> <span class='ocrx_word' id='word_1_9' title='bbox 1211 166 1402 206; x_wconf 82' lang='lat' dir='ltr'><strong>furentem</strong></span> <span class='ocrx_word' id='word_1_10' title='bbox 1421 165 1612 216; x_wconf 87' lang='lat' dir='ltr'><strong>videmus,</strong></span> 
     </span>
     <span class='ocr_line' id='line_1_3' title="bbox 59 236 1615 293; baseline 0.002 -17"><span class='ocrx_word' id='word_1_11' title='bbox 59 236 190 277; x_wconf 87' lang='lat' dir='ltr'><strong>omnia</strong></span> <span class='ocrx_word' id='word_1_12' title='bbox 211 236 343 277; x_wconf 80' lang='lat' dir='ltr'><strong>rabide</strong></span> <span class='ocrx_word' id='word_1_13' title='bbox 373 243 620 291; x_wconf 80' lang='lat' dir='ltr'><strong>appetentem</strong></span> <span class='ocrx_word' id='word_1_14' title='bbox 646 252 730 278; x_wconf 89' lang='lat' dir='ltr'><strong>cum</strong></span> <span class='ocrx_word' id='word_1_15' title='bbox 760 237 984 292; x_wconf 75' lang='lat' dir='ltr'><strong>inexplebili</strong></span> <span class='ocrx_word' id='word_1_16' title='bbox 1013 238 1241 293; x_wconf 86' lang='lat' dir='ltr'><strong>cupiditate,</strong></span> <span class='ocrx_word' id='word_1_17' title='bbox 1281 252 1432 293; x_wconf 88' lang='lat' dir='ltr'><strong>quoque</strong></span> <span class='ocrx_word' id='word_1_18' title='bbox 1458 239 1615 280; x_wconf 89' lang='lat' dir='ltr'><strong>affluen-</strong></span> 
     </span>
    </p>
   </div>
   <div class='ocr_carea' id='block_1_2' title="bbox 658 83 1030 124">
    <p class='ocr_par' dir='ltr' id='par_1_2' title="bbox 658 83 1030 124">
     <span class='ocr_line' id='line_1_4' title="bbox 658 83 1030 124; baseline 0.003 -8"><span class='ocrx_word' id='word_1_19' title='bbox 658 84 822 117; x_wconf 84' lang='lat' dir='ltr'>LIBER</span> <span class='ocrx_word' id='word_1_20' title='bbox 847 85 886 118; x_wconf 92' lang='lat' dir='ltr'><strong>V.</strong></span> <span class='ocrx_word' id='word_1_21' title='bbox 910 83 952 124; x_wconf 83' lang='lat'><strong>6,</strong></span> <span class='ocrx_word' id='word_1_22' title='bbox 978 83 1030 117; x_wconf 88' lang='lat'><strong>17.</strong></span> 
     </span>
    </p>
   </div>
   <div class='ocr_carea' id='block_1_3' title="bbox 50 309 1614 1026">
    <p class='ocr_par' dir='ltr' id='par_1_3' title="bbox 50 309 1614 1026">
     <span class='ocr_line' id='line_1_5' title="bbox 57 309 1611 367; baseline 0.002 -17"><span class='ocrx_word' id='word_1_23' title='bbox 57 309 132 351; x_wconf 87' lang='lat' dir='ltr'><strong>tius</strong></span> <span class='ocrx_word' id='word_1_24' title='bbox 161 310 380 365; x_wconf 87' lang='lat' dir='ltr'><strong>voluptates</strong></span> <span class='ocrx_word' id='word_1_25' title='bbox 412 311 578 364; x_wconf 90' lang='lat' dir='ltr'><strong>undique</strong></span> <span class='ocrx_word' id='word_1_26' title='bbox 614 310 785 361; x_wconf 78' lang='lat' dir='ltr'><strong>hauriat,</strong></span> <span class='ocrx_word' id='word_1_27' title='bbox 828 324 874 350; x_wconf 90' lang='lat' dir='ltr'><strong>eo</strong></span> <span class='ocrx_word' id='word_1_28' title='bbox 899 311 1058 364; x_wconf 80' lang='lat' dir='ltr'><strong>gravius</strong></span> <span class='ocrx_word' id='word_1_29' title='bbox 1088 312 1364 367; x_wconf 83' lang='lat' dir='ltr'><strong>ardentiusque</strong></span> <span class='ocrx_word' id='word_1_30' title='bbox 1400 311 1611 363; x_wconf 77' lang='lat' dir='ltr'><strong>sitientem,</strong></span> 
     </span>
     <span class='ocr_line' id='line_1_6' title="bbox 56 381 1613 441; baseline 0.002 -17"><span class='ocrx_word' id='word_1_31' title='bbox 56 397 186 424; x_wconf 90' lang='lat' dir='ltr'><strong>nonne</strong></span> <span class='ocrx_word' id='word_1_32' title='bbox 208 390 317 424; x_wconf 82' lang='lat' dir='ltr'><strong>recte</strong></span> <span class='ocrx_word' id='word_1_33' title='bbox 337 383 596 424; x_wconf 89' lang='lat' dir='ltr'><strong>miserrimum</strong></span> <span class='ocrx_word' id='word_1_34' title='bbox 623 383 799 424; x_wconf 80' lang='lat' dir='ltr'><strong>dixeris?</strong></span> <span class='ocrx_word' id='word_1_35' title='bbox 859 381 988 436; x_wconf 83' lang='lat' dir='ltr'><strong>Quid?</strong></span> <span class='ocrx_word' id='word_1_36' title='bbox 1019 385 1142 425; x_wconf 90' lang='lat' dir='ltr'><strong>elatus</strong></span> <span class='ocrx_word' id='word_1_37' title='bbox 1164 385 1227 426; x_wconf 94' lang='lat' dir='ltr'><strong>ille</strong></span> <span class='ocrx_word' id='word_1_38' title='bbox 1247 386 1406 427; x_wconf 87' lang='lat' dir='ltr'><strong>levitate</strong></span> <span class='ocrx_word' id='word_1_39' title='bbox 1430 385 1613 441; x_wconf 86' lang='lat' dir='ltr'><strong>inanique</strong></span> 
     </span>
     <span class='ocr_line' id='line_1_7' title="bbox 54 456 1613 514; baseline 0.002 -17"><span class='ocrx_word' id='word_1_40' title='bbox 54 456 203 498; x_wconf 88' lang='lat' dir='ltr'><strong>laetitia</strong></span> <span class='ocrx_word' id='word_1_41' title='bbox 223 457 426 498; x_wconf 80' lang='lat' dir='ltr'><strong>exsultans</strong></span> <span class='ocrx_word' id='word_1_42' title='bbox 443 464 482 497; x_wconf 89' lang='lat' dir='ltr'><strong>et</strong></span> <span class='ocrx_word' id='word_1_43' title='bbox 503 464 650 497; x_wconf 88' lang='lat' dir='ltr'><strong>temere</strong></span> <span class='ocrx_word' id='word_1_44' title='bbox 667 458 841 512; x_wconf 86' lang='lat' dir='ltr'><strong>gestiens</strong></span> <span class='ocrx_word' id='word_1_45' title='bbox 862 470 990 497; x_wconf 92' lang='lat' dir='ltr'><strong>nonne</strong></span> <span class='ocrx_word' id='word_1_46' title='bbox 1011 465 1118 498; x_wconf 89' lang='lat' dir='ltr'><strong>tanto</strong></span> <span class='ocrx_word' id='word_1_47' title='bbox 1139 459 1340 511; x_wconf 86' lang='lat' dir='ltr'><strong>miserior,</strong></span> <span class='ocrx_word' id='word_1_48' title='bbox 1375 467 1517 514; x_wconf 89' lang='lat' dir='ltr'><strong>quanto</strong></span> <span class='ocrx_word' id='word_1_49' title='bbox 1540 460 1613 500; x_wconf 91' lang='lat' dir='ltr'><strong>sibi</strong></span> 
     </span>
     <span class='ocr_line' id='line_1_8' title="bbox 53 529 1612 587; baseline 0.002 -17"><span class='ocrx_word' id='word_1_50' title='bbox 53 530 209 571; x_wconf 87' lang='lat' dir='ltr'><strong>videtur</strong></span> <span class='ocrx_word' id='word_1_51' title='bbox 227 530 407 571; x_wconf 84' lang='lat' dir='ltr'><strong>beatior?</strong></span> <span class='ocrx_word' id='word_1_52' title='bbox 464 529 588 584; x_wconf 89' lang='lat' dir='ltr'><strong>Ergo,</strong></span> <span class='ocrx_word' id='word_1_53' title='bbox 624 538 665 570; x_wconf 95' lang='lat' dir='ltr'><strong>ut</strong></span> <span class='ocrx_word' id='word_1_54' title='bbox 686 530 722 570; x_wconf 92' lang='lat' dir='ltr'><strong>hi</strong></span> <span class='ocrx_word' id='word_1_55' title='bbox 747 530 894 580; x_wconf 90' lang='lat' dir='ltr'><strong>miseri,</strong></span> <span class='ocrx_word' id='word_1_56' title='bbox 929 530 985 570; x_wconf 87' lang='lat' dir='ltr'><strong>sic</strong></span> <span class='ocrx_word' id='word_1_57' title='bbox 1008 538 1143 571; x_wconf 87' lang='lat' dir='ltr'><strong>contra</strong></span> <span class='ocrx_word' id='word_1_58' title='bbox 1165 532 1217 572; x_wconf 93' lang='lat' dir='ltr'><strong>illi</strong></span> <span class='ocrx_word' id='word_1_59' title='bbox 1239 533 1366 583; x_wconf 87' lang='lat' dir='ltr'><strong>beati,</strong></span> <span class='ocrx_word' id='word_1_60' title='bbox 1401 548 1497 587; x_wconf 88' lang='lat' dir='ltr'><strong>quos</strong></span> <span class='ocrx_word' id='word_1_61' title='bbox 1519 533 1612 573; x_wconf 90' lang='lat' dir='ltr'><strong>nulli</strong></span> 
     </span>
     <span class='ocr_line' id='line_1_9' title="bbox 54 603 1608 658; baseline 0.002 -14"><span class='ocrx_word' id='word_1_62' title='bbox 54 611 180 644; x_wconf 88' lang='lat' dir='ltr'><strong>metus</strong></span> <span class='ocrx_word' id='word_1_63' title='bbox 206 611 376 655; x_wconf 91' lang='lat' dir='ltr'><strong>terrent,</strong></span> <span class='ocrx_word' id='word_1_64' title='bbox 411 604 538 644; x_wconf 89' lang='lat' dir='ltr'><strong>nullae</strong></span> <span class='ocrx_word' id='word_1_65' title='bbox 559 604 823 658; x_wconf 79' lang='lat' dir='ltr'><strong>aegritudines</strong></span> <span class='ocrx_word' id='word_1_66' title='bbox 849 603 1044 654; x_wconf 81' lang='lat' dir='ltr'><strong>exedunt,</strong></span> <span class='ocrx_word' id='word_1_67' title='bbox 1079 605 1205 645; x_wconf 90' lang='lat' dir='ltr'><strong>nullae</strong></span> <span class='ocrx_word' id='word_1_68' title='bbox 1228 605 1406 646; x_wconf 87' lang='lat' dir='ltr'><strong>libidines</strong></span> <span class='ocrx_word' id='word_1_69' title='bbox 1430 607 1608 657; x_wconf 84' lang='lat' dir='ltr'><strong>incitant,</strong></span> 
     </span>
     <span class='ocr_line' id='line_1_10' title="bbox 53 677 1610 732; baseline 0.001 -14"><span class='ocrx_word' id='word_1_70' title='bbox 53 678 183 718; x_wconf 90' lang='lat' dir='ltr'><strong>nullae</strong></span> <span class='ocrx_word' id='word_1_71' title='bbox 214 678 342 718; x_wconf 88' lang='lat' dir='ltr'><strong>futiles</strong></span> <span class='ocrx_word' id='word_1_72' title='bbox 369 677 536 718; x_wconf 85' lang='lat' dir='ltr'><strong>laetitiae</strong></span> <span class='ocrx_word' id='word_1_73' title='bbox 564 677 808 717; x_wconf 78' lang='lat' dir='ltr'><strong>exsultantes</strong></span> <span class='ocrx_word' id='word_1_74' title='bbox 835 677 1026 730; x_wconf 86' lang='lat' dir='ltr'><strong>languidis</strong></span> <span class='ocrx_word' id='word_1_75' title='bbox 1058 677 1310 731; x_wconf 83' lang='lat' dir='ltr'><strong>liquefaciunt</strong></span> <span class='ocrx_word' id='word_1_76' title='bbox 1334 679 1610 732; x_wconf 87' lang='lat' dir='ltr'><strong>voluptatibus.</strong></span> 
     </span>
     <span class='ocr_line' id='line_1_11' title="bbox 52 739 1614 805; baseline 0.001 -14"><span class='ocrx_word' id='word_1_77' title='bbox 52 750 105 792; x_wconf 81' lang='lat' dir='ltr'><strong>Ut</strong></span> <span class='ocrx_word' id='word_1_78' title='bbox 124 751 242 791; x_wconf 88' lang='lat' dir='ltr'><strong>maris</strong></span> <span class='ocrx_word' id='word_1_79' title='bbox 262 751 381 804; x_wconf 86' lang='lat' dir='ltr'><strong>igitur</strong></span> <span class='ocrx_word' id='word_1_80' title='bbox 403 750 660 804; x_wconf 85' lang='lat' dir='ltr'><strong>tranquillitas</strong></span> <span class='ocrx_word' id='word_1_81' title='bbox 682 750 933 804; x_wconf 85' lang='lat' dir='ltr'><strong>intelligitur,</strong></span> <span class='ocrx_word' id='word_1_82' title='bbox 969 750 1073 790; x_wconf 87' lang='lat' dir='ltr'><strong>nulla</strong></span> <span class='ocrx_word' id='word_1_83' title='bbox 1094 765 1142 791; x_wconf 88' lang='lat' dir='ltr'><strong>ne</strong></span> <span class='ocrx_word' id='word_1_84' title='bbox 1163 739 1319 791; x_wconf 76' lang='lat' dir='ltr'><strong>minima</strong></span> <span class='ocrx_word' id='word_1_85' title='bbox 1342 753 1493 805; x_wconf 89' lang='lat' dir='ltr'><strong>quidem</strong></span> <span class='ocrx_word' id='word_1_86' title='bbox 1518 766 1614 792; x_wconf 90' lang='lat' dir='ltr'><strong>aura</strong></span> 
     </span>
     <span class='ocr_line' id='line_1_12' title="bbox 50 823 1611 879; baseline 0.001 -15"><span class='ocrx_word' id='word_1_87' title='bbox 50 824 189 865; x_wconf 85' lang='lat' dir='ltr'><strong>fluctus</strong></span> <span class='ocrx_word' id='word_1_88' title='bbox 227 830 520 874; x_wconf 78' lang='lat' dir='ltr'><strong>commovente3</strong></span> <span class='ocrx_word' id='word_1_89' title='bbox 560 824 616 863; x_wconf 89' lang='lat' dir='ltr'><strong>sic</strong></span> <span class='ocrx_word' id='word_1_90' title='bbox 649 823 767 863; x_wconf 85' lang='lat' dir='ltr'><strong>animi</strong></span> <span class='ocrx_word' id='word_1_91' title='bbox 796 823 948 878; x_wconf 88' lang='lat' dir='ltr'><strong>quietus</strong></span> <span class='ocrx_word' id='word_1_92' title='bbox 981 833 1020 864; x_wconf 88' lang='lat' dir='ltr'><strong>et</strong></span> <span class='ocrx_word' id='word_1_93' title='bbox 1056 824 1230 879; x_wconf 88' lang='lat' dir='ltr'><strong>placatus</strong></span> <span class='ocrx_word' id='word_1_94' title='bbox 1265 832 1389 865; x_wconf 84' lang='lat' dir='ltr'><strong>status</strong></span> <span class='ocrx_word' id='word_1_95' title='bbox 1422 825 1611 875; x_wconf 90' lang='lat' dir='ltr'><strong>cernitur,</strong></span> 
     </span>
     <span class='ocr_line' id='line_1_13' title="bbox 1195 897 1610 951; baseline 0 -13"><span class='ocrx_word' id='word_1_96' title='bbox 1195 905 1263 939; x_wconf 81' lang='lat'><strong>17.</strong></span> <span class='ocrx_word' id='word_1_97' title='bbox 1312 897 1462 951; x_wconf 78' lang='lat' dir='ltr'><strong>Quodsi</strong></span> <span class='ocrx_word' id='word_1_98' title='bbox 1498 901 1610 949; x_wconf 78' lang='lat' dir='ltr'><strong>est2,</strong></span> 
     </span>
     <span class='ocr_line' id='line_1_14' title="bbox 51 971 1611 1026; baseline 0.001 -16"><span class='ocrx_word' id='word_1_99' title='bbox 51 971 115 1025; x_wconf 94' lang='lat' dir='ltr'><strong>qui</strong></span> <span class='ocrx_word' id='word_1_100' title='bbox 135 971 210 1011; x_wconf 91' lang='lat' dir='ltr'><strong>vim</strong></span> <span class='ocrx_word' id='word_1_101' title='bbox 233 972 434 1021; x_wconf 82' lang='lat' dir='ltr'><strong>fortunae,</strong></span> <span class='ocrx_word' id='word_1_102' title='bbox 469 972 530 1025; x_wconf 89' lang='lat' dir='ltr'><strong>qui</strong></span> <span class='ocrx_word' id='word_1_103' title='bbox 552 972 678 1011; x_wconf 85' lang='lat' dir='ltr'><strong>omnia</strong></span> <span class='ocrx_word' id='word_1_104' title='bbox 700 971 864 1011; x_wconf 87' lang='lat' dir='ltr'><strong>humana</strong></span> <span class='ocrx_word' id='word_1_105' title='bbox 879 1003 889 1021; x_wconf 95' lang='lat'><strong>,</strong></span> <span class='ocrx_word' id='word_1_106' title='bbox 923 985 1022 1025; x_wconf 89' lang='lat' dir='ltr'><strong>quae</strong></span> <span class='ocrx_word' id='word_1_107' title='bbox 1041 972 1210 1025; x_wconf 81' lang='lat' dir='ltr'><strong>euique³</strong></span> <span class='ocrx_word' id='word_1_108' title='bbox 1234 972 1413 1012; x_wconf 84' lang='lat' dir='ltr'><strong>accidere</strong></span> <span class='ocrx_word' id='word_1_109' title='bbox 1433 979 1611 1026; x_wconf 86' lang='lat' dir='ltr'><strong>possunt,</strong></span> 
     </span>
    </p>
   </div>
   <div class='ocr_carea' id='block_1_4' title="bbox 52 897 1130 952">
    <p class='ocr_par' dir='ltr' id='par_1_4' title="bbox 52 897 1130 952">
     <span class='ocr_line' id='line_1_15' title="bbox 52 897 1130 952; baseline 0 -15"><span class='ocrx_word' id='word_1_110' title='bbox 52 911 166 952; x_wconf 90' lang='lat' dir='ltr'><strong>quum</strong></span> <span class='ocrx_word' id='word_1_111' title='bbox 190 897 429 951; x_wconf 86' lang='lat' dir='ltr'><strong>perturbatio</strong></span> <span class='ocrx_word' id='word_1_112' title='bbox 459 897 562 937; x_wconf 89' lang='lat' dir='ltr'><strong>nulla</strong></span> <span class='ocrx_word' id='word_1_113' title='bbox 593 904 672 948; x_wconf 92' lang='lat' dir='ltr'><strong>est,</strong></span> <span class='ocrx_word' id='word_1_114' title='bbox 715 911 788 951; x_wconf 85' lang='lat' dir='ltr'><strong>qua</strong></span> <span class='ocrx_word' id='word_1_115' title='bbox 821 897 971 938; x_wconf 91' lang='lat' dir='ltr'><strong>moveri</strong></span> <span class='ocrx_word' id='word_1_116' title='bbox 999 905 1130 951; x_wconf 82' lang='lat' dir='ltr'><strong>queat.</strong></span> 
     </span>
    </p>
   </div>
   <div class='ocr_carea' id='block_1_5' title="bbox 51 1044 1613 1472">
    <p class='ocr_par' dir='ltr' id='par_1_5' title="bbox 51 1044 1613 1472">
     <span class='ocr_line' id='line_1_16' title="bbox 52 1044 1613 1099; baseline 0.001 -15"><span class='ocrx_word' id='word_1_117' title='bbox 52 1044 268 1084; x_wconf 87' lang='lat' dir='ltr'><strong>tolerabilia</strong></span> <span class='ocrx_word' id='word_1_118' title='bbox 297 1045 432 1094; x_wconf 85' lang='lat' dir='ltr'><strong>ducat,</strong></span> <span class='ocrx_word' id='word_1_119' title='bbox 475 1058 525 1084; x_wconf 81' lang='lat' dir='ltr'><strong>ex</strong></span> <span class='ocrx_word' id='word_1_120' title='bbox 556 1059 630 1098; x_wconf 92' lang='lat' dir='ltr'><strong>quo</strong></span> <span class='ocrx_word' id='word_1_121' title='bbox 667 1059 739 1084; x_wconf 88' lang='lat' dir='ltr'><strong>nec</strong></span> <span class='ocrx_word' id='word_1_122' title='bbox 770 1044 885 1084; x_wconf 86' lang='lat' dir='ltr'><strong>timor</strong></span> <span class='ocrx_word' id='word_1_123' title='bbox 910 1058 998 1084; x_wconf 91' lang='lat' dir='ltr'><strong>eum</strong></span> <span class='ocrx_word' id='word_1_124' title='bbox 1023 1058 1096 1085; x_wconf 89' lang='lat' dir='ltr'><strong>nec</strong></span> <span class='ocrx_word' id='word_1_125' title='bbox 1120 1059 1244 1098; x_wconf 80' lang='lat' dir='ltr'><strong>angor</strong></span> <span class='ocrx_word' id='word_1_126' title='bbox 1265 1045 1448 1099; x_wconf 82' lang='lat' dir='ltr'><strong>attingat,</strong></span> <span class='ocrx_word' id='word_1_127' title='bbox 1493 1045 1613 1086; x_wconf 91' lang='lat' dir='ltr'><strong>idem-</strong></span> 
     </span>
     <span class='ocr_line' id='line_1_17' title="bbox 51 1117 1609 1173; baseline 0.001 -16"><span class='ocrx_word' id='word_1_128' title='bbox 51 1131 125 1171; x_wconf 91' lang='lat' dir='ltr'><strong>que</strong></span> <span class='ocrx_word' id='word_1_129' title='bbox 149 1117 181 1158; x_wconf 88' lang='lat' dir='ltr'><strong>si</strong></span> <span class='ocrx_word' id='word_1_130' title='bbox 210 1117 302 1157; x_wconf 89' lang='lat' dir='ltr'><strong>nihil</strong></span> <span class='ocrx_word' id='word_1_131' title='bbox 328 1118 597 1172; x_wconf 82' lang='lat' dir='ltr'><strong>concupiscat,</strong></span> <span class='ocrx_word' id='word_1_132' title='bbox 638 1118 741 1158; x_wconf 84' lang='lat' dir='ltr'><strong>nulla</strong></span> <span class='ocrx_word' id='word_1_133' title='bbox 767 1118 954 1158; x_wconf 86' lang='lat' dir='ltr'><strong>efferatur</strong></span> <span class='ocrx_word' id='word_1_134' title='bbox 980 1119 1097 1158; x_wconf 84' lang='lat' dir='ltr'><strong>animi</strong></span> <span class='ocrx_word' id='word_1_135' title='bbox 1122 1119 1229 1158; x_wconf 90' lang='lat' dir='ltr'><strong>inani</strong></span> <span class='ocrx_word' id='word_1_136' title='bbox 1258 1119 1478 1173; x_wconf 83' lang='lat' dir='ltr'><strong>voluptate,</strong></span> <span class='ocrx_word' id='word_1_137' title='bbox 1523 1120 1609 1173; x_wconf 92' lang='lat' dir='ltr'><strong>quid</strong></span> 
     </span>
     <span class='ocr_line' id='line_1_18' title="bbox 52 1191 1609 1246; baseline 0.001 -15"><span class='ocrx_word' id='word_1_138' title='bbox 52 1199 135 1242; x_wconf 87' lang='lat' dir='ltr'><strong>est,</strong></span> <span class='ocrx_word' id='word_1_139' title='bbox 177 1191 299 1232; x_wconf 87' lang='lat' dir='ltr'><strong>curis</strong></span> <span class='ocrx_word' id='word_1_140' title='bbox 329 1205 406 1231; x_wconf 92' lang='lat' dir='ltr'><strong>non</strong></span> <span class='ocrx_word' id='word_1_141' title='bbox 432 1191 568 1232; x_wconf 86' lang='lat' dir='ltr'><strong>beatus</strong></span> <span class='ocrx_word' id='word_1_142' title='bbox 602 1192 678 1232; x_wconf 88' lang='lat' dir='ltr'><strong>sit?</strong></span> <span class='ocrx_word' id='word_1_143' title='bbox 719 1199 755 1231; x_wconf 87' lang='lat' dir='ltr'><strong>et</strong></span> <span class='ocrx_word' id='word_1_144' title='bbox 784 1192 815 1231; x_wconf 93' lang='lat' dir='ltr'><strong>si</strong></span> <span class='ocrx_word' id='word_1_145' title='bbox 844 1191 936 1231; x_wconf 85' lang='lat' dir='ltr'><strong>haec</strong></span> <span class='ocrx_word' id='word_1_146' title='bbox 971 1192 1113 1232; x_wconf 90' lang='lat' dir='ltr'><strong>virtute</strong></span> <span class='ocrx_word' id='word_1_147' title='bbox 1144 1192 1380 1242; x_wconf 84' lang='lat' dir='ltr'><strong>efficiuntur,</strong></span> <span class='ocrx_word' id='word_1_148' title='bbox 1422 1192 1510 1246; x_wconf 87' lang='lat' dir='ltr'><strong>quid</strong></span> <span class='ocrx_word' id='word_1_149' title='bbox 1535 1201 1609 1243; x_wconf 88' lang='lat' dir='ltr'><strong>est,</strong></span> 
     </span>
     <span class='ocr_line' id='line_1_19' title="bbox 53 1265 1038 1319; baseline -0.001 -14"><span class='ocrx_word' id='word_1_150' title='bbox 53 1279 122 1305; x_wconf 87' lang='lat' dir='ltr'><strong>cur</strong></span> <span class='ocrx_word' id='word_1_151' title='bbox 151 1265 277 1305; x_wconf 84' lang='lat' dir='ltr'><strong>virtus</strong></span> <span class='ocrx_word' id='word_1_152' title='bbox 308 1265 391 1319; x_wconf 87' lang='lat' dir='ltr'><strong>ipsa</strong></span> <span class='ocrx_word' id='word_1_153' title='bbox 423 1279 492 1319; x_wconf 90' lang='lat' dir='ltr'><strong>per</strong></span> <span class='ocrx_word' id='word_1_154' title='bbox 522 1279 564 1304; x_wconf 90' lang='lat' dir='ltr'><strong>se</strong></span> <span class='ocrx_word' id='word_1_155' title='bbox 596 1279 673 1305; x_wconf 90' lang='lat' dir='ltr'><strong>nou</strong></span> <span class='ocrx_word' id='word_1_156' title='bbox 705 1265 844 1305; x_wconf 88' lang='lat' dir='ltr'><strong>efficiat</strong></span> <span class='ocrx_word' id='word_1_157' title='bbox 872 1265 1038 1305; x_wconf 83' lang='lat' dir='ltr'><strong>beatos?</strong></span> 
     </span>
     <span class='ocr_line' id='line_1_20' title="bbox 168 1337 1610 1393; baseline 0.002 -16"><span class='ocrx_word' id='word_1_158' title='bbox 168 1337 261 1378; x_wconf 87' lang='lat' dir='ltr'><strong>Vll.</strong></span> <span class='ocrx_word' id='word_1_159' title='bbox 302 1338 354 1377; x_wconf 83' lang='lat' dir='ltr'><strong>A.</strong></span> <span class='ocrx_word' id='word_1_160' title='bbox 388 1338 508 1391; x_wconf 90' lang='lat' dir='ltr'><strong>Atqui</strong></span> <span class='ocrx_word' id='word_1_161' title='bbox 533 1339 695 1378; x_wconf 81' lang='lat' dir='ltr'><strong>alterum</strong></span> <span class='ocrx_word' id='word_1_162' title='bbox 723 1338 797 1378; x_wconf 88' lang='lat' dir='ltr'><strong>dici</strong></span> <span class='ocrx_word' id='word_1_163' title='bbox 822 1352 900 1378; x_wconf 89' lang='lat' dir='ltr'><strong>non</strong></span> <span class='ocrx_word' id='word_1_164' title='bbox 920 1346 1070 1393; x_wconf 89' lang='lat' dir='ltr'><strong>potest,</strong></span> <span class='ocrx_word' id='word_1_165' title='bbox 1103 1339 1194 1392; x_wconf 89' lang='lat' dir='ltr'><strong>quin</strong></span> <span class='ocrx_word' id='word_1_166' title='bbox 1220 1339 1271 1389; x_wconf 88' lang='lat' dir='ltr'><strong>ii,</strong></span> <span class='ocrx_word' id='word_1_167' title='bbox 1313 1340 1375 1393; x_wconf 88' lang='lat' dir='ltr'><strong>qui</strong></span> <span class='ocrx_word' id='word_1_168' title='bbox 1400 1340 1492 1380; x_wconf 88' lang='lat' dir='ltr'><strong>nihil</strong></span> <span class='ocrx_word' id='word_1_169' title='bbox 1530 1354 1610 1380; x_wconf 87' lang='lat' dir='ltr'><strong>me-</strong></span> 
     </span>
     <span class='ocr_line' id='line_1_21' title="bbox 139 1438 1610 1472; baseline 0.001 -2"><span class='ocrx_word' id='word_1_170' title='bbox 139 1438 161 1470; x_wconf 80' lang='lat'><strong>2</strong></span> <span class='ocrx_word' id='word_1_171' title='bbox 185 1451 216 1471; x_wconf 89' lang='lat' dir='ltr'><strong>v.</strong></span> <span class='ocrx_word' id='word_1_172' title='bbox 239 1439 323 1471; x_wconf 82' lang='lat' dir='ltr'><strong>Adn.</strong></span> <span class='ocrx_word' id='word_1_173' title='bbox 370 1439 392 1472; x_wconf 82' lang='grc'>3</span> <span class='ocrx_word' id='word_1_174' title='bbox 417 1439 470 1471; x_wconf 86' lang='lat' dir='ltr'><strong>Sic</strong></span> <span class='ocrx_word' id='word_1_175' title='bbox 494 1440 532 1470; x_wconf 85' lang='lat' dir='ltr'><strong>R.</strong></span> <span class='ocrx_word' id='word_1_176' title='bbox 554 1439 640 1471; x_wconf 89' lang='lat' dir='ltr'><strong>Gud.</strong></span> <span class='ocrx_word' id='word_1_177' title='bbox 668 1439 695 1471; x_wconf 92' lang='lat'><strong>1.</strong></span> <span class='ocrx_word' id='word_1_178' title='bbox 721 1441 761 1471; x_wconf 84' lang='grc' dir='ltr'><strong>Π.</strong></span> <span class='ocrx_word' id='word_1_179' title='bbox 784 1439 889 1471; x_wconf 90' lang='lat' dir='ltr'><strong>Marb.</strong></span> <span class='ocrx_word' id='word_1_180' title='bbox 914 1439 1026 1471; x_wconf 86' lang='lat' dir='ltr'><strong>Duisb.</strong></span> <span class='ocrx_word' id='word_1_181' title='bbox 1052 1440 1143 1471; x_wconf 87' lang='lat' dir='ltr'><strong>Mon.</strong></span> <span class='ocrx_word' id='word_1_182' title='bbox 1169 1439 1197 1471; x_wconf 89' lang='lat'><strong>1.</strong></span> <span class='ocrx_word' id='word_1_183' title='bbox 1216 1438 1247 1471; x_wconf 81' lang='lat'><strong>2.</strong></span> <span class='ocrx_word' id='word_1_184' title='bbox 1272 1440 1370 1471; x_wconf 85' lang='lat' dir='ltr'><strong>vind.</strong></span> <span class='ocrx_word' id='word_1_185' title='bbox 1393 1439 1424 1472; x_wconf 79' lang='lat'><strong>2.</strong></span> <span class='ocrx_word' id='word_1_186' title='bbox 1448 1452 1505 1471; x_wconf 80' lang='lat' dir='ltr'><strong>sex</strong></span> <span class='ocrx_word' id='word_1_187' title='bbox 1529 1443 1610 1472; x_wconf 80' lang='lat' dir='ltr'><strong>Oxx.</strong></span> 
     </span>
    </p>
   </div>
   <div class='ocr_carea' id='block_1_6' title="bbox 54 1484 1612 1573">
    <p class='ocr_par' dir='ltr' id='par_1_6' title="bbox 54 1484 1612 1573">
     <span class='ocr_line' id='line_1_22' title="bbox 54 1484 1612 1525; baseline 0 -9"><span class='ocrx_word' id='word_1_188' title='bbox 54 1491 122 1516; x_wconf 89' lang='lat' dir='ltr'><strong>tres</strong></span> <span class='ocrx_word' id='word_1_189' title='bbox 153 1484 235 1518; x_wconf 87' lang='lat' dir='ltr'><strong>Pall.</strong></span> <span class='ocrx_word' id='word_1_190' title='bbox 264 1484 399 1517; x_wconf 84' lang='lat' dir='ltr'><strong>Martin.</strong></span> <span class='ocrx_word' id='word_1_191' title='bbox 436 1491 468 1516; x_wconf 90' lang='lat' dir='ltr'><strong>et</strong></span> <span class='ocrx_word' id='word_1_192' title='bbox 490 1484 640 1516; x_wconf 84' lang='lat' dir='ltr'><strong>nonnull.</strong></span> <span class='ocrx_word' id='word_1_193' title='bbox 672 1484 749 1516; x_wconf 90' lang='lat' dir='ltr'><strong>edd.</strong></span> <span class='ocrx_word' id='word_1_194' title='bbox 771 1492 872 1523; x_wconf 86' lang='lat' dir='ltr'><strong>vett.;</strong></span> <span class='ocrx_word' id='word_1_195' title='bbox 907 1484 1024 1516; x_wconf 86' lang='lat' dir='ltr'><strong>eodem</strong></span> <span class='ocrx_word' id='word_1_196' title='bbox 1059 1484 1150 1516; x_wconf 87' lang='lat' dir='ltr'><strong>ducit</strong></span> <span class='ocrx_word' id='word_1_197' title='bbox 1184 1495 1263 1525; x_wconf 81' lang='lat' dir='ltr'><strong>quae</strong></span> <span class='ocrx_word' id='word_1_198' title='bbox 1296 1488 1441 1525; x_wconf 79' lang='lat' dir='ltr'><strong>cuiquam</strong></span> <span class='ocrx_word' id='word_1_199' title='bbox 1471 1486 1502 1516; x_wconf 90' lang='lat' dir='ltr'><strong>in</strong></span> <span class='ocrx_word' id='word_1_200' title='bbox 1537 1486 1612 1517; x_wconf 93' lang='lat' dir='ltr'><strong>cod.</strong></span> 
     </span>
     <span class='ocr_line' id='line_1_23' title="bbox 54 1529 1611 1573; baseline 0.001 -12"><span class='ocrx_word' id='word_1_201' title='bbox 54 1530 205 1568; x_wconf 78' lang='lat' dir='ltr'><strong>Schotti;</strong></span> <span class='ocrx_word' id='word_1_202' title='bbox 231 1540 428 1570; x_wconf 82' lang='lat' dir='ltr'><strong>quaecunque</strong></span> <span class='ocrx_word' id='word_1_203' title='bbox 451 1533 524 1573; x_wconf 75' lang='lat' dir='ltr'><strong>(pro</strong></span> <span class='ocrx_word' id='word_1_204' title='bbox 545 1540 624 1570; x_wconf 83' lang='lat' dir='ltr'><strong>quae</strong></span> <span class='ocrx_word' id='word_1_205' title='bbox 646 1530 767 1572; x_wconf 72' lang='lat' dir='ltr'><strong>cuique)</strong></span> <span class='ocrx_word' id='word_1_206' title='bbox 795 1532 849 1562; x_wconf 89' lang='lat' dir='ltr'><strong>Or.</strong></span> <span class='ocrx_word' id='word_1_207' title='bbox 866 1541 892 1561; x_wconf 88' lang='lat' dir='ltr'><strong>c.</strong></span> <span class='ocrx_word' id='word_1_208' title='bbox 916 1529 1050 1572; x_wconf 89' lang='lat' dir='ltr'><strong>reliquis</strong></span> <span class='ocrx_word' id='word_1_209' title='bbox 1073 1530 1170 1562; x_wconf 91' lang='lat' dir='ltr'><strong>codd.</strong></span> <span class='ocrx_word' id='word_1_210' title='bbox 1195 1537 1227 1561; x_wconf 89' lang='lat' dir='ltr'><strong>et</strong></span> <span class='ocrx_word' id='word_1_211' title='bbox 1250 1529 1414 1573; x_wconf 82' lang='lat' dir='ltr'><strong>plerisque</strong></span> <span class='ocrx_word' id='word_1_212' title='bbox 1437 1530 1512 1562; x_wconf 89' lang='lat' dir='ltr'><strong>edd.</strong></span> <span class='ocrx_word' id='word_1_213' title='bbox 1528 1538 1611 1562; x_wconf 82' lang='lat' dir='ltr'><strong>vett.</strong></span> 
     </span>
    </p>
   </div>
   <div class='ocr_carea' id='block_1_7' title="bbox 46 1597 813 2987">
    <p class='ocr_par' dir='ltr' id='par_1_7' title="bbox 49 1597 813 1674">
     <span class='ocr_line' id='line_1_24' title="bbox 50 1597 813 1640; baseline -0.001 -11"><span class='ocrx_word' id='word_1_214' title='bbox 50 1597 114 1629; x_wconf 79' lang='lat'><strong>52:</strong></span> <span class='ocrx_word' id='word_1_215' title='bbox 163 1597 333 1640; x_wconf 86' lang='lat' dir='ltr'><strong>voluptate</strong></span> <span class='ocrx_word' id='word_1_216' title='bbox 379 1600 576 1637; x_wconf 82' lang='lat' dir='ltr'><strong>liquescimus</strong></span> <span class='ocrx_word' id='word_1_217' title='bbox 620 1597 813 1640; x_wconf 87' lang='lat' dir='ltr'><strong>fluimusque</strong></span> 
     </span>
     <span class='ocr_line' id='line_1_25' title="bbox 49 1641 198 1674; baseline -0.013 0"><span class='ocrx_word' id='word_1_218' title='bbox 49 1641 198 1674; x_wconf 80' lang='lat' dir='ltr'><strong>mollitia.</strong></span> 
     </span>
    </p>

    <p class='ocr_par' dir='ltr' id='par_1_8' title="bbox 47 1687 812 2126">
     <span class='ocr_line' id='line_1_26' title="bbox 117 1687 811 1731; baseline -0.001 -13"><span class='ocrx_word' id='word_1_219' title='bbox 117 1690 217 1719; x_wconf 82' lang='lat' dir='ltr'><strong>maris</strong></span> <span class='ocrx_word' id='word_1_220' title='bbox 238 1687 461 1731; x_wconf 73' lang='lat' dir='ltr'><strong>tranquillitas]</strong></span> <span class='ocrx_word' id='word_1_221' title='bbox 490 1687 610 1719; x_wconf 87' lang='lat' dir='ltr'><strong>Caesar</strong></span> <span class='ocrx_word' id='word_1_222' title='bbox 632 1688 666 1718; x_wconf 86' lang='lat' dir='ltr'><strong>B.</strong></span> <span class='ocrx_word' id='word_1_223' title='bbox 692 1687 731 1718; x_wconf 89' lang='lat' dir='ltr'><strong>G.</strong></span> <span class='ocrx_word' id='word_1_224' title='bbox 756 1688 811 1726; x_wconf 85' lang='grc' dir='ltr'><strong>ΠΙ,</strong></span> 
     </span>
     <span class='ocr_line' id='line_1_27' title="bbox 51 1732 812 1776; baseline -0.003 -12"><span class='ocrx_word' id='word_1_225' title='bbox 51 1733 110 1764; x_wconf 80' lang='lat'><strong>15:</strong></span> <span class='ocrx_word' id='word_1_226' title='bbox 147 1733 282 1765; x_wconf 78' lang='lat' dir='ltr'><strong>malacia</strong></span> <span class='ocrx_word' id='word_1_227' title='bbox 303 1740 336 1764; x_wconf 91' lang='lat' dir='ltr'><strong>et</strong></span> <span class='ocrx_word' id='word_1_228' title='bbox 356 1732 575 1776; x_wconf 87' lang='lat' dir='ltr'><strong>tranquillitas</strong></span> <span class='ocrx_word' id='word_1_229' title='bbox 601 1732 723 1775; x_wconf 75' lang='lat' dir='ltr'><strong>(maris)</strong></span> <span class='ocrx_word' id='word_1_230' title='bbox 752 1744 812 1763; x_wconf 74' lang='lat' dir='ltr'><strong>ex-</strong></span> 
     </span>
     <span class='ocr_line' id='line_1_28' title="bbox 47 1777 812 1820; baseline -0.001 -12"><span class='ocrx_word' id='word_1_231' title='bbox 47 1777 145 1817; x_wconf 83' lang='lat' dir='ltr'><strong>stitit,</strong></span> <span class='ocrx_word' id='word_1_232' title='bbox 171 1778 224 1809; x_wconf 90' lang='lat' dir='ltr'><strong>ubi</strong></span> <span class='ocrx_word' id='word_1_233' title='bbox 249 1790 278 1810; x_wconf 80' lang='lat' dir='ltr'><strong>v.</strong></span> <span class='ocrx_word' id='word_1_234' title='bbox 302 1781 428 1819; x_wconf 71' lang='lat' dir='ltr'><strong>Herzog.</strong></span> <span class='ocrx_word' id='word_1_235' title='bbox 454 1789 487 1820; x_wconf 90' lang='lat' dir='ltr'><strong>p.</strong></span> <span class='ocrx_word' id='word_1_236' title='bbox 503 1778 574 1811; x_wconf 60' lang='lat'><strong>1725.</strong></span> <span class='ocrx_word' id='word_1_237' title='bbox 622 1777 727 1809; x_wconf 85' lang='lat' dir='ltr'><strong>Etiam</strong></span> <span class='ocrx_word' id='word_1_238' title='bbox 749 1779 812 1808; x_wconf 84' lang='lat' dir='ltr'><strong>Se—</strong></span> 
     </span>
     <span class='ocr_line' id='line_1_29' title="bbox 48 1823 810 1866; baseline -0.001 -12"><span class='ocrx_word' id='word_1_239' title='bbox 48 1834 121 1854; x_wconf 91' lang='lat' dir='ltr'><strong>nec.</strong></span> <span class='ocrx_word' id='word_1_240' title='bbox 139 1835 189 1866; x_wconf 89' lang='lat' dir='ltr'><strong>ep.</strong></span> <span class='ocrx_word' id='word_1_241' title='bbox 200 1824 253 1857; x_wconf 76' lang='lat'><strong>67.</strong></span> <span class='ocrx_word' id='word_1_242' title='bbox 268 1823 333 1855; x_wconf 92' lang='lat' dir='ltr'><strong>hoc</strong></span> <span class='ocrx_word' id='word_1_243' title='bbox 347 1824 508 1855; x_wconf 77' lang='lat' dir='ltr'><strong>vocabulo</strong></span> <span class='ocrx_word' id='word_1_244' title='bbox 524 1834 597 1854; x_wconf 87' lang='lat' dir='ltr'><strong>usus</strong></span> <span class='ocrx_word' id='word_1_245' title='bbox 613 1829 672 1853; x_wconf 83' lang='lat' dir='ltr'><strong>est.</strong></span> <span class='ocrx_word' id='word_1_246' title='bbox 703 1823 810 1854; x_wconf 87' lang='lat' dir='ltr'><strong>Grae-</strong></span> 
     </span>
     <span class='ocr_line' id='line_1_30' title="bbox 49 1867 810 1911; baseline -0.001 -12"><span class='ocrx_word' id='word_1_247' title='bbox 49 1880 86 1899; x_wconf 90' lang='lat' dir='ltr'><strong>ce</strong></span> <span class='ocrx_word' id='word_1_248' title='bbox 111 1875 160 1900; x_wconf 89' lang='lat' dir='ltr'><strong>est</strong></span> <span class='ocrx_word' id='word_1_249' title='bbox 185 1869 350 1911; x_wconf 76' lang='grc' dir='ltr'>μαλακία,</span> <span class='ocrx_word' id='word_1_250' title='bbox 388 1868 477 1911; x_wconf 89' lang='lat' dir='ltr'><strong>quod</strong></span> <span class='ocrx_word' id='word_1_251' title='bbox 502 1868 610 1899; x_wconf 90' lang='lat' dir='ltr'><strong>Aurel.</strong></span> <span class='ocrx_word' id='word_1_252' title='bbox 632 1867 749 1899; x_wconf 84' lang='lat' dir='ltr'><strong>Victor</strong></span> <span class='ocrx_word' id='word_1_253' title='bbox 770 1867 810 1898; x_wconf 91' lang='lat' dir='ltr'><strong>de</strong></span> 
     </span>
     <span class='ocr_line' id='line_1_31' title="bbox 48 1913 812 1955; baseline 0 -11"><span class='ocrx_word' id='word_1_254' title='bbox 48 1913 107 1945; x_wconf 86' lang='lat' dir='ltr'><strong>vir.</strong></span> <span class='ocrx_word' id='word_1_255' title='bbox 142 1914 187 1944; x_wconf 92' lang='lat' dir='ltr'><strong>ill.</strong></span> <span class='ocrx_word' id='word_1_256' title='bbox 224 1926 251 1945; x_wconf 92' lang='lat' dir='ltr'><strong>c.</strong></span> <span class='ocrx_word' id='word_1_257' title='bbox 275 1914 329 1946; x_wconf 67' lang='lat'><strong>2⁴2.</strong></span> <span class='ocrx_word' id='word_1_258' title='bbox 366 1913 526 1945; x_wconf 82' lang='lat' dir='ltr'><strong>imitando</strong></span> <span class='ocrx_word' id='word_1_259' title='bbox 561 1913 720 1955; x_wconf 73' lang='lat' dir='ltr'><strong>expressit</strong></span> <span class='ocrx_word' id='word_1_260' title='bbox 752 1924 812 1954; x_wconf 90' lang='lat' dir='ltr'><strong>per</strong></span> 
     </span>
     <span class='ocr_line' id='line_1_32' title="bbox 47 1957 811 1990; baseline -0.001 0"><span class='ocrx_word' id='word_1_261' title='bbox 47 1961 202 1990; x_wconf 83' lang='lat' dir='ltr'><strong>mollitiem</strong></span> <span class='ocrx_word' id='word_1_262' title='bbox 239 1961 348 1990; x_wconf 83' lang='lat' dir='ltr'><strong>muris.</strong></span> <span class='ocrx_word' id='word_1_263' title='bbox 404 1959 518 1989; x_wconf 84' lang='lat' dir='ltr'><strong>Festus</strong></span> <span class='ocrx_word' id='word_1_264' title='bbox 552 1958 692 1989; x_wconf 89' lang='lat' dir='ltr'><strong>adnotat</strong></span> <span class='ocrx_word' id='word_1_265' title='bbox 726 1957 811 1989; x_wconf 85' lang='lat' dir='ltr'><strong>hane</strong></span> 
     </span>
     <span class='ocr_line' id='line_1_33' title="bbox 49 2003 811 2046; baseline -0.004 -9"><span class='ocrx_word' id='word_1_266' title='bbox 49 2004 212 2045; x_wconf 74' lang='grc' dir='ltr'>μαλακίαν</span> <span class='ocrx_word' id='word_1_267' title='bbox 243 2003 326 2046; x_wconf 88' lang='lat' dir='ltr'><strong>apud</strong></span> <span class='ocrx_word' id='word_1_268' title='bbox 353 2003 489 2035; x_wconf 90' lang='lat' dir='ltr'><strong>Latinos</strong></span> <span class='ocrx_word' id='word_1_269' title='bbox 512 2003 634 2035; x_wconf 88' lang='lat' dir='ltr'><strong>dictam</strong></span> <span class='ocrx_word' id='word_1_270' title='bbox 655 2014 725 2034; x_wconf 87' lang='lat' dir='ltr'><strong>esse</strong></span> <span class='ocrx_word' id='word_1_271' title='bbox 751 2005 811 2043; x_wconf 78' lang='lat' dir='ltr'><strong>{lu-</strong></span> 
     </span>
     <span class='ocr_line' id='line_1_34' title="bbox 48 2048 809 2091; baseline -0.003 -11"><span class='ocrx_word' id='word_1_272' title='bbox 48 2052 133 2088; x_wconf 74' lang='lat' dir='ltr'><strong>stra,</strong></span> <span class='ocrx_word' id='word_1_273' title='bbox 167 2059 274 2089; x_wconf 84' lang='lat' dir='ltr'><strong>orum,</strong></span> <span class='ocrx_word' id='word_1_274' title='bbox 310 2060 409 2091; x_wconf 89' lang='lat' dir='ltr'><strong>quum</strong></span> <span class='ocrx_word' id='word_1_275' title='bbox 431 2048 462 2079; x_wconf 92' lang='lat' dir='ltr'><strong>in</strong></span> <span class='ocrx_word' id='word_1_276' title='bbox 488 2049 569 2080; x_wconf 87' lang='lat' dir='ltr'><strong>mari</strong></span> <span class='ocrx_word' id='word_1_277' title='bbox 602 2048 718 2080; x_wconf 87' lang='lat' dir='ltr'><strong>fluctus</strong></span> <span class='ocrx_word' id='word_1_278' title='bbox 743 2059 809 2079; x_wconf 89' lang='lat' dir='ltr'><strong>non</strong></span> 
     </span>
     <span class='ocr_line' id='line_1_35' title="bbox 47 2093 638 2126; baseline 0.002 -1"><span class='ocrx_word' id='word_1_279' title='bbox 47 2101 232 2125; x_wconf 89' lang='lat' dir='ltr'><strong>moventur.</strong></span> <span class='ocrx_word' id='word_1_280' title='bbox 284 2093 334 2126; x_wconf 87' lang='lat' dir='ltr'><strong>Cf.</strong></span> <span class='ocrx_word' id='word_1_281' title='bbox 361 2096 468 2126; x_wconf 65' lang='lat' dir='ltr'><strong>Dacis.</strong></span> <span class='ocrx_word' id='word_1_282' title='bbox 494 2094 535 2125; x_wconf 85' lang='lat' dir='ltr'><strong>ad</strong></span> <span class='ocrx_word' id='word_1_283' title='bbox 560 2094 592 2125; x_wconf 83' lang='lat' dir='ltr'><strong>h.</strong></span> <span class='ocrx_word' id='word_1_284' title='bbox 617 2093 638 2126; x_wconf 92' lang='lat' dir='ltr'><strong>l.</strong></span> 
     </span>
    </p>

    <p class='ocr_par' dir='ltr' id='par_1_9' title="bbox 46 2139 810 2987">
     <span class='ocr_line' id='line_1_36' title="bbox 115 2139 809 2183; baseline -0.001 -13"><span class='ocrx_word' id='word_1_285' title='bbox 115 2140 143 2183; x_wconf 82' lang='lat'><strong>§.</strong></span> <span class='ocrx_word' id='word_1_286' title='bbox 162 2139 210 2172; x_wconf 81' lang='lat'><strong>17.</strong></span> <span class='ocrx_word' id='word_1_287' title='bbox 247 2140 362 2178; x_wconf 83' lang='lat' dir='ltr'><strong>Quodsi</strong></span> <span class='ocrx_word' id='word_1_288' title='bbox 385 2143 447 2178; x_wconf 79' lang='lat' dir='ltr'><strong>est,</strong></span> <span class='ocrx_word' id='word_1_289' title='bbox 482 2139 549 2181; x_wconf 81' lang='lat' dir='ltr'><strong>qni]</strong></span> <span class='ocrx_word' id='word_1_290' title='bbox 580 2141 686 2179; x_wconf 84' lang='lat' dir='ltr'><strong>Wolfio</strong></span> <span class='ocrx_word' id='word_1_291' title='bbox 710 2149 809 2181; x_wconf 85' lang='lat' dir='ltr'><strong>prae-</strong></span> 
     </span>
     <span class='ocr_line' id='line_1_37' title="bbox 47 2184 808 2216; baseline -0.001 -1"><span class='ocrx_word' id='word_1_292' title='bbox 47 2191 146 2215; x_wconf 85' lang='lat' dir='ltr'><strong>eunte</strong></span> <span class='ocrx_word' id='word_1_293' title='bbox 173 2184 372 2215; x_wconf 79' lang='lat' dir='ltr'><strong>recentiores</strong></span> <span class='ocrx_word' id='word_1_294' title='bbox 404 2184 549 2216; x_wconf 85' lang='lat' dir='ltr'><strong>editores</strong></span> <span class='ocrx_word' id='word_1_295' title='bbox 581 2184 668 2216; x_wconf 90' lang='lat' dir='ltr'><strong>hunc</strong></span> <span class='ocrx_word' id='word_1_296' title='bbox 699 2184 808 2216; x_wconf 89' lang='lat' dir='ltr'><strong>locum</strong></span> 
     </span>
     <span class='ocr_line' id='line_1_38' title="bbox 46 2229 806 2269; baseline 0 -9"><span class='ocrx_word' id='word_1_297' title='bbox 46 2229 94 2260; x_wconf 87' lang='lat' dir='ltr'><strong>sic</strong></span> <span class='ocrx_word' id='word_1_298' title='bbox 117 2229 353 2261; x_wconf 85' lang='lat' dir='ltr'><strong>distinxerunt:</strong></span> <span class='ocrx_word' id='word_1_299' title='bbox 386 2231 475 2269; x_wconf 81' lang='lat' dir='ltr'><strong>Quod</strong></span> <span class='ocrx_word' id='word_1_300' title='bbox 494 2233 520 2262; x_wconf 90' lang='lat' dir='ltr'><strong>si</strong></span> <span class='ocrx_word' id='word_1_301' title='bbox 543 2234 604 2269; x_wconf 77' lang='lat' dir='ltr'><strong>est,</strong></span> <span class='ocrx_word' id='word_1_302' title='bbox 628 2231 701 2269; x_wconf 81' lang='lat' dir='ltr'><strong>qui,</strong></span> <span class='ocrx_word' id='word_1_303' title='bbox 724 2229 756 2261; x_wconf 94' lang='lat' dir='ltr'><strong>h.</strong></span> <span class='ocrx_word' id='word_1_304' title='bbox 779 2240 806 2261; x_wconf 90' lang='lat' dir='ltr'><strong>e.</strong></span> 
     </span>
     <span class='ocr_line' id='line_1_39' title="bbox 47 2274 807 2317; baseline 0 -12"><span class='ocrx_word' id='word_1_305' title='bbox 47 2274 137 2317; x_wconf 90' lang='lat' dir='ltr'><strong>quod</strong></span> <span class='ocrx_word' id='word_1_306' title='bbox 158 2275 184 2306; x_wconf 92' lang='lat' dir='ltr'><strong>si</strong></span> <span class='ocrx_word' id='word_1_307' title='bbox 206 2274 252 2306; x_wconf 84' lang='lat' dir='ltr'><strong>ita</strong></span> <span class='ocrx_word' id='word_1_308' title='bbox 274 2286 308 2306; x_wconf 90' lang='lat' dir='ltr'><strong>se</strong></span> <span class='ocrx_word' id='word_1_309' title='bbox 331 2274 449 2313; x_wconf 88' lang='lat' dir='ltr'><strong>habet,</strong></span> <span class='ocrx_word' id='word_1_310' title='bbox 475 2275 521 2313; x_wconf 86' lang='lat' dir='ltr'><strong>is,</strong></span> <span class='ocrx_word' id='word_1_311' title='bbox 557 2275 610 2317; x_wconf 86' lang='lat' dir='ltr'><strong>qui</strong></span> <span class='ocrx_word' id='word_1_312' title='bbox 632 2294 674 2298; x_wconf 97' lang='lat'>—</span> <span class='ocrx_word' id='word_1_313' title='bbox 697 2274 807 2312; x_wconf 86' lang='lat' dir='ltr'><strong>ducat,</strong></span> 
     </span>
     <span class='ocr_line' id='line_1_40' title="bbox 47 2319 807 2362; baseline 0 -13"><span class='ocrx_word' id='word_1_314' title='bbox 47 2319 166 2362; x_wconf 89' lang='lat' dir='ltr'><strong>quique</strong></span> <span class='ocrx_word' id='word_1_315' title='bbox 189 2319 287 2357; x_wconf 86' lang='lat' dir='ltr'><strong>idem,</strong></span> <span class='ocrx_word' id='word_1_316' title='bbox 313 2319 339 2350; x_wconf 89' lang='lat' dir='ltr'><strong>si</strong></span> <span class='ocrx_word' id='word_1_317' title='bbox 361 2331 392 2350; x_wconf 92' lang='lat' dir='ltr'><strong>n.</strong></span> <span class='ocrx_word' id='word_1_318' title='bbox 415 2331 453 2357; x_wconf 88' lang='lat' dir='ltr'><strong>c.‚</strong></span> <span class='ocrx_word' id='word_1_319' title='bbox 479 2319 567 2351; x_wconf 87' lang='lat' dir='ltr'><strong>nulla</strong></span> <span class='ocrx_word' id='word_1_320' title='bbox 588 2319 743 2351; x_wconf 83' lang='lat' dir='ltr'><strong>efferatur</strong></span> <span class='ocrx_word' id='word_1_321' title='bbox 765 2338 807 2342; x_wconf 96' lang='lat'><strong>—</strong></span> 
     </span>
     <span class='ocr_line' id='line_1_41' title="bbox 46 2363 807 2406; baseline 0.001 -12"><span class='ocrx_word' id='word_1_322' title='bbox 46 2363 114 2395; x_wconf 79' lang='lat' dir='ltr'><strong>vol.</strong></span> <span class='ocrx_word' id='word_1_323' title='bbox 177 2366 246 2406; x_wconf 83' lang='lat' dir='ltr'><strong>Ego</strong></span> <span class='ocrx_word' id='word_1_324' title='bbox 284 2375 311 2395; x_wconf 89' lang='lat' dir='ltr'><strong>c.</strong></span> <span class='ocrx_word' id='word_1_325' title='bbox 346 2366 554 2404; x_wconf 77' lang='lat' dir='ltr'><strong>Wesenberyz&#39;o</strong></span> <span class='ocrx_word' id='word_1_326' title='bbox 591 2363 675 2395; x_wconf 80' lang='lat' dir='ltr'><strong>Adn.</strong></span> <span class='ocrx_word' id='word_1_327' title='bbox 709 2365 807 2396; x_wconf 90' lang='lat' dir='ltr'><strong>Tusc.</strong></span> 
     </span>
     <span class='ocr_line' id='line_1_42' title="bbox 47 2408 809 2452; baseline -0.003 -11"><span class='ocrx_word' id='word_1_328' title='bbox 47 2420 80 2452; x_wconf 93' lang='lat' dir='ltr'><strong>p.</strong></span> <span class='ocrx_word' id='word_1_329' title='bbox 107 2409 147 2441; x_wconf 91' lang='lat'><strong>10</strong></span> <span class='ocrx_word' id='word_1_330' title='bbox 171 2421 218 2451; x_wconf 88' lang='lat' dir='ltr'><strong>sq.</strong></span> <span class='ocrx_word' id='word_1_331' title='bbox 254 2408 407 2440; x_wconf 84' lang='lat' dir='ltr'><strong>revocavi</strong></span> <span class='ocrx_word' id='word_1_332' title='bbox 443 2409 585 2450; x_wconf 82' lang='lat' dir='ltr'><strong>priorem</strong></span> <span class='ocrx_word' id='word_1_333' title='bbox 617 2408 809 2439; x_wconf 87' lang='lat' dir='ltr'><strong>distinctio-</strong></span> 
     </span>
     <span class='ocr_line' id='line_1_43' title="bbox 47 2453 810 2494; baseline -0.001 -9"><span class='ocrx_word' id='word_1_334' title='bbox 47 2465 143 2485; x_wconf 83' lang='lat' dir='ltr'><strong>nem:</strong></span> <span class='ocrx_word' id='word_1_335' title='bbox 171 2456 287 2493; x_wconf 81' lang='lat' dir='ltr'><strong>Quodsi</strong></span> <span class='ocrx_word' id='word_1_336' title='bbox 307 2458 369 2493; x_wconf 83' lang='lat' dir='ltr'><strong>est,</strong></span> <span class='ocrx_word' id='word_1_337' title='bbox 392 2456 455 2494; x_wconf 84' lang='lat' dir='ltr'><strong>qui,</strong></span> <span class='ocrx_word' id='word_1_338' title='bbox 479 2453 512 2484; x_wconf 91' lang='lat' dir='ltr'><strong>h.</strong></span> <span class='ocrx_word' id='word_1_339' title='bbox 527 2465 555 2485; x_wconf 91' lang='lat' dir='ltr'><strong>e.</strong></span> <span class='ocrx_word' id='word_1_340' title='bbox 576 2463 672 2493; x_wconf 83' lang='lat' dir='ltr'><strong>quare</strong></span> <span class='ocrx_word' id='word_1_341' title='bbox 694 2456 720 2484; x_wconf 87' lang='lat' dir='ltr'><strong>si</strong></span> <span class='ocrx_word' id='word_1_342' title='bbox 741 2455 810 2493; x_wconf 82' lang='lat' dir='ltr'><strong>quis</strong></span> 
     </span>
     <span class='ocr_line' id='line_1_44' title="bbox 47 2498 809 2540; baseline -0.003 -9"><span class='ocrx_word' id='word_1_343' title='bbox 47 2503 110 2539; x_wconf 80' lang='lat' dir='ltr'><strong>est,</strong></span> <span class='ocrx_word' id='word_1_344' title='bbox 144 2502 217 2539; x_wconf 85' lang='lat' dir='ltr'><strong>qui,</strong></span> <span class='ocrx_word' id='word_1_345' title='bbox 252 2498 372 2530; x_wconf 90' lang='lat' dir='ltr'><strong>deinde</strong></span> <span class='ocrx_word' id='word_1_346' title='bbox 407 2510 532 2530; x_wconf 87' lang='lat' dir='ltr'><strong>comma</strong></span> <span class='ocrx_word' id='word_1_347' title='bbox 566 2505 643 2540; x_wconf 84' lang='lat' dir='ltr'><strong>post</strong></span> <span class='ocrx_word' id='word_1_348' title='bbox 667 2500 809 2537; x_wconf 78' lang='lat' dir='ltr'><strong>idemque</strong></span> 
     </span>
     <span class='ocr_line' id='line_1_45' title="bbox 47 2542 808 2587; baseline -0.004 -12"><span class='ocrx_word' id='word_1_349' title='bbox 47 2543 166 2576; x_wconf 87' lang='lat' dir='ltr'><strong>delevi.</strong></span> <span class='ocrx_word' id='word_1_350' title='bbox 214 2546 261 2575; x_wconf 84' lang='lat' dir='ltr'><strong>Ita</strong></span> <span class='ocrx_word' id='word_1_351' title='bbox 289 2551 445 2587; x_wconf 88' lang='lat' dir='ltr'><strong>quattuor</strong></span> <span class='ocrx_word' id='word_1_352' title='bbox 468 2542 723 2586; x_wconf 81' lang='lat' dir='ltr'><strong>perturbationis</strong></span> <span class='ocrx_word' id='word_1_353' title='bbox 747 2554 808 2584; x_wconf 88' lang='lat' dir='ltr'><strong>ge—</strong></span> 
     </span>
     <span class='ocr_line' id='line_1_46' title="bbox 48 2587 808 2630; baseline -0.001 -10"><span class='ocrx_word' id='word_1_354' title='bbox 48 2600 126 2620; x_wconf 88' lang='lat' dir='ltr'><strong>nera</strong></span> <span class='ocrx_word' id='word_1_355' title='bbox 145 2596 459 2621; x_wconf 84' lang='lat' dir='ltr'><strong>commemorantur:</strong></span> <span class='ocrx_word' id='word_1_356' title='bbox 486 2593 584 2620; x_wconf 77' lang='lat' dir='ltr'><strong>melus</strong></span> <span class='ocrx_word' id='word_1_357' title='bbox 604 2587 732 2630; x_wconf 32' lang='lat' dir='ltr'><strong>(timori,</strong></span> <span class='ocrx_word' id='word_1_358' title='bbox 757 2598 808 2619; x_wconf 83' lang='lat' dir='ltr'><strong>ae-</strong></span> 
     </span>
     <span class='ocr_line' id='line_1_47' title="bbox 47 2633 808 2676; baseline -0.005 -10"><span class='ocrx_word' id='word_1_359' title='bbox 47 2636 170 2674; x_wconf 69' lang='lat' dir='ltr'><strong>gritudo</strong></span> <span class='ocrx_word' id='word_1_360' title='bbox 195 2635 318 2676; x_wconf 56' lang='lat' dir='ltr'><strong>tanyorl</strong></span> <span class='ocrx_word' id='word_1_361' title='bbox 333 2659 342 2674; x_wconf 87' lang='lat'><strong>,</strong></span> <span class='ocrx_word' id='word_1_362' title='bbox 367 2636 461 2666; x_wconf 84' lang='lat' dir='ltr'><strong>libido</strong></span> <span class='ocrx_word' id='word_1_363' title='bbox 486 2633 721 2676; x_wconf 56' lang='lat' dir='ltr'><strong>(concupiscam,</strong></span> <span class='ocrx_word' id='word_1_364' title='bbox 746 2634 808 2663; x_wconf 84' lang='lat' dir='ltr'><strong>loe-</strong></span> 
     </span>
     <span class='ocr_line' id='line_1_48' title="bbox 47 2678 804 2722; baseline -0.003 -13"><span class='ocrx_word' id='word_1_365' title='bbox 47 2681 115 2710; x_wconf 75' lang='lat' dir='ltr'><strong>titia</strong></span> <span class='ocrx_word' id='word_1_366' title='bbox 139 2682 266 2722; x_wconf 62' lang='lat' dir='ltr'><strong>(efferat.</strong></span> <span class='ocrx_word' id='word_1_367' title='bbox 291 2682 389 2711; x_wconf 79' lang='lat' dir='ltr'><strong>animi</strong></span> <span class='ocrx_word' id='word_1_368' title='bbox 409 2682 496 2711; x_wconf 79' lang='lat' dir='ltr'><strong>inani</strong></span> <span class='ocrx_word' id='word_1_369' title='bbox 514 2678 664 2718; x_wconf 57' lang='lat' dir='ltr'><strong>volum),</strong></span> <span class='ocrx_word' id='word_1_370' title='bbox 697 2683 804 2708; x_wconf 86' lang='lat' dir='ltr'><strong>totus-</strong></span> 
     </span>
     <span class='ocr_line' id='line_1_49' title="bbox 50 2721 809 2767; baseline -0.003 -13"><span class='ocrx_word' id='word_1_371' title='bbox 50 2734 112 2765; x_wconf 91' lang='lat' dir='ltr'><strong>que</strong></span> <span class='ocrx_word' id='word_1_372' title='bbox 134 2723 224 2755; x_wconf 87' lang='lat' dir='ltr'><strong>locus</strong></span> <span class='ocrx_word' id='word_1_373' title='bbox 245 2724 375 2767; x_wconf 83' lang='lat' dir='ltr'><strong>egregie</strong></span> <span class='ocrx_word' id='word_1_374' title='bbox 398 2724 578 2766; x_wconf 81' lang='lat' dir='ltr'><strong>respondet</strong></span> <span class='ocrx_word' id='word_1_375' title='bbox 601 2721 809 2754; x_wconf 78' lang='lat' dir='ltr'><strong>antecedenti</strong></span> 
     </span>
     <span class='ocr_line' id='line_1_50' title="bbox 53 2767 810 2812; baseline -0.003 -13"><span class='ocrx_word' id='word_1_376' title='bbox 53 2769 93 2809; x_wconf 55' lang='grc' dir='ltr'><strong>(ᾗ.</strong></span> <span class='ocrx_word' id='word_1_377' title='bbox 120 2767 203 2807; x_wconf 70' lang='grc'>16.);</span> <span class='ocrx_word' id='word_1_378' title='bbox 243 2781 324 2812; x_wconf 87' lang='lat' dir='ltr'><strong>quos</strong></span> <span class='ocrx_word' id='word_1_379' title='bbox 356 2769 436 2801; x_wconf 91' lang='lat' dir='ltr'><strong>nulli</strong></span> <span class='ocrx_word' id='word_1_380' title='bbox 468 2773 566 2801; x_wconf 78' lang='lat' dir='ltr'><strong>melus</strong></span> <span class='ocrx_word' id='word_1_381' title='bbox 594 2774 741 2804; x_wconf 53' lang='lat' dir='ltr'><strong>terrent,</strong></span> <span class='ocrx_word' id='word_1_382' title='bbox 779 2778 810 2798; x_wconf 89' lang='lat' dir='ltr'><strong>n.</strong></span> 
     </span>
     <span class='ocr_line' id='line_1_51' title="bbox 48 2811 809 2855; baseline -0.005 -10"><span class='ocrx_word' id='word_1_383' title='bbox 48 2815 258 2853; x_wconf 75' lang='lat' dir='ltr'><strong>ae9ritudines</strong></span> <span class='ocrx_word' id='word_1_384' title='bbox 279 2814 432 2855; x_wconf 83' lang='lat' dir='ltr'><strong>exedunt,</strong></span> <span class='ocrx_word' id='word_1_385' title='bbox 453 2826 485 2846; x_wconf 92' lang='lat' dir='ltr'><strong>n.</strong></span> <span class='ocrx_word' id='word_1_386' title='bbox 507 2815 647 2845; x_wconf 82' lang='lat' dir='ltr'><strong>libidines</strong></span> <span class='ocrx_word' id='word_1_387' title='bbox 662 2811 809 2849; x_wconf 82' lang='lat' dir='ltr'><strong>incitant,</strong></span> 
     </span>
     <span class='ocr_line' id='line_1_52' title="bbox 49 2856 810 2901; baseline 0 -13"><span class='ocrx_word' id='word_1_388' title='bbox 49 2870 84 2889; x_wconf 88' lang='lat' dir='ltr'><strong>n.</strong></span> <span class='ocrx_word' id='word_1_389' title='bbox 108 2858 132 2888; x_wconf 88' lang='lat' dir='ltr'><strong>f.</strong></span> <span class='ocrx_word' id='word_1_390' title='bbox 155 2860 288 2890; x_wconf 75' lang='lat' dir='ltr'><strong>laetitiae</strong></span> <span class='ocrx_word' id='word_1_391' title='bbox 311 2866 391 2898; x_wconf 66' lang='grc' dir='ltr'><strong>οἱα,</strong></span> <span class='ocrx_word' id='word_1_392' title='bbox 426 2867 458 2891; x_wconf 86' lang='lat' dir='ltr'><strong>et</strong></span> <span class='ocrx_word' id='word_1_393' title='bbox 480 2857 690 2901; x_wconf 82' lang='lat' dir='ltr'><strong>subsequenti</strong></span> <span class='ocrx_word' id='word_1_394' title='bbox 722 2860 762 2899; x_wconf 73' lang='lat' dir='ltr'><strong>(c.</strong></span> <span class='ocrx_word' id='word_1_395' title='bbox 780 2856 810 2889; x_wconf 74' lang='lat'><strong>7.</strong></span> 
     </span>
     <span class='ocr_line' id='line_1_53' title="bbox 49 2902 809 2944; baseline -0.003 -10"><span class='ocrx_word' id='word_1_396' title='bbox 49 2902 157 2944; x_wconf 73' lang='lat' dir='ltr'><strong>init.):</strong></span> <span class='ocrx_word' id='word_1_397' title='bbox 195 2903 276 2934; x_wconf 80' lang='lat' dir='ltr'><strong>niliil</strong></span> <span class='ocrx_word' id='word_1_398' title='bbox 306 2908 460 2944; x_wconf 75' lang='lat' dir='ltr'><strong>metuant,</strong></span> <span class='ocrx_word' id='word_1_399' title='bbox 497 2916 528 2935; x_wconf 90' lang='lat' dir='ltr'><strong>n.</strong></span> <span class='ocrx_word' id='word_1_400' title='bbox 563 2906 739 2944; x_wconf 69' lang='lat' dir='ltr'><strong>unguntur,</strong></span> <span class='ocrx_word' id='word_1_401' title='bbox 777 2913 809 2932; x_wconf 90' lang='lat' dir='ltr'><strong>n.</strong></span> 
     </span>
     <span class='ocr_line' id='line_1_54' title="bbox 47 2948 810 2987; baseline -0.004 -7"><span class='ocrx_word' id='word_1_402' title='bbox 47 2950 242 2987; x_wconf 67' lang='lat' dir='ltr'><strong>concupisc..</strong></span> <span class='ocrx_word' id='word_1_403' title='bbox 271 2960 301 2979; x_wconf 89' lang='lat' dir='ltr'><strong>n.</strong></span> <span class='ocrx_word' id='word_1_404' title='bbox 325 2949 345 2979; x_wconf 92' lang='lat' dir='ltr'><strong>i.</strong></span> <span class='ocrx_word' id='word_1_405' title='bbox 370 2951 486 2982; x_wconf 74' lang='lat' dir='ltr'><strong>laetitia</strong></span> <span class='ocrx_word' id='word_1_406' title='bbox 510 2949 706 2980; x_wconf 84' lang='lat' dir='ltr'><strong>ecferantur.</strong></span> <span class='ocrx_word' id='word_1_407' title='bbox 755 2948 810 2977; x_wconf 84' lang='lat' dir='ltr'><strong>In-</strong></span> 
     </span>
    </p>
   </div>
   <div class='ocr_carea' id='block_1_8' title="bbox 842 1597 1612 3031">
    <p class='ocr_par' dir='ltr' id='par_1_10' title="bbox 842 1597 1612 2447">
     <span class='ocr_line' id='line_1_55' title="bbox 847 1597 1611 1640; baseline 0.001 -12"><span class='ocrx_word' id='word_1_408' title='bbox 847 1604 896 1629; x_wconf 84' lang='lat' dir='ltr'><strong>est</strong></span> <span class='ocrx_word' id='word_1_409' title='bbox 919 1597 1052 1640; x_wconf 88' lang='lat' dir='ltr'><strong>quidem</strong></span> <span class='ocrx_word' id='word_1_410' title='bbox 1083 1597 1117 1628; x_wconf 90' lang='lat' dir='ltr'><strong>in</strong></span> <span class='ocrx_word' id='word_1_411' title='bbox 1140 1604 1304 1629; x_wconf 85' lang='lat' dir='ltr'><strong>structura</strong></span> <span class='ocrx_word' id='word_1_412' title='bbox 1328 1598 1504 1629; x_wconf 88' lang='lat' dir='ltr'><strong>verborum</strong></span> <span class='ocrx_word' id='word_1_413' title='bbox 1529 1610 1611 1630; x_wconf 89' lang='lat' dir='ltr'><strong>ana-</strong></span> 
     </span>
     <span class='ocr_line' id='line_1_56' title="bbox 849 1642 1612 1685; baseline 0 -10"><span class='ocrx_word' id='word_1_414' title='bbox 849 1642 993 1675; x_wconf 83' lang='lat' dir='ltr'><strong>coluthia</strong></span> <span class='ocrx_word' id='word_1_415' title='bbox 1024 1643 1204 1685; x_wconf 71' lang='lat' dir='ltr'><strong>quaedam3</strong></span> <span class='ocrx_word' id='word_1_416' title='bbox 1240 1655 1316 1674; x_wconf 84' lang='lat' dir='ltr'><strong>nam</strong></span> <span class='ocrx_word' id='word_1_417' title='bbox 1347 1643 1453 1675; x_wconf 88' lang='lat' dir='ltr'><strong>oratio</strong></span> <span class='ocrx_word' id='word_1_418' title='bbox 1478 1644 1524 1675; x_wconf 92' lang='lat' dir='ltr'><strong>sic</strong></span> <span class='ocrx_word' id='word_1_419' title='bbox 1549 1643 1612 1675; x_wconf 86' lang='lat' dir='ltr'><strong>de-</strong></span> 
     </span>
     <span class='ocr_line' id='line_1_57' title="bbox 848 1687 1612 1728; baseline 0.003 -10"><span class='ocrx_word' id='word_1_420' title='bbox 848 1699 977 1719; x_wconf 88' lang='lat' dir='ltr'><strong>currere</strong></span> <span class='ocrx_word' id='word_1_421' title='bbox 996 1687 1158 1719; x_wconf 78' lang='lat' dir='ltr'><strong>debebat:</strong></span> <span class='ocrx_word' id='word_1_422' title='bbox 1183 1691 1235 1728; x_wconf 81' lang='lat' dir='ltr'><strong>qui</strong></span> <span class='ocrx_word' id='word_1_423' title='bbox 1255 1691 1360 1719; x_wconf 74' lang='lat' dir='ltr'><strong>omnia</strong></span> <span class='ocrx_word' id='word_1_424' title='bbox 1381 1707 1423 1713; x_wconf 92' lang='lat'><strong>-—-</strong></span> <span class='ocrx_word' id='word_1_425' title='bbox 1444 1690 1549 1728; x_wconf 72' lang='lat' dir='ltr'><strong>ducat,</strong></span> <span class='ocrx_word' id='word_1_426' title='bbox 1574 1699 1612 1720; x_wconf 80' lang='lat' dir='ltr'><strong>ex</strong></span> 
     </span>
     <span class='ocr_line' id='line_1_58' title="bbox 846 1735 1611 1773; baseline 0.001 -9"><span class='ocrx_word' id='word_1_427' title='bbox 846 1743 905 1773; x_wconf 81' lang='lat' dir='ltr'><strong>quo</strong></span> <span class='ocrx_word' id='word_1_428' title='bbox 929 1735 1083 1773; x_wconf 74' lang='lat' dir='ltr'><strong>atlinyat,</strong></span> <span class='ocrx_word' id='word_1_429' title='bbox 1118 1736 1272 1773; x_wconf 80' lang='lat' dir='ltr'><strong>quique</strong></span> <span class='ocrx_word' id='word_1_430' title='bbox 1304 1735 1386 1764; x_wconf 79' lang='lat' dir='ltr'><strong>idem</strong></span> <span class='ocrx_word' id='word_1_431' title='bbox 1414 1735 1491 1764; x_wconf 76' lang='lat' dir='ltr'><strong>nihil</strong></span> <span class='ocrx_word' id='word_1_432' title='bbox 1515 1744 1611 1773; x_wconf 63' lang='lat' dir='ltr'><strong>conc„</strong></span> 
     </span>
     <span class='ocr_line' id='line_1_59' title="bbox 846 1777 1609 1818; baseline 0 -9"><span class='ocrx_word' id='word_1_433' title='bbox 846 1780 934 1810; x_wconf 85' lang='lat' dir='ltr'><strong>nulla</strong></span> <span class='ocrx_word' id='word_1_434' title='bbox 969 1785 1052 1815; x_wconf 85' lang='lat' dir='ltr'><strong>etc.;</strong></span> <span class='ocrx_word' id='word_1_435' title='bbox 1088 1777 1147 1809; x_wconf 89' lang='lat' dir='ltr'><strong>sed</strong></span> <span class='ocrx_word' id='word_1_436' title='bbox 1179 1790 1215 1808; x_wconf 85' lang='lat' dir='ltr'><strong>ea</strong></span> <span class='ocrx_word' id='word_1_437' title='bbox 1249 1784 1298 1808; x_wconf 90' lang='lat' dir='ltr'><strong>est</strong></span> <span class='ocrx_word' id='word_1_438' title='bbox 1325 1785 1392 1808; x_wconf 73' lang='lat' dir='ltr'><strong>tum</strong></span> <span class='ocrx_word' id='word_1_439' title='bbox 1425 1778 1525 1816; x_wconf 83' lang='lat' dir='ltr'><strong>levis,</strong></span> <span class='ocrx_word' id='word_1_440' title='bbox 1563 1785 1609 1818; x_wconf 90' lang='lat' dir='ltr'><strong>ut,</strong></span> 
     </span>
     <span class='ocr_line' id='line_1_60' title="bbox 846 1822 1610 1865; baseline 0 -12"><span class='ocrx_word' id='word_1_441' title='bbox 846 1823 1040 1865; x_wconf 87' lang='lat' dir='ltr'><strong>praesertim</strong></span> <span class='ocrx_word' id='word_1_442' title='bbox 1062 1822 1095 1853; x_wconf 89' lang='lat' dir='ltr'><strong>in</strong></span> <span class='ocrx_word' id='word_1_443' title='bbox 1120 1823 1168 1854; x_wconf 90' lang='lat' dir='ltr'><strong>his</strong></span> <span class='ocrx_word' id='word_1_444' title='bbox 1193 1822 1304 1860; x_wconf 90' lang='lat' dir='ltr'><strong>libris,</strong></span> <span class='ocrx_word' id='word_1_445' title='bbox 1338 1822 1514 1854; x_wconf 82' lang='lat' dir='ltr'><strong>offensioni</strong></span> <span class='ocrx_word' id='word_1_446' title='bbox 1539 1833 1610 1854; x_wconf 87' lang='lat' dir='ltr'><strong>esse</strong></span> 
     </span>
     <span class='ocr_line' id='line_1_61' title="bbox 846 1867 1610 1909; baseline 0.001 -11"><span class='ocrx_word' id='word_1_447' title='bbox 846 1879 911 1898; x_wconf 88' lang='lat' dir='ltr'><strong>non</strong></span> <span class='ocrx_word' id='word_1_448' title='bbox 935 1868 1048 1909; x_wconf 86' lang='lat' dir='ltr'><strong>possit.</strong></span> <span class='ocrx_word' id='word_1_449' title='bbox 1097 1867 1195 1907; x_wconf 89' lang='lat' dir='ltr'><strong>Quod</strong></span> <span class='ocrx_word' id='word_1_450' title='bbox 1217 1875 1324 1898; x_wconf 89' lang='lat' dir='ltr'><strong>autem</strong></span> <span class='ocrx_word' id='word_1_451' title='bbox 1346 1867 1533 1899; x_wconf 56' lang='lat' dir='ltr'><strong>XVolfianae</strong></span> <span class='ocrx_word' id='word_1_452' title='bbox 1553 1867 1610 1899; x_wconf 90' lang='lat' dir='ltr'><strong>di—</strong></span> 
     </span>
     <span class='ocr_line' id='line_1_62' title="bbox 845 1912 1610 1955; baseline 0.001 -12"><span class='ocrx_word' id='word_1_453' title='bbox 845 1913 1012 1944; x_wconf 87' lang='lat' dir='ltr'><strong>stinctioni</strong></span> <span class='ocrx_word' id='word_1_454' title='bbox 1034 1924 1130 1955; x_wconf 85' lang='lat' dir='ltr'><strong>quam</strong></span> <span class='ocrx_word' id='word_1_455' title='bbox 1148 1912 1288 1943; x_wconf 84' lang='lat' dir='ltr'><strong>maxime</strong></span> <span class='ocrx_word' id='word_1_456' title='bbox 1309 1912 1431 1951; x_wconf 88' lang='lat' dir='ltr'><strong>obstat,</strong></span> <span class='ocrx_word' id='word_1_457' title='bbox 1455 1920 1505 1944; x_wconf 90' lang='lat' dir='ltr'><strong>est</strong></span> <span class='ocrx_word' id='word_1_458' title='bbox 1526 1924 1610 1944; x_wconf 82' lang='lat' dir='ltr'><strong>con-</strong></span> 
     </span>
     <span class='ocr_line' id='line_1_63' title="bbox 845 1957 1609 2001; baseline 0 -12"><span class='ocrx_word' id='word_1_459' title='bbox 845 1965 934 1989; x_wconf 85' lang='lat' dir='ltr'><strong>stans</strong></span> <span class='ocrx_word' id='word_1_460' title='bbox 961 1958 1127 1989; x_wconf 87' lang='lat' dir='ltr'><strong>Ciceronis</strong></span> <span class='ocrx_word' id='word_1_461' title='bbox 1160 1957 1290 1989; x_wconf 86' lang='lat' dir='ltr'><strong>dicendi</strong></span> <span class='ocrx_word' id='word_1_462' title='bbox 1323 1969 1418 1997; x_wconf 88' lang='lat' dir='ltr'><strong>usus,</strong></span> <span class='ocrx_word' id='word_1_463' title='bbox 1454 1969 1518 2001; x_wconf 93' lang='lat' dir='ltr'><strong>quo</strong></span> <span class='ocrx_word' id='word_1_464' title='bbox 1552 1958 1609 1990; x_wconf 89' lang='lat' dir='ltr'><strong>illa</strong></span> 
     </span>
     <span class='ocr_line' id='line_1_64' title="bbox 846 2002 1609 2046; baseline 0.001 -12"><span class='ocrx_word' id='word_1_465' title='bbox 846 2002 1005 2042; x_wconf 86' lang='lat' dir='ltr'><strong>formula,</strong></span> <span class='ocrx_word' id='word_1_466' title='bbox 1043 2015 1126 2046; x_wconf 87' lang='lat' dir='ltr'><strong>quae</strong></span> <span class='ocrx_word' id='word_1_467' title='bbox 1158 2010 1309 2034; x_wconf 88' lang='lat' dir='ltr'><strong>nostrae:</strong></span> <span class='ocrx_word' id='word_1_468' title='bbox 1351 2013 1439 2035; x_wconf 75' lang='lat' dir='ltr'><strong>werin</strong></span> <span class='ocrx_word' id='word_1_469' title='bbox 1471 2005 1534 2035; x_wconf 83' lang='lat' dir='ltr'><strong>sich</strong></span> <span class='ocrx_word' id='word_1_470' title='bbox 1559 2005 1609 2035; x_wconf 86' lang='lat' dir='ltr'><strong>die</strong></span> 
     </span>
     <span class='ocr_line' id='line_1_65' title="bbox 845 2047 1609 2091; baseline -0.001 -11"><span class='ocrx_word' id='word_1_471' title='bbox 845 2050 944 2080; x_wconf 82' lang='lat' dir='ltr'><strong>Sache</strong></span> <span class='ocrx_word' id='word_1_472' title='bbox 965 2059 997 2080; x_wconf 89' lang='lat' dir='ltr'><strong>so</strong></span> <span class='ocrx_word' id='word_1_473' title='bbox 1020 2050 1138 2080; x_wconf 73' lang='lat' dir='ltr'><strong>verhdlt</strong></span> <span class='ocrx_word' id='word_1_474' title='bbox 1161 2047 1359 2091; x_wconf 85' lang='lat' dir='ltr'><strong>respondet,</strong></span> <span class='ocrx_word' id='word_1_475' title='bbox 1388 2060 1453 2079; x_wconf 90' lang='lat' dir='ltr'><strong>non</strong></span> <span class='ocrx_word' id='word_1_476' title='bbox 1479 2051 1562 2088; x_wconf 83' lang='lat' dir='ltr'><strong>quod</strong></span> <span class='ocrx_word' id='word_1_477' title='bbox 1583 2051 1609 2080; x_wconf 87' lang='lat' dir='ltr'><strong>si</strong></span> 
     </span>
     <span class='ocr_line' id='line_1_66' title="bbox 844 2093 1607 2136; baseline -0.001 -11"><span class='ocrx_word' id='word_1_478' title='bbox 844 2098 885 2125; x_wconf 71' lang='lat' dir='ltr'><strong>est</strong></span> <span class='ocrx_word' id='word_1_479' title='bbox 909 2100 1044 2124; x_wconf 88' lang='lat' dir='ltr'><strong>notatur</strong></span> <span class='ocrx_word' id='word_1_480' title='bbox 1069 2096 1109 2136; x_wconf 81' lang='lat' dir='ltr'><strong>(c.</strong></span> <span class='ocrx_word' id='word_1_481' title='bbox 1133 2093 1183 2134; x_wconf 80' lang='lat'><strong>17,</strong></span> <span class='ocrx_word' id='word_1_482' title='bbox 1208 2094 1262 2125; x_wconf 77' lang='lat'><strong>50.</strong></span> <span class='ocrx_word' id='word_1_483' title='bbox 1292 2094 1350 2130; x_wconf 51' lang='lat'><strong>10⁸,</strong></span> <span class='ocrx_word' id='word_1_484' title='bbox 1376 2094 1429 2124; x_wconf 63' lang='lat'><strong>52.</strong></span> <span class='ocrx_word' id='word_1_485' title='bbox 1453 2093 1516 2124; x_wconf 90' lang='lat' dir='ltr'><strong>huc</strong></span> <span class='ocrx_word' id='word_1_486' title='bbox 1542 2104 1607 2124; x_wconf 89' lang='lat' dir='ltr'><strong>uon</strong></span> 
     </span>
     <span class='ocr_line' id='line_1_67' title="bbox 845 2137 1610 2180; baseline 0.001 -11"><span class='ocrx_word' id='word_1_487' title='bbox 845 2138 1032 2180; x_wconf 82' lang='lat' dir='ltr'><strong>pertinent,</strong></span> <span class='ocrx_word' id='word_1_488' title='bbox 1062 2150 1089 2169; x_wconf 89' lang='lat' dir='ltr'><strong>v.</strong></span> <span class='ocrx_word' id='word_1_489' title='bbox 1114 2138 1157 2170; x_wconf 89' lang='lat' dir='ltr'><strong>ibi</strong></span> <span class='ocrx_word' id='word_1_490' title='bbox 1179 2138 1290 2178; x_wconf 64' lang='lat' dir='ltr'><strong>adm),</strong></span> <span class='ocrx_word' id='word_1_491' title='bbox 1320 2137 1378 2169; x_wconf 92' lang='lat' dir='ltr'><strong>sed</strong></span> <span class='ocrx_word' id='word_1_492' title='bbox 1404 2139 1455 2169; x_wconf 92' lang='lat' dir='ltr'><strong>vel</strong></span> <span class='ocrx_word' id='word_1_493' title='bbox 1477 2140 1559 2178; x_wconf 81' lang='lat' dir='ltr'><strong>quod</strong></span> <span class='ocrx_word' id='word_1_494' title='bbox 1583 2140 1610 2170; x_wconf 86' lang='lat' dir='ltr'><strong>si</strong></span> 
     </span>
     <span class='ocr_line' id='line_1_68' title="bbox 843 2183 1609 2223; baseline -0.001 -8"><span class='ocrx_word' id='word_1_495' title='bbox 843 2186 904 2215; x_wconf 75' lang='lat' dir='ltr'><strong>ita</strong></span> <span class='ocrx_word' id='word_1_496' title='bbox 936 2187 998 2223; x_wconf 83' lang='lat' dir='ltr'><strong>est,</strong></span> <span class='ocrx_word' id='word_1_497' title='bbox 1034 2183 1087 2214; x_wconf 88' lang='lat' dir='ltr'><strong>vel</strong></span> <span class='ocrx_word' id='word_1_498' title='bbox 1120 2185 1161 2216; x_wconf 85' lang='lat' dir='ltr'><strong>id</strong></span> <span class='ocrx_word' id='word_1_499' title='bbox 1194 2186 1221 2215; x_wconf 85' lang='lat' dir='ltr'><strong>si</strong></span> <span class='ocrx_word' id='word_1_500' title='bbox 1242 2188 1305 2222; x_wconf 72' lang='lat' dir='ltr'><strong>est,</strong></span> <span class='ocrx_word' id='word_1_501' title='bbox 1342 2183 1393 2213; x_wconf 90' lang='lat' dir='ltr'><strong>vel</strong></span> <span class='ocrx_word' id='word_1_502' title='bbox 1417 2185 1459 2214; x_wconf 86' lang='lat' dir='ltr'><strong>id</strong></span> <span class='ocrx_word' id='word_1_503' title='bbox 1489 2186 1515 2214; x_wconf 86' lang='lat' dir='ltr'><strong>si</strong></span> <span class='ocrx_word' id='word_1_504' title='bbox 1548 2186 1609 2214; x_wconf 76' lang='lat' dir='ltr'><strong>ita</strong></span> 
     </span>
     <span class='ocr_line' id='line_1_69' title="bbox 844 2226 1607 2269; baseline -0.003 -9"><span class='ocrx_word' id='word_1_505' title='bbox 844 2233 904 2268; x_wconf 80' lang='lat' dir='ltr'><strong>est,</strong></span> <span class='ocrx_word' id='word_1_506' title='bbox 929 2229 978 2259; x_wconf 85' lang='lat' dir='ltr'><strong>vel</strong></span> <span class='ocrx_word' id='word_1_507' title='bbox 1002 2230 1084 2268; x_wconf 79' lang='lat' dir='ltr'><strong>quod</strong></span> <span class='ocrx_word' id='word_1_508' title='bbox 1107 2233 1138 2259; x_wconf 79' lang='lat' dir='ltr'><strong>ut</strong></span> <span class='ocrx_word' id='word_1_509' title='bbox 1162 2231 1224 2260; x_wconf 80' lang='lat' dir='ltr'><strong>ita</strong></span> <span class='ocrx_word' id='word_1_510' title='bbox 1248 2231 1285 2259; x_wconf 80' lang='lat' dir='ltr'><strong>sit</strong></span> <span class='ocrx_word' id='word_1_511' title='bbox 1310 2229 1347 2269; x_wconf 79' lang='lat' dir='ltr'><strong>(l.</strong></span> <span class='ocrx_word' id='word_1_512' title='bbox 1371 2228 1424 2265; x_wconf 74' lang='lat'><strong>21,</strong></span> <span class='ocrx_word' id='word_1_513' title='bbox 1448 2226 1531 2269; x_wconf 49' lang='lat'><strong>490,</strong></span> <span class='ocrx_word' id='word_1_514' title='bbox 1556 2227 1607 2259; x_wconf 90' lang='lat' dir='ltr'><strong>vel</strong></span> 
     </span>
     <span class='ocr_line' id='line_1_70' title="bbox 842 2272 1608 2315; baseline -0.001 -11"><span class='ocrx_word' id='word_1_515' title='bbox 842 2275 924 2313; x_wconf 80' lang='lat' dir='ltr'><strong>quod</strong></span> <span class='ocrx_word' id='word_1_516' title='bbox 949 2274 1053 2315; x_wconf 71' lang='lat' dir='ltr'><strong>(quae)</strong></span> <span class='ocrx_word' id='word_1_517' title='bbox 1086 2284 1182 2313; x_wconf 82' lang='lat' dir='ltr'><strong>quum</strong></span> <span class='ocrx_word' id='word_1_518' title='bbox 1208 2276 1272 2304; x_wconf 81' lang='lat' dir='ltr'><strong>ita</strong></span> <span class='ocrx_word' id='word_1_519' title='bbox 1304 2275 1341 2303; x_wconf 80' lang='lat' dir='ltr'><strong>sit</strong></span> <span class='ocrx_word' id='word_1_520' title='bbox 1376 2272 1473 2313; x_wconf 79' lang='lat' dir='ltr'><strong>(sint).</strong></span> <span class='ocrx_word' id='word_1_521' title='bbox 1521 2272 1608 2303; x_wconf 88' lang='lat' dir='ltr'><strong>For-</strong></span> 
     </span>
     <span class='ocr_line' id='line_1_71' title="bbox 843 2316 1605 2360; baseline -0.001 -11"><span class='ocrx_word' id='word_1_522' title='bbox 843 2318 929 2349; x_wconf 90' lang='lat' dir='ltr'><strong>mula</strong></span> <span class='ocrx_word' id='word_1_523' title='bbox 954 2318 1092 2360; x_wconf 83' lang='lat' dir='ltr'><strong>simplex</strong></span> <span class='ocrx_word' id='word_1_524' title='bbox 1121 2320 1202 2357; x_wconf 83' lang='lat' dir='ltr'><strong>quod</strong></span> <span class='ocrx_word' id='word_1_525' title='bbox 1222 2320 1249 2349; x_wconf 82' lang='lat' dir='ltr'><strong>si</strong></span> <span class='ocrx_word' id='word_1_526' title='bbox 1271 2321 1313 2349; x_wconf 74' lang='lat' dir='ltr'><strong>est</strong></span> <span class='ocrx_word' id='word_1_527' title='bbox 1341 2316 1442 2348; x_wconf 84' lang='lat' dir='ltr'><strong>vitata</strong></span> <span class='ocrx_word' id='word_1_528' title='bbox 1466 2316 1605 2355; x_wconf 73' lang='lat' dir='ltr'><strong>videtur,</strong></span> 
     </span>
     <span class='ocr_line' id='line_1_72' title="bbox 843 2361 1606 2402; baseline 0 -8"><span class='ocrx_word' id='word_1_529' title='bbox 843 2375 884 2394; x_wconf 85' lang='lat' dir='ltr'><strong>ne</strong></span> <span class='ocrx_word' id='word_1_530' title='bbox 915 2363 1014 2394; x_wconf 84' lang='lat' dir='ltr'><strong>verba</strong></span> <span class='ocrx_word' id='word_1_531' title='bbox 1047 2365 1130 2402; x_wconf 83' lang='lat' dir='ltr'><strong>quod</strong></span> <span class='ocrx_word' id='word_1_532' title='bbox 1161 2365 1188 2393; x_wconf 81' lang='lat' dir='ltr'><strong>si</strong></span> <span class='ocrx_word' id='word_1_533' title='bbox 1220 2361 1502 2393; x_wconf 85' lang='lat' dir='ltr'><strong>confunderentur</strong></span> <span class='ocrx_word' id='word_1_534' title='bbox 1534 2374 1606 2394; x_wconf 85' lang='lat' dir='ltr'><strong>cum</strong></span> 
     </span>
     <span class='ocr_line' id='line_1_73' title="bbox 843 2408 1217 2447; baseline -0.003 -7"><span class='ocrx_word' id='word_1_535' title='bbox 843 2408 1073 2440; x_wconf 85' lang='lat' dir='ltr'><strong>coniunctione</strong></span> <span class='ocrx_word' id='word_1_536' title='bbox 1097 2409 1217 2447; x_wconf 77' lang='lat' dir='ltr'><strong>quodsi.</strong></span> 
     </span>
    </p>

    <p class='ocr_par' dir='ltr' id='par_1_11' title="bbox 910 2451 1549 2494">
     <span class='ocr_line' id='line_1_74' title="bbox 910 2451 1549 2494; baseline 0.002 -10"><span class='ocrx_word' id='word_1_537' title='bbox 910 2463 948 2484; x_wconf 77' lang='lat' dir='ltr'><strong>ex</strong></span> <span class='ocrx_word' id='word_1_538' title='bbox 969 2453 1042 2493; x_wconf 70' lang='lat' dir='ltr'><strong>quo]</strong></span> <span class='ocrx_word' id='word_1_539' title='bbox 1070 2464 1150 2494; x_wconf 82' lang='lat' dir='ltr'><strong>pro:</strong></span> <span class='ocrx_word' id='word_1_540' title='bbox 1176 2455 1220 2483; x_wconf 77' lang='lat' dir='ltr'><strong>ila</strong></span> <span class='ocrx_word' id='word_1_541' title='bbox 1242 2455 1284 2483; x_wconf 75' lang='lat' dir='ltr'><strong>ut.</strong></span> <span class='ocrx_word' id='word_1_542' title='bbox 1336 2451 1386 2482; x_wconf 92' lang='lat' dir='ltr'><strong>Cf.</strong></span> <span class='ocrx_word' id='word_1_543' title='bbox 1411 2452 1473 2490; x_wconf 74' lang='lat'><strong>25,</strong></span> <span class='ocrx_word' id='word_1_544' title='bbox 1496 2452 1549 2485; x_wconf 80' lang='lat'><strong>70.</strong></span> 
     </span>
    </p>

    <p class='ocr_par' dir='ltr' id='par_1_12' title="bbox 842 2497 1605 2987">
     <span class='ocr_line' id='line_1_75' title="bbox 913 2497 1603 2540; baseline 0.001 -13"><span class='ocrx_word' id='word_1_545' title='bbox 913 2497 988 2527; x_wconf 73' lang='lat' dir='ltr'><strong>CAP.</strong></span> <span class='ocrx_word' id='word_1_546' title='bbox 1008 2498 1080 2527; x_wconf 72' lang='lat' dir='ltr'><strong>Vll.</strong></span> <span class='ocrx_word' id='word_1_547' title='bbox 1116 2499 1178 2528; x_wconf 86' lang='lat' dir='ltr'><strong>dici</strong></span> <span class='ocrx_word' id='word_1_548' title='bbox 1199 2508 1259 2528; x_wconf 76' lang='lat' dir='ltr'><strong>non</strong></span> <span class='ocrx_word' id='word_1_549' title='bbox 1277 2500 1394 2536; x_wconf 75' lang='lat' dir='ltr'><strong>potest,</strong></span> <span class='ocrx_word' id='word_1_550' title='bbox 1417 2497 1504 2540; x_wconf 81' lang='lat' dir='ltr'><strong>quin]</strong></span> <span class='ocrx_word' id='word_1_551' title='bbox 1532 2497 1603 2529; x_wconf 89' lang='lat' dir='ltr'><strong>Sic:</strong></span> 
     </span>
     <span class='ocr_line' id='line_1_76' title="bbox 842 2544 1605 2583; baseline 0.001 -9"><span class='ocrx_word' id='word_1_552' title='bbox 842 2553 902 2575; x_wconf 81' lang='lat' dir='ltr'><strong>non</strong></span> <span class='ocrx_word' id='word_1_553' title='bbox 925 2545 1044 2582; x_wconf 77' lang='lat' dir='ltr'><strong>iynoro,</strong></span> <span class='ocrx_word' id='word_1_554' title='bbox 1067 2545 1152 2582; x_wconf 79' lang='lat' dir='ltr'><strong>quin,</strong></span> <span class='ocrx_word' id='word_1_555' title='bbox 1176 2544 1284 2582; x_wconf 70' lang='lat' dir='ltr'><strong>negari</strong></span> <span class='ocrx_word' id='word_1_556' title='bbox 1305 2552 1366 2573; x_wconf 81' lang='lat' dir='ltr'><strong>non</strong></span> <span class='ocrx_word' id='word_1_557' title='bbox 1387 2546 1502 2582; x_wconf 80' lang='lat' dir='ltr'><strong>polest,</strong></span> <span class='ocrx_word' id='word_1_558' title='bbox 1529 2545 1605 2583; x_wconf 79' lang='lat' dir='ltr'><strong>quin</strong></span> 
     </span>
     <span class='ocr_line' id='line_1_77' title="bbox 843 2587 1603 2629; baseline 0.001 -11"><span class='ocrx_word' id='word_1_559' title='bbox 843 2588 972 2624; x_wconf 84' lang='lat' dir='ltr'><strong>dicitur,</strong></span> <span class='ocrx_word' id='word_1_560' title='bbox 1004 2598 1102 2629; x_wconf 91' lang='lat' dir='ltr'><strong>quum</strong></span> <span class='ocrx_word' id='word_1_561' title='bbox 1120 2598 1170 2617; x_wconf 88' lang='lat' dir='ltr'><strong>res</strong></span> <span class='ocrx_word' id='word_1_562' title='bbox 1190 2587 1380 2618; x_wconf 87' lang='lat' dir='ltr'><strong>dubitanter</strong></span> <span class='ocrx_word' id='word_1_563' title='bbox 1397 2587 1603 2625; x_wconf 57' lang='lat' dir='ltr'><strong>enuntiatum</strong></span> 
     </span>
     <span class='ocr_line' id='line_1_78' title="bbox 845 2631 1602 2675; baseline 0.001 -12"><span class='ocrx_word' id='word_1_564' title='bbox 845 2639 958 2664; x_wconf 89' lang='lat' dir='ltr'><strong>contra</strong></span> <span class='ocrx_word' id='word_1_565' title='bbox 980 2631 1181 2663; x_wconf 83' lang='lat' dir='ltr'><strong>accusativus</strong></span> <span class='ocrx_word' id='word_1_566' title='bbox 1203 2644 1219 2664; x_wconf 92' lang='lat' dir='ltr'><strong>c</strong></span> <span class='ocrx_word' id='word_1_567' title='bbox 1245 2631 1304 2663; x_wconf 84' lang='lat' dir='ltr'><strong>inf.</strong></span> <span class='ocrx_word' id='word_1_568' title='bbox 1327 2632 1481 2675; x_wconf 87' lang='lat' dir='ltr'><strong>sequitur,</strong></span> <span class='ocrx_word' id='word_1_569' title='bbox 1504 2644 1602 2675; x_wconf 89' lang='lat' dir='ltr'><strong>quum</strong></span> 
     </span>
     <span class='ocr_line' id='line_1_79' title="bbox 844 2676 1602 2714; baseline 0.001 -7"><span class='ocrx_word' id='word_1_570' title='bbox 844 2689 893 2714; x_wconf 70' lang='lat' dir='ltr'><strong>res</strong></span> <span class='ocrx_word' id='word_1_571' title='bbox 919 2683 974 2708; x_wconf 83' lang='lat' dir='ltr'><strong>aut</strong></span> <span class='ocrx_word' id='word_1_572' title='bbox 998 2688 1068 2708; x_wconf 90' lang='lat' dir='ltr'><strong>esse</strong></span> <span class='ocrx_word' id='word_1_573' title='bbox 1099 2684 1155 2708; x_wconf 86' lang='lat' dir='ltr'><strong>aut</strong></span> <span class='ocrx_word' id='word_1_574' title='bbox 1190 2676 1290 2708; x_wconf 87' lang='lat' dir='ltr'><strong>fuisse</strong></span> <span class='ocrx_word' id='word_1_575' title='bbox 1313 2684 1369 2708; x_wconf 86' lang='lat' dir='ltr'><strong>aut</strong></span> <span class='ocrx_word' id='word_1_576' title='bbox 1402 2677 1511 2708; x_wconf 81' lang='lat' dir='ltr'><strong>sutura</strong></span> <span class='ocrx_word' id='word_1_577' title='bbox 1533 2689 1602 2708; x_wconf 87' lang='lat' dir='ltr'><strong>esse</strong></span> 
     </span>
     <span class='ocr_line' id='line_1_80' title="bbox 843 2721 1601 2763; baseline -0.001 -11"><span class='ocrx_word' id='word_1_578' title='bbox 843 2721 1036 2763; x_wconf 83' lang='lat' dir='ltr'><strong>simpliciter</strong></span> <span class='ocrx_word' id='word_1_579' title='bbox 1068 2722 1264 2755; x_wconf 86' lang='lat' dir='ltr'><strong>enuntiatur.</strong></span> <span class='ocrx_word' id='word_1_580' title='bbox 1325 2722 1420 2754; x_wconf 82' lang='lat' dir='ltr'><strong>Plura</strong></span> <span class='ocrx_word' id='word_1_581' title='bbox 1453 2722 1601 2753; x_wconf 83' lang='lat' dir='ltr'><strong>dedimus</strong></span> 
     </span>
     <span class='ocr_line' id='line_1_81' title="bbox 844 2765 1602 2809; baseline -0.003 -11"><span class='ocrx_word' id='word_1_582' title='bbox 844 2768 877 2798; x_wconf 88' lang='lat' dir='ltr'><strong>in</strong></span> <span class='ocrx_word' id='word_1_583' title='bbox 901 2768 958 2798; x_wconf 89' lang='lat' dir='ltr'><strong>Gr.</strong></span> <span class='ocrx_word' id='word_1_584' title='bbox 981 2767 1018 2798; x_wconf 90' lang='lat' dir='ltr'><strong>L.</strong></span> <span class='ocrx_word' id='word_1_585' title='bbox 1045 2765 1167 2809; x_wconf 65' lang='lat' dir='ltr'><strong>§.l-13.</strong></span> <span class='ocrx_word' id='word_1_586' title='bbox 1191 2768 1270 2800; x_wconf 83' lang='lat' dir='ltr'><strong>Not.</strong></span> <span class='ocrx_word' id='word_1_587' title='bbox 1292 2767 1323 2801; x_wconf 82' lang='lat'><strong>3.</strong></span> <span class='ocrx_word' id='word_1_588' title='bbox 1371 2768 1413 2799; x_wconf 83' lang='lat' dir='ltr'><strong>cf.</strong></span> <span class='ocrx_word' id='word_1_589' title='bbox 1442 2770 1541 2799; x_wconf 79' lang='lat' dir='ltr'><strong>Olton.</strong></span> <span class='ocrx_word' id='word_1_590' title='bbox 1568 2773 1602 2797; x_wconf 87' lang='lat' dir='ltr'><strong>et</strong></span> 
     </span>
     <span class='ocr_line' id='line_1_82' title="bbox 846 2812 1601 2853; baseline -0.003 -10"><span class='ocrx_word' id='word_1_591' title='bbox 846 2814 984 2853; x_wconf 71' lang='lat' dir='ltr'><strong>Madvig.</strong></span> <span class='ocrx_word' id='word_1_592' title='bbox 1010 2812 1052 2844; x_wconf 86' lang='lat' dir='ltr'><strong>ad</strong></span> <span class='ocrx_word' id='word_1_593' title='bbox 1076 2812 1146 2844; x_wconf 90' lang='lat' dir='ltr'><strong>Fin.</strong></span> <span class='ocrx_word' id='word_1_594' title='bbox 1170 2814 1209 2845; x_wconf 92' lang='lat' dir='ltr'><strong>V.</strong></span> <span class='ocrx_word' id='word_1_595' title='bbox 1235 2814 1292 2847; x_wconf 87' lang='lat'><strong>11.</strong></span> <span class='ocrx_word' id='word_1_596' title='bbox 1318 2813 1370 2844; x_wconf 62' lang='lat'><strong>32.</strong></span> <span class='ocrx_word' id='word_1_597' title='bbox 1419 2813 1601 2843; x_wconf 83' lang='lat' dir='ltr'><strong>Ramshorn.</strong></span> 
     </span>
     <span class='ocr_line' id='line_1_83' title="bbox 845 2855 1601 2900; baseline -0.004 -12"><span class='ocrx_word' id='word_1_598' title='bbox 845 2857 884 2888; x_wconf 93' lang='lat' dir='ltr'><strong>L.</strong></span> <span class='ocrx_word' id='word_1_599' title='bbox 911 2857 967 2888; x_wconf 89' lang='lat' dir='ltr'><strong>Gr.</strong></span> <span class='ocrx_word' id='word_1_600' title='bbox 999 2858 1027 2900; x_wconf 60' lang='lat'><strong>55.</strong></span> <span class='ocrx_word' id='word_1_601' title='bbox 1048 2859 1119 2890; x_wconf 66' lang='lat' dir='ltr'><strong>lb&#39;O.</strong></span> <span class='ocrx_word' id='word_1_602' title='bbox 1140 2869 1171 2900; x_wconf 91' lang='lat' dir='ltr'><strong>p.</strong></span> <span class='ocrx_word' id='word_1_603' title='bbox 1192 2858 1267 2891; x_wconf 75' lang='lat'><strong>752.</strong></span> <span class='ocrx_word' id='word_1_604' title='bbox 1292 2857 1342 2889; x_wconf 83' lang='lat' dir='ltr'><strong>ed.</strong></span> <span class='ocrx_word' id='word_1_605' title='bbox 1366 2859 1396 2887; x_wconf 68' lang='lat'><strong>2.</strong></span> <span class='ocrx_word' id='word_1_606' title='bbox 1446 2856 1499 2886; x_wconf 79' lang='lat' dir='ltr'><strong>Sic</strong></span> <span class='ocrx_word' id='word_1_607' title='bbox 1523 2855 1554 2886; x_wconf 81' lang='lat' dir='ltr'><strong>h.</strong></span> <span class='ocrx_word' id='word_1_608' title='bbox 1580 2855 1601 2885; x_wconf 87' lang='lat' dir='ltr'><strong>l.</strong></span> 
     </span>
     <span class='ocr_line' id='line_1_84' title="bbox 845 2899 1602 2943; baseline -0.005 -9"><span class='ocrx_word' id='word_1_609' title='bbox 845 2904 907 2934; x_wconf 85' lang='lat' dir='ltr'><strong>dici</strong></span> <span class='ocrx_word' id='word_1_610' title='bbox 923 2914 984 2934; x_wconf 81' lang='lat' dir='ltr'><strong>non</strong></span> <span class='ocrx_word' id='word_1_611' title='bbox 999 2907 1106 2943; x_wconf 77' lang='lat' dir='ltr'><strong>potest,</strong></span> <span class='ocrx_word' id='word_1_612' title='bbox 1123 2905 1198 2943; x_wconf 78' lang='lat' dir='ltr'><strong>quin</strong></span> <span class='ocrx_word' id='word_1_613' title='bbox 1213 2902 1299 2933; x_wconf 85' lang='lat' dir='ltr'><strong>idem</strong></span> <span class='ocrx_word' id='word_1_614' title='bbox 1322 2902 1391 2932; x_wconf 71' lang='lat' dir='ltr'><strong>fere</strong></span> <span class='ocrx_word' id='word_1_615' title='bbox 1412 2907 1471 2933; x_wconf 76' lang='lat' dir='ltr'><strong>est.</strong></span> <span class='ocrx_word' id='word_1_616' title='bbox 1495 2899 1602 2942; x_wconf 88' lang='lat' dir='ltr'><strong>quod:</strong></span> 
     </span>
     <span class='ocr_line' id='line_1_85' title="bbox 845 2949 1310 2987; baseline -0.006 -8"><span class='ocrx_word' id='word_1_617' title='bbox 845 2949 982 2979; x_wconf 76' lang='lat' dir='ltr'><strong>dubitari</strong></span> <span class='ocrx_word' id='word_1_618' title='bbox 1002 2959 1064 2980; x_wconf 83' lang='lat' dir='ltr'><strong>non</strong></span> <span class='ocrx_word' id='word_1_619' title='bbox 1085 2952 1202 2987; x_wconf 78' lang='lat' dir='ltr'><strong>potest,</strong></span> <span class='ocrx_word' id='word_1_620' title='bbox 1227 2950 1310 2987; x_wconf 77' lang='lat' dir='ltr'><strong>quin.</strong></span> 
     </span>
    </p>

    <p class='ocr_par' dir='ltr' id='par_1_13' title="bbox 1174 2993 1273 3031">
     <span class='ocr_line' id='line_1_86' title="bbox 1174 2993 1273 3031; baseline 0 0"><span class='ocrx_word' id='word_1_621' title='bbox 1174 2999 1226 3031; x_wconf 74' lang='lat'><strong>‘26</strong></span> <span class='ocrx_word' id='word_1_622' title='bbox 1253 2993 1273 3014; x_wconf 80' lang='lat'>*</span> 
     </span>
    </p>
   </div>
  </div>
 </body>
</html>
