1832 3137
1545 81 1599 125 45

1228 170 1358 212 Annis
1380 173 1393 197 ¹
1433 172 1512 212 sere
1547 186 1600 212 nx

40 252 127 299 post
146 243 311 284 Romam
334 243 526 283 conditam
546 241 685 284 Livius
708 242 876 283 fabulam
898 244 1025 295 dedit,
1061 242 1109 285 C.
1135 242 1323 296 Claudio,
1359 242 1478 286 Caeci
1502 245 1595 296 lilio,

37 316 97 358 Μ.
125 316 323 358 Tuditano
349 316 597 367 consulibus,
630 329 733 356 anno
759 323 848 356 ante
873 324 1004 357 natum
1028 316 1214 360 Ennium.

39 398 154 442 natu,
188 405 300 445 quam
331 388 494 430 Plautus
530 397 568 430 et
596 387 792 430 Naevius.
810 391 848 440 2]

152 463 205 504 ΙΙ.
270 461 371 505 Sero
392 463 508 518 igitur
525 477 546 503 a
565 462 708 503 nostris
731 467 867 515 poetae
886 463 950 503 vel
969 465 1136 518 cogniti,
1171 465 1234 505 vel
1256 465 1419 520 recepti.
1466 464 1600 519 Quan-

38 552 149 593 quam
174 544 233 579 est
257 538 296 578 in
322 536 575 591 Originibus⁷
608 535 744 576 solitos
766 549 855 575 esse
877 535 915 576 in
940 536 1064 590 epulis
1088 551 1231 578 canere
1253 540 1440 580 convivas
1463 540 1507 580 ad
1531 540 1599 580 tibi

37 177 180 226 gnante
206 169 401 221 Romulo3
445 168 572 210 serius
605 169 794 224 poetieam
826 183 896 209 nos
930 170 1164 225 accepimns.

1278 318 1357 373 [qui
1384 318 1454 360 suit
1476 319 1600 359 maior

40 612 164 652 einen]
194 611 241 652 de
268 611 460 651 clarorum
490 607 685 649 hominum
711 608 944 660 virtutibus3
980 610 1168 650 honorem
1194 618 1323 651 tamen
1352 613 1439 652 huie
1463 613 1599 668 generi

0 0 8 510 Ι
650 90 817 122 Lmen
845 91 869 123 ι.
894 89 935 131 2,
961 90 993 123 3.

0 515 4 549 l

0 635 3 796 ζ
39 699 117 725 non
150 685 292 734 fuisse,
335 683 507 723 declarat
538 681 664 722 oratio
693 680 882 734 Catonis,
925 683 965 723 in
999 698 1073 738 qua
1098 683 1240 724 obiecit
1268 692 1308 725 ut
1332 686 1511 738 probrum
1535 685 1595 726 M.

129 813 142 845 1
171 813 225 845 Sic
246 812 332 846 Gud.
358 812 386 845 1.
410 811 519 844 Rehd.
548 813 639 845 Mon.
670 814 698 844 1.
725 816 808 857 Aug.
831 825 889 846 sex
912 815 983 846 Oxx
1008 820 1041 846 et
1064 814 1211 846 nonnull.
1239 814 1290 847 ed.
1313 821 1415 854 vett-3
1455 817 1508 847 Or.
1535 818 1598 848 An-

0 840 2 899 i
37 861 86 891 nis
109 862 236 897 enim,
260 870 366 902 neque
391 858 487 890 aliter
510 859 547 889 R.
574 870 626 902 ap.
649 860 741 891 W‘es.
790 858 812 891 2
836 871 866 892 v.
890 859 976 891 Adn.

0 939 2 958 l
35 928 90 959 der
119 926 236 958 verba:
273 929 325 966 qui
345 928 403 967 fuit
425 944 469 950 --
490 928 649 967 Naevius,
686 933 720 957 ut
742 926 797 958 in-
833 934 920 959 mum
954 939 972 959 a
1005 927 1208 970 glossatore,
1266 929 1320 972 qni
1353 929 1418 962 loci
1451 929 1530 961 dicti
1565 929 1598 961 in

0 1002 1 1006 ,
35 978 146 1014 eptum
171 971 343 1014 glossema,
366 971 464 1014 plane
487 972 794 1003 exterminaverunt.

36 1018 169 1049 Orellius
191 1028 261 1048 cum
276 1019 401 1049 Osanno
417 1015 508 1047 Anal.
526 1016 597 1047 crit.
622 1028 652 1059 p.
669 1014 714 1048 40
725 1028 796 1059 sqq.

35 1061 116 1093 nihil
136 1061 213 1093 loco
232 1061 430 1092 movendum
450 1060 596 1092 iudicans
614 1072 797 1103 pronomen

34 1109 86 1146 qui
111 1106 215 1138 refert
237 1106 279 1136 ad
300 1106 439 1143 Livium,
465 1112 501 1136 ut
523 1106 584 1136 sit:
609 1109 716 1145 isque,
740 1108 798 1137 Li—

34 1154 115 1190 vius,
139 1153 198 1191 fuit
220 1153 323 1182 maior
345 1154 421 1181 natu
444 1148 523 1187 etc..
545 1158 731 1192 monetque,
759 1162 799 1182 ne

35 1195 77 1227 de
100 1196 198 1238 gloss.
224 1195 424 1237 cogitemus,
462 1195 570 1226 facere
590 1206 715 1226 morem
742 1195 800 1226 Ci-

36 1241 173 1276 ceronis,
196 1251 260 1283 qno
275 1240 444 1271 doctrinae
459 1240 675 1271 ostentandae
689 1252 800 1271 caussa

34 1285 117 1317 alios
148 1282 196 1322 ὦς
220 1283 252 1318 ἐν
273 1281 434 1327 παρόδῳ,
473 1284 519 1315 uti
548 1284 581 1315 h.
605 1285 625 1315 l.
655 1285 798 1324 Accium,

35 1330 193 1371 castigare
215 1329 330 1360 soleat.
371 1329 492 1360 Osanni
515 1329 675 1361 rationem
699 1330 799 1361 etiam

33 1376 174 1407 Klotzius
209 1374 262 1417 (in
294 1373 428 1413 Add.),
479 1376 527 1405 Fr.
563 1376 730 1406 Schneider
765 1375 798 1405 in

35 1420 163 1462 epliem.
186 1419 287 1462 antiq.
313 1419 441 1462 discipl.
466 1418 563 1451 1834.
590 1431 621 1462 p.
640 1418 798 1463 1215sq„

34 1467 135 1497 Moser
166 1464 400 1507 probaverunt.
454 1465 524 1506 Ego
556 1475 634 1495 vero
661 1476 799 1507 persua-

34 1509 113 1541 dere
143 1509 221 1540 mihi
254 1521 319 1541 non
353 1520 507 1552 possum,
545 1509 645 1541 verba
679 1512 732 1550 qui
755 1530 799 1534 -—

32 1557 168 1587 Naevius
187 1566 204 1585 a
227 1554 393 1586 Ciceronis
415 1566 513 1585 manu
533 1554 685 1596 profecta
708 1567 796 1593 esse3

33 1599 173 1642 primum
202 1599 289 1630 enirn
323 1611 504 1642 pronomen
528 1599 622 1631 relat.
648 1611 709 1643 pro
735 1612 797 1632 na·-

35 1650 109 1675 tura
130 1655 186 1675 sua
208 1644 325 1675 referri
344 1644 443 1676 debet
455 1644 497 1675 ad
510 1656 629 1676 nornen
650 1646 798 1688 proxime

35 1688 243 1720 antecedens.
301 1689 518 1732 Reperiuntur
552 1690 684 1733 quidem
721 1691 796 1730 loci,

34 1733 67 1765 in
91 1733 206 1777 quibus
228 1736 281 1774 qui
313 1734 354 1766 ad
379 1734 534 1766 remotius
559 1747 678 1767 nomen
703 1736 797 1767 rese-

32 1778 170 1811 rendum
200 1785 267 1815 est3
307 1779 328 1811 ii
352 1786 459 1811 tamer.
487 1779 532 1811 ita
557 1787 633 1812 sunt
657 1782 797 1813 confor-

31 1823 132 1863 mati,
157 1830 203 1862 ut,
229 1835 293 1867 quo
314 1825 479 1867 pertineat
501 1837 684 1868 pronomen
707 1826 796 1857 rela—

33 1868 158 1910 tivum,
193 1869 366 1901 obscurum
391 1882 462 1901 esse
489 1882 555 1901 non
588 1871 704 1913 possit.
763 1870 796 1901 Si

30 1924 110 1946 vero
133 1916 187 1954 qui
209 1913 251 1945 ad
274 1917 409 1946 Ennium
433 1915 595 1952 refertur,
630 1927 702 1947 cum
729 1917 796 1946 Da-

30 1958 112 1990 visio
142 1958 352 1990 statuendum
378 1959 459 1997 erit,
499 1958 639 2002 σφάὶμα
666 1972 796 2002 μνημο-

30 2002 120 2037 νικὸν
142 2015 160 2034 a
181 2003 292 2035 Tullio
317 2015 388 2035 csse.
410 2005 636 2042 commissum3
664 2012 796 2037 constat

31 2048 139 2085 enim,
175 2048 337 2079 Naevium
360 2049 466 2080 Ennio
502 2049 658 2081 maiorem
694 2051 796 2081 fuisse

33 2094 78 2136 (v.
102 2092 202 2124 Indic.
228 2093 382 2135 histor.);
419 2101 453 2125 ut
486 2094 519 2126 id
552 2095 604 2126 vix
640 2095 796 2127 credibile

32 2145 101 2176 est,
136 2149 233 2180 quum
266 2138 336 2180 ipse
366 2139 480 2171 Cicero
512 2139 544 2170 in
570 2141 672 2173 Bruto
698 2140 793 2172 018.

30 2183 118 2215 hunc
138 2183 276 2214 eundem
299 2194 445 2216 errorem
467 2184 500 2216 in
522 2185 622 2217 Accio
653 2192 797 2217 notave-

31 2227 84 2259 rit.
131 2227 217 2267 Quid
237 2228 340 2259 vero'?
366 2229 392 2260 si
417 2230 643 2270 concedamus,
668 2234 721 2271 qui
740 2243 794 2262 re-

32 2272 206 2304 ferendum
228 2285 298 2304 esse
321 2284 386 2305 non
409 2274 451 2305 ad
476 2275 613 2307 Ennium
628 2302 634 2313 ‚
669 2276 727 2307 sed
753 2276 794 2307 ad

33 2317 173 2354 Livium,
187 2324 221 2348 ut
233 2324 419 2360 temporum
432 2319 516 2351 ratio
529 2327 669 2359 constet,
684 2333 795 2353 nonne

33 2360 122 2391 istud
155 2361 414 2394 additamentum
446 2364 589 2396 ieiunum
623 2366 720 2409 plane
745 2373 794 2397 est

35 2412 67 2437 et
88 2405 298 2447 languidum,
333 2406 398 2438 hoc
426 2407 579 2440 videlicet
608 2410 704 2450 loco,
740 2411 795 2443 ubi

33 2461 99 2482 non
121 2450 162 2481 de
184 2457 368 2493 temporum
387 2451 516 2483 ratione
536 2455 711 2495 quaeritur,
736 2456 795 2487 sed

32 2494 123 2539 quasi
156 2495 397 2538 praetereundo
428 2502 554 2528 tantum
588 2499 671 2530 Livii
705 2507 795 2532 aetas

33 2539 335 2573 commemoratur?
386 2542 500 2583 Longe
525 2542 587 2573 alia
613 2555 663 2575 res
687 2552 737 2576 est
762 2545 795 2576 in

31 2585 135 2617 Bruto
159 2585 180 2618 l.
203 2585 254 2621 d..
294 2585 347 2617 ubi
373 2585 414 2617 tle
441 2586 600 2619 industria
626 2595 659 2620 et
683 2589 796 2621 dedita

32 2641 134 2673 opera
155 2629 187 2662 in
211 2630 296 2662 Livii
317 2637 462 2663 aetatem
484 2631 668 2674 inquiritur.
716 2634 796 2673 Quis

31 2685 132 2717 porro
170 2675 359 2707 Ciceronem
394 2676 440 2708 ita
475 2677 659 2709 studiosum
696 2678 797 2710 fuisse

32 2726 128 2761 putet
147 2721 364 2752 ostentandae
380 2721 561 2760 doctrinae,
588 2729 633 2761 ut,
661 2730 796 2765 postea-

36 2774 130 2806 quam
153 2777 220 2797 rem
240 2765 305 2797 iam
326 2766 392 2798 alio
418 2767 491 2799 loco
512 2768 611 2800 docte
641 2780 796 2810 exprom-

34 2808 171 2850 psisset,
206 2811 345 2843 eandem
375 2812 464 2854 quasi
488 2820 654 2845 recoctam
679 2814 796 2845 iterum

35 2858 69 2884 et
88 2853 217 2896 quidem
237 2855 312 2887 loco
332 2856 447 2900 inepto
470 2857 646 2890 lectoribus
667 2871 796 2902 propo-

35 2907 114 2929 nere
134 2899 298 2932 voluerit?
332 2903 447 2945 Itaque
470 2903 622 2946 equidem
644 2915 710 2936 non
731 2904 796 2936 du-

34 2941 125 2984 bito,
151 2943 228 2986 quin
250 2945 367 2979 verba:
402 2950 456 2988 qui
477 2967 521 2974 —
544 2951 700 2990 Naevius,
722 2949 792 2994 pri-

833 973 935 1004 Bruto
960 984 1088 1004 memor
1112 980 1218 1013 esset,
1244 974 1285 1006 ad
1307 975 1488 1006 accuratius
1514 974 1600 1006 defi-

833 1017 986 1048 niendam
1002 1018 1083 1049 Livii
1101 1026 1244 1051 aetatem
1267 1020 1404 1062 margini
1422 1020 1599 1063 adscripta,

834 1069 948 1104 postea
979 1063 1086 1094 alieno
1117 1064 1193 1095 loco
1224 1064 1257 1095 in
1287 1065 1393 1107 ipsum
1424 1065 1599 1096 verborum

833 1107 983 1138 ordinem
1005 1107 1130 1139 adscita
1154 1109 1230 1140 sint.

903 1163 980 1194 CAP.
1009 1165 1046 1195 Π.
1081 1166 1113 1195 in
1139 1166 1331 1207 Oriyinibns]
1359 1167 1399 1197 M.
1415 1167 1519 1198 Porcii
1535 1168 1600 1197 Ca-

833 1211 929 1247 tonis,
956 1208 1030 1251 qui,
1054 1209 1099 1239 uti
1123 1210 1220 1240 Corn.
1243 1211 1356 1252 Nepos
1382 1210 1413 1241 in
1440 1210 1507 1241 eius
1533 1211 1599 1242 vila

836 1265 863 1284 c.
882 1254 936 1283 ΙΙΙ.
961 1260 1076 1284 auctor
1097 1260 1166 1293 est,
1202 1266 1301 1285 senex
1323 1255 1466 1286 scribere
1489 1255 1599 1287 histo—

834 1297 897 1328 rias
918 1297 1081 1336 instituit,
1107 1309 1243 1340 quarum
1265 1306 1343 1330 sunt
1363 1299 1437 1331 libri
1457 1307 1596 1343 septem.

833 1341 958 1373 Primus
984 1343 1132 1374 continet
1154 1355 1204 1374 res
1226 1351 1334 1386 gestas
1357 1357 1469 1387 regum
1492 1346 1525 1377 P.
1546 1347 1570 1376 R
1590 1370 1598 1383 ,

833 1388 995 1419 secundus
1019 1395 1052 1419 et
1073 1388 1209 1427 tertius⁷
1237 1389 1323 1421 unde
1345 1401 1492 1433 quaeque
1517 1390 1599 1421 civi—

833 1439 883 1463 tas
909 1440 980 1464 orta
1000 1433 1043 1464 sit
1068 1433 1190 1472 Italica,
1219 1434 1260 1465 ob
1282 1446 1378 1477 quam
1396 1447 1463 1467 rem
1485 1446 1598 1467 omnes

835 1480 978 1518 Origines
1001 1478 1132 1510 videtur
1156 1479 1341 1522 appellasse
1365 1487 1427 1512 etc.
1476 1481 1598 1524 Magna

834 1522 970 1555 Catonis
989 1523 1113 1567 scripta
1128 1524 1319 1556 laudatione
1341 1525 1472 1557 ornavit
1486 1526 1600 1558 Cicero

836 1569 922 1599 Brut.
949 1567 1043 1601 c.17.
1095 1569 1147 1600 Cf.
1172 1570 1261 1601 infra
1285 1572 1341 1602 IV.
1365 1569 1406 1609 2,
1431 1570 1464 1604 3.
1500 1578 1533 1603 et
1558 1571 1600 1602 de

834 1615 924 1644 Orat.
958 1615 990 1652 I,
1016 1613 1070 1646 53.
1118 1616 1157 1648 V.
1191 1616 1356 1658 Fragmm.
1390 1616 1525 1648 Catonis
1560 1628 1599 1648 ex

832 1670 898 1690 rec.
930 1662 1005 1691 Aus.
1032 1660 1176 1702 Popmae
1210 1673 1235 1692 c.
1270 1673 1344 1692 ann.
1381 1661 1449 1693 eius
1485 1669 1518 1693 et
1551 1663 1598 1694 Io.

831 1704 985 1744 Mem-sii,
1014 1705 1238 1737 Franeckerae
1264 1704 1368 1746 1620,
1393 1718 1424 1750 p.
1445 1704 1500 1738 29.

900 1763 931 1792 in
951 1764 1050 1800 epulis
1071 1764 1194 1803 canere}
1230 1762 1381 1794 Eiusdem
1403 1763 1448 1794 rei
1473 1763 1599 1795 mentio

832 1804 869 1836 fit
890 1805 979 1837 infra
1005 1807 1057 1838 IV.
1081 1806 1112 1843 2,
1135 1807 1167 1838 ὃ.
1194 1814 1227 1838 et
1254 1809 1341 1838 Brut.
1368 1805 1418 1846 19,
1441 1806 1496 1840 75.
1533 1811 1598 1840 Da-

832 1853 929 1881 visius
964 1850 1076 1882 laudat
1106 1851 1216 1882 Valer.
1249 1852 1381 1883 Maxim.
1409 1854 1448 1884 ll.
1477 1853 1515 1891 l,
1543 1852 1596 1885 10.

834 1894 972 1932 Quintil.
1000 1896 1024 1926 Ι.
1052 1895 1111 1931 10,
1137 1895 1190 1928 20.
1221 1903 1253 1927 et
1275 1895 1329 1928 31.
1378 1899 1516 1930 Varron.
1543 1909 1596 1941 ap.

832 1939 976 1970 Nonium
1011 1940 1043 1971 in
1080 1951 1162 1972 assa.
1224 1941 1315 1973 Adde
1349 1943 1390 1973 ‹le
1424 1944 1514 1974 Orat.
1541 1944 1597 1975 ΙΙΙ.

832 1983 885 2022 51,
914 1983 988 2016 197.
1023 1985 1064 2016 de
1087 1986 1189 2028 Legg.
1213 1988 1253 2018 11.
1272 1985 1325 2023 24.
1351 1986 1403 2020 62.
1423 1987 1502 2030 ibiq.
1527 1989 1597 2020 Da-

831 2029 890 2060 vis.
939 2030 1058 2062 Horat.
1084 2031 1190 2064 Carm.
1213 2033 1268 2063 IV.
1294 2032 1351 2067 15.
1378 2030 1431 2064 29.
1467 2040 1500 2064 et
1522 2036 1599 2065 Nie-

832 2077 918 2106 buhr.
944 2075 1039 2107 Rom.
1066 2076 1184 2108 Gesch.
1210 2078 1233 2109 Ι.
1259 2089 1290 2120 p.
1309 2075 1375 2110 268
1392 2090 1464 2121 sqq.
1490 2078 1541 2112 ed.
1563 2077 1597 2111 4.

898 2133 970 2164 huic
984 2133 1103 2174 generi]
1127 2134 1244 2164 poetas
1264 2133 1497 2176 intelligendos
1516 2146 1598 2173 esse,

832 2188 849 2208 e
872 2177 1084 2219 sequentibus
1104 2178 1212 2209 verbis
1235 2185 1336 2221 patet.
1373 2179 1426 2210 sio
1449 2191 1546 2211 mox:
1571 2179 1598 2211 si

831 2221 883 2265 qui
906 2222 1031 2264 magnis
1053 2222 1191 2265 ingeniis
1217 2223 1247 2255 in
1281 2236 1321 2255 eo
1345 2236 1466 2266 genere
1495 2225 1598 2256 exsti-

829 2273 951 2298 terunt.

899 2324 1020 2364 obiecit]
1047 2323 1095 2354 Ob
1117 2325 1278 2363 declarat,
1309 2324 1397 2366 quod
1419 2324 1596 2363 antecedit,

830 2370 983 2399 Bentleius
996 2367 1169 2409 legendum
1185 2368 1344 2399 coniecit:
1370 2372 1482 2401 obiicit.
1520 2371 1597 2401 Fru-

830 2419 907 2445 stra.
959 2413 1074 2443 Cicero
1099 2412 1186 2443 enim
1211 2413 1352 2455 primum
1372 2414 1504 2458 quidem
1528 2427 1597 2447 rem

832 2458 955 2489 factam
977 2464 1214 2489 commemorat
1231 2465 1267 2490 ut
1286 2466 1503 2502 praesentem,
1526 2466 1597 2492 tum

832 2502 955 2532 veroin
970 2502 1174 2534 accuratiore
1187 2503 1254 2534 eius
1268 2504 1473 2548 expositione
1487 2512 1597 2537 mente

831 2546 918 2578 redit
939 2545 980 2576 ad
1004 2546 1085 2577 illud
1107 2547 1212 2590 ipsum
1237 2555 1384 2593 tempus,
1421 2561 1486 2592 quo
1513 2551 1596 2582 Cato

831 2591 921 2622 illam
954 2602 1023 2622 rem
1058 2593 1103 2623 M.
1133 2593 1296 2626 Nobiliori
1336 2598 1452 2627 obiecit.
1512 2596 1597 2627 HInc

832 2635 979 2679 sequitur
1001 2638 1158 2678 duxisset,
1192 2650 1258 2671 non
1283 2641 1416 2672 duxerit.
1472 2642 1509 2672 In
1540 2652 1597 2672 se-

832 2680 1005 2724 quentibus
1027 2682 1133 2714 verbis
1159 2683 1293 2726 pluralis
1317 2696 1468 2717 numerus
1491 2690 1598 2725 poetas

831 2737 897 2758 non
921 2726 1032 2758 est'ad
1055 2726 1165 2760 vivum
1186 2730 1393 2762 resecandus.
1429 2731 1597 2773 Scriptura

834 2770 878 2813 (in
911 2771 986 2803 edd.
1007 2772 1105 2805 Vind.
1132 2780 1166 2804 et
1189 2775 1297 2816 Rom.)
1329 2779 1455 2815 poelam
1489 2775 1597 2806 ieiuna

831 2822 881 2847 est
904 2822 1002 2859 atque
1026 2817 1169 2850 inficeta.
1203 2819 1340 2851 Pluralis
1366 2831 1518 2851 numerus
1541 2819 1594 2850 in-

829 2861 957 2894 vidiose
982 2862 1107 2905 positus
1130 2870 1198 2902 est,
1234 2865 1281 2896 uti
1306 2876 1380 2895 vere
1404 2864 1504 2896 docet
1524 2866 1595 2896 Mo-

829 2915 896 2946 ser,
925 2906 1005 2984 goll.
1030 2908 1066 2940 C.
1126 2910 1222 2942 Beier.
1253 2909 1295 2941 ad
1326 2910 1361 2941 C.
1395 2920 1445 2951 pr.
1481 2910 1592 2942 Scaur.

829 2962 862 2994 p.
883 2951 924 2984 15
960 2963 1009 2996 sq.
