1832 3137
1527 49 1604 91 139

50 162 184 216 ipsos4
202 190 213 210 ,
255 163 440 212 quantum
468 153 683 209 potuimus,
727 149 917 191 consolati
945 159 1091 188 sumus.
1154 144 1191 184 A
1217 142 1328 184 malis
1359 140 1477 194 igitur
1498 151 1604 179 mors

637 72 796 105 LIBER
824 73 847 103 Ι.
872 68 934 109 34,
961 68 1013 101 54,

51 232 227 281 abducit,
262 244 340 270 non
365 242 386 269 a
410 227 544 278 bonis,
577 239 714 266 verum
737 223 771 264 si
794 222 1031 276 quaerimus.
1093 217 1146 258 Et
1166 217 1318 272 quidem
1344 215 1449 255 hocf»
1476 226 1497 252 a
1525 209 1605 266 Cy-

49 306 207 348 renaico
235 302 408 357 Hegesia
434 301 490 341 sic
517 300 674 354 copiose
699 297 929 350 disputatur,
964 300 1005 333 ut
1028 293 1060 333 is
1088 306 1108 331 a
1136 304 1228 345 rege
1256 287 1482 329 Ptolemaeo
1516 298 1605 339 pro-

49 380 192 420 hibitus
220 390 308 418 esse
333 375 484 416 dicatur
513 374 577 414 illa
603 373 641 412 in
667 369 809 411 scholis
836 367 990 416 dicere,
1034 365 1132 418 quod
1152 368 1168 390 ⁶
1195 362 1329 412 multi,
1372 360 1421 400 iis
1447 356 1603 406 auditis,

50 459 212 493 mortem
239 450 311 491 sibi
348 449 422 503 ipsi
455 447 761 487 consciscerent.
823 446 893 481 84.
929 438 1156 479 Callimachi
1193 436 1345 490 quidem
1373 433 1609 488 epigramma

50 526 89 566 in
112 523 406 565 Ambraciotam
434 519 727 562 Cleombrotum
750 521 830 555 est:
865 525 977 567 quem
997 511 1072 560 ait,
1106 524 1221 563 quum
1243 510 1276 549 ei
1298 507 1422 549 nihil⁷
1446 505 1609 546 accidis·

50 606 112 640 set
132 597 311 647 adversi,
346 610 366 636 e
386 608 495 635 muro
516 607 558 633 se
580 592 619 632 in
640 602 747 630 mare
771 586 963 627 abiecisse
978 616 988 635 ,
1022 585 1122 623 lecto
1140 581 1317 622 Platonis
1336 581 1451 620 libro.
1512 578 1611 618 Eius

51 678 179 713 autem
196 702 206 721 ,
240 683 351 724 quem
375 668 480 716 dixi,
515 664 710 719 Hegesiae
735 661 834 702 liber
855 665 940 708 est,
970 654 1268 708 Ἀποκαρτερῶν
1285 685 1294 702 ,
1328 653 1426 706 quod
1444 655 1461 678 ⁸
1489 666 1512 690 a
1533 652 1612 691 vita

53 745 204 799 quidam
235 757 304 797 per
330 740 499 781 inediam
532 737 736 778 discedens
764 739 975 774 revocatur
1005 730 1052 770 ab
1088 728 1244 778 amicis,
1288 725 1427 780 quibus
1450 737 1613 777 respon-

53 818 149 858 dens
172 817 276 857 vitae
299 815 489 854 humanae
516 815 720 851 enumerat
738 805 996 848 incommoda.
1061 801 1224 843 Possem
1250 800 1287 840 id
1307 803 1324 826 ‘³
1351 799 1506 848 facere,
1541 795 1612 835 etsi

53 890 203 941 minus,
238 902 350 942 quam
374 886 438 926 ille
456 917 466 936 ,
501 884 563 938 qui
590 882 746 923 omnino
769 880 907 920 vivere
932 877 1118 932 expedire
1142 873 1286 915 nemini
1313 877 1435 927 putat.
1498 867 1616 909 Mitto

54 963 176 1004 alios:
211 962 380 1002 etiamne
405 958 515 999 nobis
541 955 729 1011 expedit?
763 953 825 1008 qui
842 985 853 1004 ,
897 959 937 992 et
957 949 1179 991 domesticis
1203 955 1240 988 et
1263 944 1485 987 forensibus
1514 943 1617 983 sola-

146 1069 167 1101 4
193 1070 234 1099 Ι).
257 1068 298 1099 de
324 1066 431 1098 Bentl.
459 1064 544 1096 coni.
566 1067 679 1095 „osmer
704 1063 801 1101 ipsi.
850 1059 956 1093 Male:
982 1070 1013 1089 v.
1041 1057 1126 1090 Adn.
1148 1055 1181 1086 in
1207 1053 1310 1093 030,
1335 1051 1390 1085 73.
1439 1052 1459 1083 5
1485 1051 1537 1081 Sic
1563 1052 1617 1081 Or.

59 1128 86 1147 c.
110 1114 259 1146 omnibus
285 1111 390 1143 Bentl.
418 1110 516 1142 codd.
540 1120 604 1139 uno
628 1107 701 1138 cod.
723 1105 838 1137 Lamb.
862 1104 975 1135 Duish.
1001 1102 1129 1136 stolon..
1157 1099 1340 1141 eodemque
1363 1097 1486 1128 ducunt
1510 1095 1560 1129 Ρι.,
1586 1094 1619 1124 in

59 1172 123 1203 quo
145 1166 195 1190 est
217 1159 361 1197 ecquideo
384 1158 459 1194 hoc,
486 1154 571 1185 Gud.
592 1152 633 1191 1.,
657 1152 689 1182 in
713 1162 777 1193 quo
799 1151 952 1189 ecquidem
974 1150 1038 1186 hoc,
1065 1146 1151 1177 Gud.
1176 1146 1228 1183 IL,
1253 1144 1286 1175 in
1308 1154 1372 1185 quo
1393 1144 1532 1182 equidem
1555 1142 1620 1171 hoc.

58 1205 166 1246 Vulgo
194 1206 257 1235 Hoc
284 1203 427 1241 quidem,
453 1199 573 1231 omisso
596 1201 633 1228 ci.
680 1193 701 1226 6
728 1197 788 1226 Pro
810 1205 869 1234 quo
893 1194 978 1224 Gud.
1006 1192 1035 1223 1.
1063 1191 1148 1221 Gud.
1171 1191 1209 1221 ΙΙ.
1234 1187 1448 1229 nonnullique
1471 1184 1621 1216 deterio-

60 1262 111 1282 rcs
138 1248 234 1280 codd.
259 1247 402 1288 itemque
426 1244 548 1275 multae
572 1242 647 1272 edd.
670 1246 752 1271 vett.
779 1239 904 1270 habent
925 1249 1003 1277 quo:
1032 1236 1118 1267 unde
1144 1234 1218 1265 Gul.
1244 1233 1328 1264 coni.
1353 1242 1463 1272 quom:
1489 1236 1522 1261 at
1547 1240 1622 1260 sae—

62 1295 132 1337 pius
166 1294 248 1334 quod
275 1298 305 1322 et
336 1301 395 1330 quo
418 1289 450 1320 in
473 1287 568 1320 codd.
595 1284 852 1317 confunduntur.
910 1281 930 1314 7
956 1283 1010 1313 Sic
1033 1284 1087 1312 Or.
1116 1292 1142 1311 c.
1168 1280 1206 1310 R.
1232 1277 1318 1309 Gud.
1344 1276 1373 1308 1.
1400 1275 1536 1317 aliisque
1559 1284 1622 1316 pro

61 1339 149 1381 vulg.
174 1339 250 1369 nihil
274 1339 310 1367 ei.
357 1338 379 1367 ὅ
404 1335 488 1365 Mos.
515 1344 531 1362 e
557 1331 642 1363 coni.
665 1328 770 1360 Bentl.
796 1331 828 1360 in
851 1338 910 1367 quo
936 1329 1010 1369 (pro
1033 1326 1150 1366 quod).-
1187 1334 1282 1365 quam
1309 1321 1393 1353 coni.
1419 1321 1520 1351 etiam
1546 1321 1622 1350 Ii'es.

62 1385 133 1415 Em.
160 1384 183 1414 Ι.
206 1392 238 1423 p.
264 1380 292 1411 1.
316 1380 349 1410 in
373 1385 453 1410 nota
473 1376 612 1419 probat,
650 1374 724 1417 quia
749 1384 893 1404 caussam
918 1370 1141 1413 inscriptionis
1165 1367 1276 1400 afferri
1299 1366 1389 1398 nullo
1415 1365 1516 1396 modo
1541 1375 1624 1395 con-

60 1428 181 1460 veniat.
230 1424 437 1456 Antecedens
459 1435 474 1456 ν
495 1421 592 1452 facile
613 1419 790 1451 absorbere
814 1417 925 1460 potuit
946 1419 999 1448 in:
1035 1427 1099 1457 quo
1123 1415 1232 1452 facto,
1258 1423 1317 1452 quo
1337 1416 1499 1442 mutatum
1521 1415 1571 1440 est
1592 1407 1624 1438 in

61 1475 154 1513 quod.
204 1471 255 1501 Cf.
276 1471 314 1501 V.
341 1471 409 1501 Ser.
437 1468 465 1510 §.
490 1466 546 1499 ὃὸ.
592 1464 614 1497 9
640 1467 694 1495 Or.
718 1463 759 1494 de
784 1462 868 1494 coni.
890 1463 968 1493 Ern.
992 1463 1073 1492 idem
1095 1471 1156 1502 pro
1177 1460 1222 1490 id.

63 1540 104 1572 ad
116 1539 225 1572 Divin.
246 1539 288 1569 II.
312 1534 411 1576 4212.
440 1538 577 1568 Oiionem
602 1532 644 1564 ad
668 1533 708 1563 Il.
726 1530 757 1569 5,
777 1530 828 1562 15.

64 1598 96 1628 p.
119 1584 174 1617 93.
223 1584 408 1615 Ramshorn.
432 1582 508 1612 Lat.
537 1580 682 1610 Gramm.
707 1577 735 1619 (Β.
755 1574 827 1608 182.

65 1632 201 1662 Kiihner.
226 1629 265 1659 L.
293 1628 352 1658 Gr.
380 1623 497 1669 §.142
522 1624 602 1656 Not.
622 1621 672 1655 16.

137 1689 208 1717 Vere
224 1688 249 1716 ei
272 1686 337 1715 iure
354 1681 496 1723 possum]
523 1681 561 1711 V.
579 1678 620 1710 ad
639 1680 678 1709 Π.
706 1676 754 1716 19,
773 1673 828 1709 45.

133 1745 165 1773 in
190 1751 223 1772 eo
249 1739 338 1782 libro]
377 1737 431 1781 qni
455 1735 630 1777 inscriptus
656 1740 726 1765 erat
752 1734 831 1765 Con-

68 1789 195 1819 solatio:
220 1785 260 1816 de
285 1795 350 1826 qno
375 1794 473 1825 supra
497 1781 539 1813 ad
565 1793 592 1812 c.
611 1778 666 1818 26,
692 1778 745 1811 65.

134 1852 240 1874 verum
258 1843 283 1872 si
297 1838 489 1881 quaerimus]
518 1837 606 1868 [nfra
632 1848 658 1866 c.
672 1833 727 1871 127,
750 1832 830 1865 112:

69 1899 180 1919 verum
196 1886 221 1917 si
238 1885 327 1928 loqui
340 1884 500 1916 volumus.
525 1879 617 1918 042,
639 1880 716 1911 100:
744 1888 832 1909 mors

68 1933 95 1964 si
121 1939 170 1963 est
195 1931 324 1962 misera.
370 1930 410 1961 V.
435 1927 477 1959 ad
502 1928 541 1960 Il.
567 1925 599 1963 4,
629 1925 679 1956 12.

138 1999 157 2019 a
185 1988 353 2026 Cyrenaico
377 1984 523 2024 Hegesia]
561 1981 672 2012 Valer.
697 1977 831 2010 Maxim.

69 2034 142 2066 Vll.
159 2032 192 2070 9,
207 2034 228 2064 :5
242 2043 248 2061 ε
275 2029 456 2072 „Hegesias
471 2026 667 2070 Cyrenaicus
684 2024 731 2056 sic
749 2022 834 2055 mala

70 2078 158 2109 vitae
182 2074 471 2118 repraesentabat,
508 2079 562 2110 ut,
596 2081 708 2102 eorum
732 2068 834 2100 mise-

70 2122 173 2155 randa
189 2120 330 2162 imagine
350 2117 552 2150 audientium
573 2114 762 2159 pectoribus
780 2113 835 2144 in—

72 2174 182 2205 serta,
218 2165 330 2196 multis
355 2162 560 2195 voluntariae
585 2159 700 2192 mortis
725 2170 833 2201 oppe-

73 2212 193 2244 tendae
218 2209 431 2253 cupiditatem
465 2208 685 2250 ingenerarct.
734 2204 837 2235 Ideo-

73 2269 135 2300 que
161 2269 178 2288 a
200 2267 277 2297 rege
296 2253 488 2286 Ptolemaeo
513 2252 646 2283 ulterius
661 2250 724 2282 hac
739 2249 781 2280 de
801 2260 837 2280 re

74 2302 234 2333 disserere
261 2298 442 2342 prohibitus
478 2301 561 2328 est.“
608 2295 695 2326 Hinc
727 2305 837 2327 πεισι-

76 2345 218 2381 ἱῑάνατος
235 2344 340 2375 dictus
365 2349 425 2373 est.
473 2343 513 2372 V.
536 2343 685 2372 Davisius
707 2339 749 2370 ad
764 2339 797 2370 h.
814 2338 836 2369 l.

77 2396 110 2421 et
121 2393 326 2422 Tennemann.
344 2385 520 2418 Grundriss
533 2385 697 2415 ‹1.Gesch.
712 2384 743 2414 d.
758 2383 839 2415 Phil.

77 2436 105 2477 ᾗ.
131 2435 202 2466 Γλὸ.
238 2444 272 2475 p.
295 2432 349 2465 90.
375 2437 409 2462 et
433 2429 552 2461 Gesch.
577 2429 608 2459 d.
634 2428 716 2460 Phil.
740 2429 781 2460 T.
799 2429 839 2459 11.

77 2492 110 2522 p.
131 2479 195 2512 130
207 2488 256 2520 sq.

147 2526 174 2561 ὃ.
188 2521 241 2555 effi..
268 2521 452 2553 Callimachi
475 2516 685 2560 epigramma]
710 2518 770 2548 Est
789 2528 841 2560 ep.

78 2569 204 2601 XXIV.
229 2567 279 2598 his
303 2565 431 2597 verbis:

125 2607 361 2654 Eams‘Hioe
381 2613 490 2654 χαῖρε,
505 2606 744 2651 Κλεόμβροτος
765 2603 846 2648 ω’μ-

557 2651 750 2697 βρακιώτης

159 2698 288 2735 ‘'Hirci-[³
314 2697 373 2744 ἀφ’
399 2697 531 2742 ὑψηλοῦ
563 2697 689 2741 τείχεος
722 2695 770 2733 εἰς
793 2691 845 2729 ἀΐ-

559 2745 619 2784 δην

119 2789 232 2832 ’Ἄξιον
257 2787 352 2825 οὐδὲν
378 2788 457 2825 ἰδών
478 2787 621 2822 &avaron
646 2785 762 2825 κακόν,
788 2781 845 2818 ἅλ-

558 2831 599 2866 λά
624 2831 808 2868 Πλάτωνος

163 2877 231 2914 “Ev
263 2879 301 2915 τὸ
338 2879 414 2924 περὶ
438 2873 704 2958 ψυχῆςξῖράμῷ
730 2872 846 2910 ἀναλε-

563 2933 706 2965 ,αμενοᾳ

863 1531 987 1562 Lucem
1011 1534 1126 1559 nostro
1151 1527 1228 1559 loco
1256 1524 1399 1557 affundit
1423 1523 1561 1554 Nonnus
1585 1520 1627 1552 ad

866 1573 1017 1617 Gregorii
1034 1570 1233 1604 Nazianzeni
1245 1570 1351 1602 Stelit.
1375 1571 1398 1601 I.
1416 1567 1473 1601 16:
1492 1565 1627 1608 Κλεόμ-

867 1623 980 1665 βροτος
1003 1615 1266 1661 Ἀμβρακιώτης
1291 1612 1433 1658 ἐντυχών
1462 1614 1510 1655 τῷ
1537 1611 1628 1644 Φαί-

866 1668 964 1703 δωνι,
992 1665 1039 1707 τῷ
1066 1662 1141 1703 περὶ
1166 1663 1281 1705 ψυχῆς
1305 1658 1453 1701 διαλόγῳ
1479 1655 1628 1690 Πλάτω-

865 1722 930 1751 νος,
953 1708 1011 1742 καὶ
1032 1707 1162 1750 primu,
1185 1704 1232 1744 ὥς
1255 1702 1389 1747 ἄμεινόν
1413 1703 1484 1736 ἐστι
1500 1703 1541 1744 τῇ
1561 1703 1628 1741 ῲυ-

866 1757 910 1798 χῇ
948 1752 965 1788 ὁ
1002 1751 1175 1797 χωρ’-σμὸς
1202 1752 1259 1784 τοῦ
1287 1749 1461 1791 σώματος,
1498 1746 1629 1788 ἔῤῥιῴεν

866 1798 983 1833 ἑαυτὸν
1017 1795 1082 1831 rix&
1119 1799 1175 1830 τοῦ
1210 1795 1338 1838 τείχεος
1376 1792 1434 1826 καὶ
1457 1791 1630 1832 τέὲνηκεν.

866 1846 906 1876 V.
928 1846 1113 1881 Davisium,
1139 1841 1193 1883 qui
1219 1846 1367 1871 nostrum
1397 1837 1505 1868 locum
1532 1835 1631 1865 docte

864 1889 1029 1920 illustrare
1050 1886 1186 1917 studuit.
1224 1884 1275 1915 Cf.
1289 1885 1475 1915 Slalibaum.
1492 1880 1533 1912 ad
1547 1879 1630 1911 Plat.

867 1933 1034 1966 Phaedon.
1059 1944 1091 1974 p.
1110 1930 1164 1963 59.
1194 1930 1228 1962 C.

934 1974 1205 2018 Ἀποκαρτερώῆ
1241 1974 1316 2005 Hoc
1339 1971 1502 2004 vocabulo
1527 1969 1632 2011 signi-

868 2023 984 2055 ficatur
1007 2022 1055 2059 is,
1093 2021 1146 2063 qui
1173 2020 1246 2051 cibo
1271 2017 1435 2054 abstinet,
1459 2021 1495 2047 ut
1519 2028 1537 2047 a
1566 2014 1633 2045 vita

869 2080 928 2111 per
948 2067 1091 2099 inediam
1112 2064 1271 2097 discedat.
1313 2064 1362 2094 De
1384 2062 1449 2093 hoc
1472 2073 1503 2093 v,
1524 2062 1633 2092 Came-

868 2115 974 2146 rarius
999 2117 1168 2153 comparat
1192 2107 1357 2141 Plutarch.
1388 2105 1504 2138 Pericl.
1531 2116 1558 2136 c.
1582 2104 1632 2137 15.

871 2160 985 2202 Symp.
1010 2169 1043 2199 p.
1061 2155 1138 2189 5:556.

939 2205 1063 2235 Possem
1087 2202 1119 2232 id
1141 2199 1255 2242 facere]
1282 2204 1316 2230 at
1335 2197 1426 2229 nolo.
1462 2197 1502 2226 V.
1517 2194 1635 2226 Adno-

870 2254 940 2280 tata
958 2247 992 2278 in
1016 2259 1042 2278 c.
1058 2245 1111 2281 ¹37,
1126 2245 1168 2278 67
1182 2256 1188 2274 z
1208 2254 1286 2284 quae
1302 2245 1411 2275 habere
1426 2243 1544 2273 vellem.
1571 2241 1635 2269 Su—

871 2305 931 2336 pra
953 2291 1058 2334 §.83:
1084 2301 1161 2321 vere
1185 2296 1218 2319 et
1236 2289 1305 2319 iure
1325 2296 1462 2327 possum,
1485 2285 1559 2316 h.e.
1582 2282 1636 2313 sa—

874 2349 947 2370 cere
981 2346 1134 2379 possum,
1175 2333 1373 2373 simulatque
1397 2330 1554 2366 voluero,
1590 2326 1637 2357 uti

875 2381 1027 2424 exposuit
1049 2382 1189 2411 Orellius.
1226 2378 1266 2409 V.
1289 2377 1331 2407 ad
1351 2377 1391 2406 Il.
1416 2374 1466 2411 19,
1483 2371 1538 2405 45.
1573 2373 1636 2403 Pro

875 2425 1085 2459 coniunctivo
1106 2432 1225 2462 possem
1246 2421 1350 2452 multo
1366 2417 1571 2461 frequentior
1589 2422 1638 2447 est

874 2469 1071 2503 indicativus
1095 2471 1245 2506 poleram.
1291 2467 1331 2497 V.
1359 2464 1401 2496 ad
1427 2464 1482 2494 Ill.
1510 2460 1551 2500 4,
1575 2461 1607 2494 7.

943 2514 1116 2546 domesticis
1150 2515 1175 2542 ei
1211 2512 1381 2551 forensibus
1404 2510 1522 2541 solatiis
1546 2516 1639 2539 orna-

875 2557 1057 2600 mentisque]
1092 2558 1271 2588 Domeslicis
1292 2560 1421 2598 spectat
1445 2552 1487 2584 ad
1510 2554 1640 2590 solatiis,

878 2605 1047 2645 forensibus
1063 2601 1104 2632 ad
1118 2603 1313 2632 ornamentis.
1341 2600 1486 2631 Alterum
1501 2596 1640 2629 adTul-

880 2649 943 2680 liae
965 2653 1126 2684 mortem,
1165 2645 1304 2677 alterum
1339 2645 1381 2676 ad
1406 2643 1487 2675 illud
1511 2650 1641 2684 tempus

880 2692 1091 2725 referendum
1111 2697 1170 2731 est,
1196 2702 1272 2733 quo,
1294 2689 1462 2732 republica
1483 2699 1542 2730 per
1555 2687 1641 2718 Cae-

880 2749 984 2770 sarem
1001 2747 1168 2780 oppressa,
1197 2735 1348 2768 Ciceroni
1367 2733 1471 2766 omnis
1487 2732 1641 2773 adempta

882 2789 952 2815 erat
975 2781 1116 2814 civitatis
1137 2780 1369 2824 gubernandae
1391 2784 1550 2822 potestas.
1590 2774 1641 2804 Cs.

881 2827 923 2860 ad
943 2828 1032 2859 Fam.
1050 2827 1090 2865 V,
1111 2827 1168 2858 15:
1195 2825 1284 2869 qnod
1305 2825 1391 2857 enim
1415 2823 1495 2854 mihi
1511 2824 1641 2863 poterat·

881 2884 950 2905 esse
985 2871 1171 2915 perfugium
1204 2873 1335 2911 spoliato
1367 2873 1393 2901 ei
1417 2867 1589 2900 dornesstcis
1616 2866 1643 2895 ei

880 2920 1050 2959 forensibus
1073 2918 1261 2950 ornamentis
1284 2919 1374 2955 alque
1398 2913 1524 2944 solariis.
