1832 3137
1540 49 1613 90 137

57 169 218 219 nepotes
239 167 278 201 et
306 158 388 200 filii.
450 154 530 197 Sed
557 154 646 209 quid
669 152 844 208 agimus?
883 148 1042 189 oblitine
1070 158 1228 194 sumus,
1271 143 1343 183 hoc
1373 154 1474 181 nunc
1504 138 1616 178 nobis

57 250 146 279 esse
169 232 430 290 propositum,
464 242 578 282 quum
602 227 697 267 satis
722 225 768 265 de
792 222 1027 263 aeternitate
1052 219 1312 266 dixissemus,
1347 227 1396 254 ne
1423 212 1458 253 si
1481 209 1617 251 interi-

647 73 811 107 LIBER
837 73 861 104 1.
887 70 952 109 34,
977 69 1030 101 252.

57 316 147 350 rent
172 307 324 361 quidem
347 302 480 353 animi,
512 301 713 355 quiequam
732 296 822 337 mali
845 308 933 335 esse
954 294 993 333 in
1017 293 1167 333 morte?
1225 290 1278 330 A.
1311 287 1399 341 Ego
1421 299 1516 326 vero
1539 297 1619 324 me—

57 382 270 430 mineram3
312 377 380 419 sed
404 383 441 417 te
466 375 513 416 de
541 372 773 415 aeternitate
798 368 990 409 dicentem
1020 366 1203 406 aberrare
1230 377 1251 403 a
1275 359 1472 417 proposito
1509 356 1620 397 facile

58 453 250 510 patiebar.

172 521 379 566 XXXIV.
414 528 484 563 82.
519 519 582 561 M.
616 517 744 559 Video
767 522 806 555 te
826 513 904 554 alte
931 517 1108 565 spectare
1131 517 1170 549 et
1191 510 1290 549 velle
1315 508 1356 547 iu
1377 506 1526 547 caelum
1552 502 1621 543 nii-

59 613 190 655 grare.
252 597 306 637 Α.
336 594 462 651 Spero
488 594 596 643 fore,
632 598 671 631 ut
693 587 896 640 contingat
920 585 958 625 id
984 583 1111 624 nobis.
1177 579 1258 621 Sed
1282 581 1363 629 fac,
1396 585 1439 619 ut
1460 577 1526 618 isti
1553 589 1622 617 vo-

58 674 170 723 lunt,
213 671 362 712 animos
401 682 479 708 non
512 676 718 706 remanere
751 667 840 717 post
869 665 1059 699 mortem:
1101 654 1247 695 videol
1281 666 1378 702 nos,
1420 651 1452 689 si
1479 650 1532 688 ita
1556 649 1621 698 sit,

61 745 207 802 privari
228 757 297 798 spe
316 740 504 782 beatioris
526 739 647 779 vitae.
709 734 775 776 M.
805 731 905 774 Mali
928 745 1024 771 vero
1049 728 1138 783 quid
1163 727 1279 766 affert
1302 725 1375 765 ista
1400 721 1626 763 sententia?

60 818 143 861 Fac
171 817 273 858 enim
300 815 357 856 sic
384 813 552 854 animum
585 809 772 858 interire,
814 813 855 847 ut
882 817 1047 859 corpus:
1093 816 1182 842 num
1207 799 1328 854 igitur
1354 794 1492 849 aliquis
1517 793 1628 833 dolor

63 899 129 934 aut
151 889 310 932 omnino
333 893 421 943 post
443 892 607 927 mortem
626 895 766 924 sensus
788 880 828 920 in
850 891 1015 933 corpore
1043 877 1127 916 est?
1180 873 1311 914 Nemo
1332 871 1370 911 id
1394 869 1547 924 quidem
1572 865 1627 906 di-

152 980 317 1012 XXXIV.
365 977 381 1009 1
407 989 439 1008 v.
466 975 551 1008 Adn.

67 1048 255 1081 criticorum
284 1046 406 1083 aciem,
444 1049 539 1074 enata
572 1047 621 1072 est
650 1039 828 1081 scriptura:
865 1042 938 1068 arto
963 1034 1125 1067 amicitiae
1142 1032 1250 1064 vinclo
1274 1030 1466 1062 coniunctus
1483 1032 1553 1057 erat
1566 1025 1631 1055 Pa-

65 1104 121 1126 cur
135 1095 285 1124 nascatur
302 1093 400 1122 animi
417 1088 608 1120 similitudo:
634 1096 730 1127 quam
746 1082 829 1114 scri·
866 1081 1005 1112 naetius.
1061 1080 1100 1110 V.
1133 1088 1197 1109 von
1230 1077 1370 1115 Lynden.
1403 1073 1444 1103 de
1475 1069 1630 1102 Panaetio

68 1145 217 1182 pturam,
253 1141 416 1167 commate
438 1140 514 1174 post
536 1134 684 1163 nascatur
709 1127 830 1170 posite,

68 1182 179 1214 multis
216 1180 322 1211 verbis
348 1181 487 1211 Klotzius
511 1174 662 1207 defendit
693 1173 760 1209 ita,
797 1177 834 1201 ut.

71 1227 163 1258 verbi
206 1229 355 1257 nascatur
387 1222 569 1254 subiectum
605 1230 675 1250 esse
709 1222 833 1248 statuat

68 1275 167 1304 animi
188 1271 377 1307 similitudo;
413 1273 529 1310 postea
554 1273 663 1295 tamen
687 1262 719 1293 in
746 1260 831 1292 Add.

70 1329 103 1360 p.
125 1318 200 1352 40„
237 1314 358 1345 reiecta
392 1310 566 1343 artificiosa
601 1320 657 1338 sua
683 1306 833 1337 codicum

69 1360 251 1402 scripturae
276 1357 470 1389 defensione
494 1353 594 1385 rediit
619 1352 660 1383 ad
683 1349 834 1382 Lambini

70 1403 345 1438 emendationem.
393 1401 427 1432 Si
441 1411 521 1431 vero
547 1398 588 1430 ad
612 1400 762 1429 nascatur
778 1395 834 1425 in—

69 1450 198 1492 telligas
223 1450 348 1479 animus
372 1457 411 1478 ex
435 1456 504 1487 seq.
529 1445 628 1475 animi
652 1441 834 1478 similitudo,

70 1505 225 1539 perversa
248 1492 313 1524 exit
338 1490 513 1522 sententia.
549 1489 626 1519 Nou
649 1485 735 1517 enim
752 1484 833 1522 vult,

73 1539 120 1571 uti
143 1546 233 1571 recte
255 1537 356 1570 docet
378 1539 496 1574 Moser,
520 1533 619 1564 animi
643 1528 835 1562 similitudi-

72 1596 148 1617 nem
179 1583 259 1615 nihil
288 1582 406 1614 afferre
428 1578 653 1615 necessitatis,
692 1586 748 1606 cur
772 1586 835 1605 na-

71 1636 205 1662 scantur
231 1627 351 1664 animi;
387 1625 447 1657 sed
481 1634 611 1656 omnem
644 1618 836 1652 similitudi—

72 1686 148 1708 nem
181 1673 261 1704 nihil
284 1672 403 1703 afferre
433 1667 657 1707 necessitatis,
693 1677 749 1697 cur
773 1675 835 1695 na-

74 1726 208 1752 scantur
232 1717 342 1750 animi.

153 1766 181 1802 δ.
204 1765 257 1796 ὃΙ.
306 1764 419 1794 Omitto
464 1755 696 1799 similitudines]
744 1755 839 1785 Hanc

76 1809 220 1842 omnium
253 1807 413 1838 librorum
445 1804 640 1846 scripturam
669 1810 729 1843 pro
755 1810 840 1830 con—

75 1855 200 1886 iectura
228 1851 345 1890 Bentl„
371 1851 411 1883 ab
435 1853 489 1881 Or.
510 1854 654 1889 recepta,
681 1844 841 1876 dissimili-

75 1901 196 1931 tudines
228 1896 373 1935 restitui,
410 1900 588 1937 praeeunte
611 1892 751 1928 Klotzio,
788 1886 843 1929 qui

77 1944 119 1975 de
141 1943 174 1974 h.
190 1943 211 1974 l.
233 1942 280 1973 sic
305 1941 470 1983 disputat:
497 1937 611 1969 Cicero
633 1934 710 1972 will,
737 1933 842 1964 nach-

79 1989 153 2020 dem
178 1999 212 2018 er
241 1986 422 2027 behauptet
440 1984 517 2020 hat,
553 1981 628 2012 dass
653 1979 706 2010 die
726 1977 841 2009 Aehn-

78 2032 214 2065 lichkeit
237 2030 294 2061 des
309 2030 437 2061 Geistes
460 2027 552 2058 nicht
573 2024 736 2062 entstehe,
761 2033 843 2053 son-

81 2078 163 2110 dern
187 2087 249 2107 nur
273 2074 375 2106 durch
400 2070 633 2105 Aehnlichkeit
667 2069 723 2099 des
748 2067 843 2098 K'o'r—

81 2133 156 2166 pers
186 2120 240 2152 bei
264 2119 339 2151 dem
362 2118 542 2155 Einflusse,
579 2115 643 2146 den
667 2113 725 2144 der
750 2112 842 2143 Ko'r-

81 2178 142 2210 per
163 2166 223 2197 auf
242 2165 296 2196 die
310 2164 404 2195 Seele
427 2163 567 2199 iiussere,
592 2157 845 2200 herbeigefiihrt

82 2211 202 2249 werde,
229 2210 320 2241 nicht
345 2209 437 2240 mehr
460 2218 523 2238 von
549 2206 645 2245 jenen
664 2202 846 2235 Aehnlich-

82 2256 193 2288 keiten
216 2254 396 2297 spi-echen,
422 2259 494 2294 sagt
516 2251 606 2283 also:
642 2247 763 2287 „Doch
785 2258 846 2289 ge-

84 2312 150 2342 nng
175 2310 237 2330 von
261 2299 357 2339 jeuen
383 2295 666 2331 Aehnlichkeiten,
693 2293 746 2324 die
770 2303 847 2323 vom

85 2345 220 2386 Ko'rper
255 2355 296 2374 an
329 2342 393 2374 den
420 2342 513 2372 Geist
544 2341 744 2375 kommen,“
781 2336 848 2367 und

87 2388 198 2420 bricht
220 2399 284 2418 nun
310 2387 417 2418 davon
439 2385 490 2417 ab.
510 2403 546 2407 —
587 2385 634 2414 Im
655 2381 847 2424 Folgenden

88 2433 154 2465 will
179 2433 212 2463 C.
237 2431 320 2463 auch
355 2430 443 2462 noch
475 2428 657 2465 beweisen,
697 2426 771 2457 dass
797 2425 850 2456 die

88 2476 320 2510 Aehnlichkeit
345 2475 402 2507 des
425 2475 576 2515 Keirpers
599 2471 657 2503 auf
678 2471 742 2502 den
757 2471 851 2502 Geist

89 2522 224 2555 oftmals
258 2521 342 2553 auch
375 2532 433 2563 gar
466 2518 584 2550 keinen
618 2516 757 2547 Einfluss
790 2526 852 2557 ge·-

87 2568 169 2600 habt
185 2567 281 2603 habe,
306 2565 376 2597 also
399 2564 472 2596 eine
484 2562 598 2595 solche
611 2559 852 2598 Aehnlichkeit‚

90 2613 149 2644 wie
183 2623 218 2643 er
251 2611 336 2643 oben
370 2618 606 2652 angenommen
638 2606 751 2641 hatte,
795 2616 853 2646 gar

90 2657 184 2690 nicht
201 2655 393 2688 vorhanden
410 2654 478 2691 seiz
504 2665 539 2685 er
559 2651 684 2694 spricht
708 2649 777 2680 also
796 2660 854 2690 gar

90 2702 184 2734 nicht
214 2701 307 2732 mehr
338 2700 383 2731 im
421 2698 556 2741 vorigen
586 2696 685 2727 Siune
716 2694 797 2725 iiber
820 2692 853 2723 d.

91 2748 318 2785 similitudines,
341 2744 486 2777 sondern
506 2741 680 2775 bestreitet
703 2750 764 2770 nur
785 2738 855 2769 ihre

93 2791 262 2823 Exsistenz
291 2790 358 2821 und
380 2789 506 2832 spricht
529 2798 634 2830 genau
658 2793 854 2827 genommen

95 2847 156 2867 nur
179 2835 260 2867 iiber
281 2836 558 2867 dissimilitudines.

162 2882 351 2912 Panaetius:
387 2881 465 2911 vixit
501 2888 570 2910 cum
604 2872 764 2916 Africano]
804 2874 854 2903 Sc.

99 2935 171 2956 cum
191 2923 344 2967 Scipione
356 2923 514 2957 Africano
537 2921 671 2960 maiore,
699 2930 771 2950 cum
791 2928 855 2960 quo

869 1125 998 1156 Rhodio
1026 1126 1054 1160 δ.
1070 1124 1131 1154 Xl.
1157 1122 1247 1164 puli&
1262 1131 1310 1162 sq.
1337 1125 1370 1150 et
1392 1118 1463 1149 aliis
1488 1115 1576 1146 locis.

935 1182 1076 1220 Africani
1108 1180 1216 1218 fratris
1238 1177 1347 1216 nepos]
1385 1173 1486 1212 „Scit
1520 1169 1633 1210 Quinti

868 1225 961 1257 Fabii
986 1223 1119 1255 Maximi
1147 1220 1317 1253 Aemiliani
1350 1219 1423 1250 Cos.
1448 1229 1477 1248 u.
1502 1228 1528 1248 c.
1553 1214 1631 1247 (508.

871 1268 950 1313 (144
974 1281 1001 1301 a.
1029 1268 1118 1307 Chr.)
1146 1268 1184 1298 L.
1212 1264 1341 1297 Aemilii
1363 1262 1466 1294 Paulli
1492 1260 1547 1292 filii
1571 1271 1634 1291 ne-

868 1326 929 1357 pos
961 1320 1011 1345 est
1047 1314 1087 1350 Q.
1124 1311 1244 1342 Fabius
1277 1308 1437 1341 Maximus
1477 1305 1634 1337 Allobro-

868 1359 958 1401 gicus
995 1359 1023 1397 Q
1061 1356 1151 1387 Fabii
1176 1355 1312 1386 Maximi
1337 1351 1510 1384 Aemiliani
1543 1349 1636 1381 Allo-

868 1403 994 1446 brogici
1032 1402 1104 1434 Cos.
1142 1412 1172 1431 u.
1204 1412 1230 1432 c.
1254 1399 1330 1432 63¹2.
1367 1396 1446 1440 (1⁴20
1480 1408 1508 1426 a.
1544 1393 1633 1431 Chr.)

869 1449 974 1487 filius,
1012 1447 1053 1478 de
1078 1457 1142 1489 quo
1177 1444 1312 1476 homine
1347 1441 1479 1486 perdito
1512 1451 1542 1471 v.
1564 1438 1636 1470 val.

870 1495 960 1526 Max.
988 1494 1044 1523 ΙΙΙ.
1069 1493 1109 1529 5,
1135 1492 1190 1522 ¹2.“
1240 1491 1333 1522 Orell.

937 1540 1017 1578 facie
1049 1539 1097 1568 vel
1130 1535 1247 1576 patris]
1284 1533 1336 1565 Ad
1370 1530 1567 1564 vocabulum
1590 1530 1638 1560 vet

870 1582 1090 1627 supplendum
1115 1580 1246 1612 videtur
1269 1580 1455 1611 simillimus.

937 1641 1033 1679 primi
1056 1638 1202 1678 hominis]
1242 1636 1282 1667 H.
1309 1647 1337 1668 e.
1574 1632 1638 1662 Mo-

875 1695 923 1717 ser
948 1690 1117 1725 comparat
1142 1694 1174 1724 p.
1188 1681 1263 1714 307.
1288 1682 1381 1711 Verr.
1407 1680 1461 1709 Ill.
1488 1678 1540 1713 71,
1560 1676 1637 1707 low:

872 1729 1055 1773 primorum
1076 1727 1247 1758 hominum
1268 1732 1366 1768 atque
1385 1721 1640 1755 honestissimo—

873 1786 955 1806 rum.
1006 1775 1137 1806 Orellius
1162 1771 1280 1813 Topic.
1319 1772 1346 1812 ξ.
1367 1768 1430 1801 ⁴26:
1469 1765 1638 1797 delinitio—

875 1831 953 1850 num
988 1818 1053 1849 duo
1091 1828 1212 1855 genera
1259 1822 1335 1845 sunt
1370 1813 1486 1855 prima.
1546 1808 1641 1841 Adde

876 1865 971 1894 Verr.
995 1864 1035 1893 11.
1062 1862 1112 1898 17,
1138 1861 1198 1893 37:
1235 1872 1253 1891 a
1279 1860 1411 1901 Lysone
1435 1876 1497 1893 ——‚
1535 1854 1641 1897 primo

876 1908 1022 1939 homine.
1069 1907 1208 1945 Madvig).
1243 1903 1286 1935 ad
1310 1903 1380 1934 Fiu.
1415 1903 1440 1933 Ι.
1473 1900 1515 1942 ὃ,
1541 1899 1572 1932 9.
1609 1905 1642 1930 et

878 1955 1010 1985 Ernestii
1036 1951 1125 1981 Clav.
1153 1950 1219 1980 Cic.
1245 1949 1277 1980 h.
1302 1960 1333 1981 v.

946 1999 1054 2038 nepos]
1092 1994 1156 2034 Qui
1187 1993 1306 2025 eodem
1334 1991 1468 2024 nomine
1494 2001 1567 2021 usus
1593 1995 1644 2019 est

877 2044 914 2075 P.
932 2041 1051 2074 Licinii
1074 2039 1191 2071 Crassi.
1242 2040 1373 2071 Orellius
1394 2035 1507 2068 laudat
1523 2038 1643 2074 Ruper-

878 2090 914 2120 tii
937 2087 1053 2119 Tabul.
1079 2084 1205 2127 geneal.
1233 2096 1264 2126 p.
1287 2082 1356 2115 113.

950 2143 1027 2174 CAP.
1053 2141 1224 2174 XXXIV.
1259 2140 1287 2182 §.
1311 2138 1365 2171 δὲ.
1408 2139 1468 2169 alte
1493 2134 1644 2176 spectare]

881 2190 994 2219 Somn.
1021 2188 1107 2230 Scip.
1131 2187 1160 2219 7.
1201 2185 1255 2228 (de
1282 2185 1360 2226 Rep.
1388 2183 1430 2220 (i,
1453 2181 1542 2219 233:
1582 2181 1646 2210 Alte

881 2238 1018 2275 spectare
1042 2233 1068 2263 si
1102 2231 1192 2263 voles
1229 2237 1326 2272 atque
1359 2228 1444 2258 hanc
1475 2225 1587 2255 sedem
1613 2229 1647 2252 et

882 2286 1050 2311 aeternam
1075 2277 1208 2308 domum
1236 2272 1394 2306 contueri.
1435 2270 1547 2300 Plures
1571 2267 1646 2298 edd.

883 2330 964 2356 vett.
996 2322 1118 2354 habent
1153 2326 1267 2352 nostro
1290 2318 1365 2349 loco
1389 2318 1454 2347 ulia
1479 2324 1550 2353 sp.,
1588 2311 1645 2342 sed

884 2371 944 2401 alte
977 2378 1024 2407 sp.
1060 2373 1149 2398 recte
1185 2363 1304 2394 dicitur
1337 2361 1378 2392 de
1411 2370 1471 2398 eo,
1516 2357 1571 2400 qui
1605 2356 1646 2388 ad

884 2412 1073 2445 sublimiora
1089 2435 1097 2448 ,
1123 2409 1246 2440 maiora
1270 2406 1387 2437 tendit.

954 2459 1050 2496 Spero
1072 2457 1136 2494 sore
1158 2472 1197 2476 —
1219 2451 1315 2494 vitoe]
1341 2449 1447 2481 Etiam
1470 2448 1552 2479 haec
1572 2458 1648 2477 ver—

886 2503 938 2540 ba,
966 2508 999 2531 ut
1024 2497 1253 2531 antecedentia
1278 2503 1310 2527 et
1333 2493 1524 2538 sequentia,
1551 2491 1648 2522 Cice-

886 2545 960 2578 roni
989 2545 1062 2587 (Μ.)
1089 2542 1262 2574 tribuenda
1288 2547 1399 2573 censet
1423 2541 1459 2571 P.
1481 2539 1649 2570 Manutius.

1369 1632 1524 1677 primarii.

956 2600 1058 2643 video]
1096 2600 1189 2631 Hanc
1214 2597 1357 2630 omnium
1380 2596 1539 2627 librorum
1563 2593 1647 2624 scri-

888 2653 1018 2690 pturam
1052 2651 1142 2676 recte
1178 2642 1320 2675 restituit
1341 2643 1500 2678 Klotzius,
1537 2637 1647 2669 sedin

890 2703 929 2723 eo
961 2691 1173 2722 vehementer
1206 2688 1351 2725 fallitur,
1389 2684 1477 2728 quod
1512 2683 1649 2726 primam

889 2735 1060 2779 singularis
1084 2745 1257 2777 personam
1284 2731 1411 2775 saepius
1433 2730 1478 2760 ita
1502 2726 1648 2769 usurpari

891 2781 1053 2824 opinatur,
1080 2787 1114 2811 ut
1135 2786 1250 2811 nostro
1267 2775 1456 2821 pronomini
1476 2771 1649 2804 indefinito

890 2836 964 2858 man
989 2825 1206 2868 respondeat:
1234 2822 1322 2866 quod
1346 2830 1509 2863 nunquam
1533 2818 1567 2847 {it
1590 2826 1650 2845 nec

891 2871 966 2948 liertil
994 2877 1113 2914 potest.
1164 2872 1216 2902 Or.
1242 2868 1283 2899 de
1320 2866 1404 2899 coni.
1434 2864 1534 2902 ll'olfit'
1566 2861 1651 2892 vides·

892 2916 944 2949 edi
970 2915 1004 2949 it.
