1863 3221
227 117 311 159 488

278 208 321 239 sis
344 209 454 250 pulsus
479 205 627 239 Corinthi
651 203 741 235 vixit.
767 204 799 242 3,
816 203 870 236 27.
886 221 929 227 ·—-
953 203 985 241 5,

279 252 332 286 57.
358 253 412 286 62.
438 252 491 285 63.
517 250 570 283 96.
587 268 632 273 —
661 250 710 280 De
727 247 878 291 Dionysii
901 259 987 279 uxo—

278 298 365 329 ribus
390 310 419 329 v.
446 296 528 327 Adn.
553 294 587 324 in
611 295 651 332 5,
677 292 730 326 59.
792 293 793 296 ¹

234 345 343 382 Doris,
369 354 386 372 e
407 340 520 372 Locris
533 364 540 378 ‚
566 338 646 370 urbe
663 339 848 370 Locrorum
867 337 988 380 Epize—

278 387 469 430 phyrioi-um
486 384 519 414 in
535 383 628 414 Italia
649 382 807 415 inferiore
821 383 892 421 sita,
917 383 987 414 ori-

278 433 373 467 unda,
399 430 502 461 altera
527 428 643 460 coniux
667 427 819 471 Dionysii
845 427 986 467 maioris,

279 478 508 519 Syracusarum
530 472 672 516 tyranni.
707 475 745 511 ὃ,
771 473 825 506 59.

235 534 366 570 Drusus,
392 533 438 569 0.,
462 530 564 561 frater
585 530 631 560 Μ.
647 528 733 560 Livii
755 529 862 569 Drusi,
887 529 922 561 C.
936 529 986 568 F.,

280 576 334 619 qui
358 576 393 606 C.
417 574 646 617 Sempronium
660 575 855 616 Gracchum,
878 574 987 605 tribu-

281 632 355 651 num
387 620 509 662 plebis,
543 618 618 653 631.
640 621 682 650 U.
709 631 736 651 c.
761 620 833 652 123.
863 631 891 651 a.
914 619 988 650 Chr.

281 665 412 703 devicit,
437 671 549 696 orator
572 671 604 696 et
627 666 723 704 Ictus,
749 662 802 707 qui
825 665 885 696 etsi
911 676 988 696 cae—

281 722 334 742 cus
357 711 464 741 fuctus
487 715 567 749 erat,
585 709 626 741 de
646 709 716 740 iure
740 709 826 741 civili
848 721 988 752 respon—

279 756 326 787 dit
350 763 383 787 et
403 767 421 787 a
441 754 552 786 multis
575 754 741 786 consultus
765 761 823 786 est.
858 756 888 794 5,
913 754 987 787 112.

592 848 628 877 Ε.

237 917 371 954 Elysius,
394 924 514 945 nomen
538 912 705 944 cuiusdam
726 911 796 950 viri,
823 923 840 943 e
857 913 989 947 Terina.

280 959 360 990 urbe
391 959 504 990 Italiae
534 957 700 988 inferioris
732 956 765 987 in
790 956 992 987 Bruttiorum

279 1010 366 1035 terra
380 1003 452 1042 sita,
468 1002 633 1034 oriundus.
654 1004 684 1040 1,
699 1001 778 1033 115:
797 1001 851 1032 ubi
863 1013 893 1031 v.
907 1000 992 1032 Adn.

236 1049 448 1089 Empedbczes,
472 1058 509 1079 ex
534 1047 726 1089 Agrigento,
751 1045 881 1077 Siciliae
902 1046 992 1084 urbe,

282 1093 458 1132 oriundus,
491 1092 708 1134 philosophus
734 1090 865 1122 Ionicae
890 1090 993 1122 disci-

282 1138 391 1182 plinae
410 1138 563 1180 idemque
583 1144 715 1175 orator,
743 1142 860 1177 poeta,
887 1135 996 1166 medi-

285 1195 339 1215 cus
373 1191 416 1219 (c.
442 1195 470 1214 a.
493 1182 569 1215 450.
595 1194 623 1213 a.
650 1181 755 1223 Chr.).
813 1181 865 1212 Cf.
898 1180 995 1223 Diog.

281 1230 321 1261 L.
344 1229 442 1269 VIII,
464 1227 516 1262 76.
543 1246 584 1251 —-
611 1227 647 1266 1,
675 1226 732 1260 19:
758 1226 813 1258 ubi
836 1238 868 1257 v.
889 1225 973 1257 Adn.

239 1288 410 1325 Endymio,
445 1290 558 1327 pastor
588 1295 606 1314 a
630 1285 708 1314 Iove
732 1283 767 1314 in
791 1282 917 1314 caelum
939 1293 996 1313 ra-

285 1338 380 1373 ptus,
417 1341 513 1372 quum
544 1335 652 1360 autem
676 1329 835 1360 Iunonem
859 1333 997 1366 amaret,

284 1387 391 1407 rursus
425 1375 581 1406 deiectus.
636 1372 713 1405 Eius
758 1384 870 1404 amore
900 1373 994 1403 Luna

284 1427 380 1463 capta
402 1431 475 1451 eum
506 1419 539 1450 in
562 1418 690 1458 Latmi,
728 1418 841 1449 Cariae
863 1417 993 1456 montis,

282 1477 381 1508 specu
417 1463 594 1496 occultavit
627 1475 665 1494 ac
698 1462 886 1505 saepissime
921 1473 994 1493 cum

284 1522 324 1542 eo
347 1516 477 1541 versata
501 1515 560 1540 est.
608 1508 646 1547 1,
672 1506 735 1540 92:
773 1507 829 1539 ubi
852 1519 882 1538 v.
911 1506 991 1538 Adn.

195 1591 201 1597 ,
285 1556 338 1587 Cf.
360 1553 515 1597 Apollod.
534 1555 556 1585 I.
582 1553 613 1591 7,
635 1551 666 1585 6.
691 1552 835 1584 Theocr.
860 1553 917 1589 ΙΙΙ,
939 1552 992 1583 50.

240 1603 378 1640 Ennius,
413 1599 547 1637 Rudiis‚
585 1597 754 1629 Calabriae
778 1597 875 1635 urbe,
901 1603 994 1628 natus

285 1644 377 1688 (239.
391 1656 418 1676 a.
437 1644 511 1675 Chr.
532 1642 556 1683 †
577 1642 677 1684 169),
701 1646 801 1685 poeta
819 1643 994 1680 Romanus,

285 1701 380 1734 quem
404 1689 515 1720 dixere
540 1687 658 1719 merito
682 1694 810 1730 patrem
827 1688 995 1719 Romanae

285 1734 406 1778 poesis.
461 1733 582 1765 Multas
617 1733 819 1764 Graecorum
858 1738 995 1774 tragoe—

287 1780 356 1812 dias
380 1778 499 1810 Latine
523 1777 642 1815 vertit,
679 1789 760 1819 quae
785 1788 896 1809 omnes
923 1788 995 1808 cum

286 1824 481 1861 Annalibus,
515 1829 667 1866 poemate
691 1822 870 1861 histerico,
896 1833 995 1853 exce-

284 1870 348 1914 ptis
382 1868 573 1912 quibusdam
607 1867 819 1910 fragmentis,
856 1866 996 1898 interie—

285 1920 372 1948 runt.
421 1915 457 1952 1,
488 1913 520 1946 3.
545 1913 599 1947 27.
623 1913 677 1946 26.
702 1910 755 1945 3-1.
780 1909 834 1944 45.
860 1910 914 1944 46.
939 1912 993 1945 85.

285 1960 359 1994 105.
388 1959 459 1992 107.
485 1958 557 1993 117.
605 1958 646 1999 2,
674 1958 701 1990 1.
741 1958 781 1996 3,
806 1958 838 1990 5.
864 1957 917 1990 26.
941 1957 995 1990 28.

282 2004 338 2039 39.
359 2001 414 2036 44.
437 2001 489 2035 45.
511 2004 564 2036 56.
587 2000 641 2036 63.
673 2000 706 2043 4,
735 2002 784 2035 19.
803 2002 856 2034 52.
879 2001 933 2035 70.
962 2003 993 2043 5,

240 2095 497 2136 Epaminondas,
537 2092 712 2124 Thebanus
747 2092 903 2132 natione,
947 2092 997 2124 vir

286 2138 416 2171 summis
440 2137 614 2168 virtutibus
638 2136 816 2179 praeditus,
840 2137 918 2168 belli
936 2149 995 2180 pe-

286 2183 467 2216 ritissimus.
515 2183 592 2213 Post
621 2181 723 2213 multa
747 2182 913 2224 praeclara
939 2183 994 2214 fa-

287 2235 338 2261 cta
363 2227 481 2260 cecidit
501 2227 533 2258 in
557 2238 665 2269 pugna
684 2226 772 2269 apud
793 2227 994 2259 Mantineam

287 2274 319 2305 in
341 2272 481 2305 Arcadia
500 2272 625 2314 spiculo
654 2283 824 2314 percussus
851 2271 938 2313 (362.
962 2284 991 2304 a.

289 2319 392 2360 Chr).
441 2318 477 2355 1,
502 2318 533 2350 4.
562 2317 628 2360 (ubi
653 2329 683 2348 v.
706 2316 804 2358 Adn.)
838 2316 892 2350 33.
920 2318 992 2350 110.

288 2363 360 2396 116.
396 2364 437 2402 2,
461 2362 515 2395 59.
550 2364 589 2400 5,
615 2359 668 2394 49.

243 2411 386 2449 Ephesii,
420 2408 546 2440 incolae
569 2409 700 2447 Ephesi,
733 2406 820 2438 urbis
844 2406 878 2437 in
904 2407 995 2439 Ionia

286 2453 327 2486 ad
354 2452 480 2495 Caystri
503 2452 622 2484 ostium
643 2452 746 2490 sitae,
780 2450 937 2495 opulento
963 2458 995 2484 et

285 2499 457 2540 magnifico
483 2498 604 2530 Dianae
638 2497 766 2541 templo
800 2497 916 2529 clarae.
961 2499 992 2538 5,

286 2543 358 2575 105.

244 2589 457 2628 Epicharmus,
479 2592 576 2630 pot-'ta
595 2588 747 2627 comicus,
761 2588 895 2631 proprie
910 2588 993 2620 Cous

288 2632 402 2674 (Diog.
419 2633 456 2663 L.
468 2633 500 2664 3.
525 2632 652 2675 c.9(').);
678 2645 775 2676 quum
796 2641 904 2665 autem
922 2633 993 2675 pri—

287 2676 347 2708 mis
370 2676 458 2708 vitae
478 2677 640 2709 mensibus
660 2678 693 2710 in
709 2678 851 2710 Siciliam
865 2678 992 2710 delatus

287 2729 382 2760 esset,
409 2721 509 2752 Siculi
529 2733 710 2763 cognomen
731 2724 867 2765 accepit.
910 2723 991 2755 Flo——

288 2767 353 2798 ruit
377 2779 402 2799 c.
425 2777 454 2797 a.
479 2766 553 2798 500.
575 2778 603 2797 a.
627 2767 702 2799 Chr.
751 2768 778 2804 1,
807 2770 857 2800 15.
885 2768 938 2799 ubi
962 2781 992 2800 v.

288 2813 370 2844 Dav.
411 2811 462 2842 Cf.
486 2813 524 2842 K.
548 2813 583 2843 0.
606 2813 724 2851 Miiller,
751 2813 875 2844 Dorier.
896 2815 935 2845 Τ.
949 2814 990 2844 II.

291 2869 320 2900 p.
335 2856 400 2890 359
410 2867 458 2899 sq.
503 2857 536 2887 C.
556 2858 580 2888 Ι.
593 2858 627 2887 G.
643 2858 769 2894 Grysar.
793 2857 833 2888 de
851 2858 991 2889 Dorien—

287 2902 369 2933 sium
391 2900 569 2938 comoedia,
586 2900 658 2931 Vol.
676 2902 699 2932 1.
722 2900 809 2942 p.64
819 2914 888 2943 sqq.
915 2903 991 2945 (Co-

288 2947 359 2981 lone
381 2946 499 2987 1626.)
547 2945 774 2989 Epicharmum
806 2945 991 2987 indigenam

289 2992 387 3023 fuisse
424 2990 565 3024 Siculum
600 2990 739 3034 probare
774 2996 908 3022 conatus
943 2999 992 3023 est

781 125 927 157 INDEX
951 123 1224 156 HISTORICUS.

1066 205 1171 235 Herm.
1194 205 1369 236 Harlessius
1391 204 1434 237 de
1457 205 1675 248 Epicharmo,
1713 207 1776 237 Es-

1066 247 1199 279 sendiae
1225 248 1321 280 1622.
1345 260 1377 291 p.
1395 248 1446 281 19.

1021 294 1166 332 Epicurei
1192 292 1220 332 1,
1245 292 1299 326 77.
1336 293 1370 332 3,
1393 292 1447 326 33.
1468 294 1521 326 50.
1555 295 1587 334 5,
1611 295 1664 329 93.
1701 295 1777 327 No-

1066 343 1178 369 tantur
1202 350 1220 369 a
1246 337 1405 369 Cicerone
1428 340 1461 378 Ι,
1489 337 1542 372 46.

1021 384 1194 422 Epicurus,
1220 382 1391 424 Gargetti,
1417 384 1544 415 Atticae
1564 383 1687 428 δήμῳ,
1715 396 1778 417 na·-

1066 434 1118 458 tus
1140 427 1228 469 (357.
1250 439 1278 458 a.
1304 428 1378 459 Chr.
1447 429 1538 469 270.)
1553 453 1560 466 ,
1585 435 1701 461 auctor
1721 441 1777 461 se-

1068 479 1142 504 ctae
1166 471 1262 510 illius,
1285 484 1366 515 quae
1381 473 1421 504 ab
1441 485 1480 505 eo
1494 473 1657 516 Epicurea
1675 485 1778 506 voca-

1067 524 1129 549 tur.
1177 517 1388 560 Voluptatem
1410 530 1570 549 summum
1593 519 1718 550 bonum
1742 526 1776 551 et

1067 562 1217 594 dolorem
1237 574 1397 594 summum
1420 563 1540 595 malum
1560 563 1707 606 putabat.
1747 564 1776 603 1,

1067 607 1122 640 62.
1157 607 1188 644 2,
1210 607 1241 640 6.
1270 608 1320 640 15.
1347 607 1395 641 17.
1418 608 1475 640 26.
1509 609 1547 647 3,
1570 609 1624 641 26.
1646 608 1700 641 32.
1724 608 1780 643 37.

1067 652 1121 685 36.
1146 650 1200 684 40.
1222 650 1275 684 42.
1300 650 1354 684 44.
1373 649 1427 685 46.
1448 650 1501 685 -19,
1524 654 1576 686 50.
1596 653 1649 687 76.
1673 651 1708 692 4,
1723 653 1778 687 70.

1068 698 1110 736 5,
1144 696 1197 729 26.
1227 696 1281 729 31.
1317 696 1370 730 73.
1403 695 1458 729 64.
1486 698 1538 732 67.
1573 699 1627 731 66.
1650 697 1703 731 69.
1726 698 1780 732 93.

1070 740 1143 774 109.
1174 741 1246 773 110.
1272 741 1345 774 118.

1024 786 1170 827 Epi95ni,
1196 786 1252 818 filii
1277 798 1398 825 eorum,
1425 787 1478 830 qui
1501 787 1534 819 in
1558 788 1664 830 primo
1692 788 1780 820 bello

1069 832 1230 864 Thebano
1264 831 1459 863 ceciderant.
1516 833 1559 864 Hi
1591 834 1632 865 ob
1669 845 1780 866 caesos

1069 883 1181 919 patres
1202 876 1277 908 irati
1298 876 1413 908 decem
1434 877 1526 909 annis
1550 885 1626 921 post
1642 879 1779 910 alterum

1068 921 1192 952 bellum
1215 928 1408 959 moverunt,
1445 923 1532 965 quod
1557 924 1781 965 Epigonorum

1068 966 1190 997 bellum
1202 973 1355 997 vocatum
1369 973 1429 998 est.
1456 970 1486 1005 2,
1501 968 1562 1000 60:
1584 968 1638 999 ubi
1651 981 1680 1000 v.
1695 968 1779 1000 Adn.

1025 1013 1239 1051 Epitaphium,
1264 1011 1413 1052 dialogus
1436 1012 1591 1051 Platonis,
1615 1013 1670 1056 qui
1685 1014 1783 1045 etiam

1071 1058 1256 1087 Meneaeenus
1281 1062 1425 1087 vocatur.
1470 1058 1501 1095 5,
1527 1056 1579 1090 36.

1030 1102 1212 1133 Erechtheus
1248 1102 1326 1143 (non
1356 1103 1556 1142 Erichlheus,
1590 1114 1620 1134 v.
1647 1104 1685 1134 V.
1711 1105 1781 1136 Ser.

1078 1145 1106 1183 1,
1132 1144 1230 1186 116.)‚
1255 1152 1364 1176 sextus
1379 1146 1506 1177 Atticae
1523 1159 1589 1184 rex,
1614 1154 1708 1190 pater
1723 1148 1783 1180 Ce-

1077 1190 1186 1232 crbpis
1204 1192 1245 1221 ΙΙ.
1264 1197 1297 1222 et
1311 1191 1448 1222 filiarum
1460 1192 1638 1231 Procridis,
1655 1193 1783 1225 Chtho-

1074 1235 1160 1272 niae‚
1188 1236 1336 1272 Creusae,
1362 1247 1443 1278 quae
1465 1248 1500 1268 se
1519 1249 1579 1280 pro
1600 1237 1705 1280 patria
1721 1239 1783 1270 de—

1075 1287 1238 1312 voverunt
1268 1281 1301 1312 in
1328 1280 1417 1313 bello
1453 1289 1568 1314 contra
1600 1283 1783 1315 Eleusinios

1073 1332 1180 1368 gesto.
1227 1327 1263 1364 1,
1292 1325 1365 1359 116.

1028 1373 1156 1403 Eretrici
1180 1371 1387 1412 appellantur
1403 1371 1435 1411 ii,
1462 1372 1516 1415 qui
1536 1381 1612 1405 sunt
1634 1385 1652 1405 e
1672 1374 1784 1406 schola

1072 1428 1091 1447 a
1124 1415 1342 1455 MenedEmo,
1387 1428 1425 1448 ex
1451 1418 1596 1457 Eretria,
1633 1419 1784 1451 Euboeae

1073 1460 1197 1491 insulae
1222 1461 1321 1499 urbe,
1358 1461 1518 1501 oriundo,
1559 1463 1702 1495 condita.
1750 1465 1781 1502 5,

1075 1504 1147 1538 113.
1184 1505 1235 1536 Cf.
1254 1505 1350 1547 Diog.
1374 1507 1413 1537 L.
1437 1508 1478 1545 ΙΙ,
1503 1508 1584 1540 105:
1610 1508 1663 1539 ubi
1686 1505 1784 1550 Ἐρε-

1072 1549 1200 1592 τριακοὶ
1222 1550 1439 1592 appellantur,
1460 1558 1493 1582 et
1516 1552 1595 1585 126:
1619 1549 1783 1594 ubi’Epe-

1072 1595 1179 1636 τρικοὶ
1196 1596 1349 1626 audiunt:
1375 1607 1438 1638 qua
1454 1597 1561 1628 forma
1574 1597 1670 1639 Diog.
1683 1598 1783 1630 etiam

1075 1640 1145 1671 aliis
1169 1640 1250 1671 locis
1273 1640 1384 1679 utitur,
1410 1647 1445 1671 ut
1467 1642 1492 1672 I.
1518 1642 1567 1675 17.
1588 1644 1636 1675 16.
1655 1641 1705 1674 19.
1720 1650 1782 1676 etc.

1074 1685 1194 1716 Forma
1209 1687 1338 1717 Eretrici
1359 1685 1457 1717 etiam
1480 1686 1521 1718 de
1545 1689 1634 1718 Orat.
1654 1689 1710 1719 ΙΙΙ.
1731 1689 1781 1727 17,

1073 1728 1127 1762 62.
1153 1730 1289 1773 legitur3
1325 1730 1383 1762 sed
1414 1731 1515 1763 Acad.
1549 1733 1591 1764 ΙΙ.
1617 1730 1681 1773 42,
1706 1732 1782 1766 129.

1073 1777 1235 1807 Eretriaci.

1028 1821 1233 1859 Erymanthia
1267 1823 1378 1853 bellua.
1426 1822 1658 1865 Erymanthius
1693 1834 1782 1865 aper,

1074 1876 1092 1896 a
1113 1872 1226 1897 monte
1241 1866 1397 1897 Arcadiae
1410 1867 1613 1909 Erymantho
1634 1874 1781 1908 vocatus,

1075 1921 1171 1952 quem
1184 1911 1341 1942 Hercules
1356 1911 1442 1943 iussu
1455 1912 1630 1956 Eurysthei
1643 1912 1780 1944 domuit.

1073 1955 1113 1995 2,
1138 1956 1192 1988 22.
1226 1953 1266 1994 4,
1292 1957 1345 1989 50.

1028 2002 1162 2040 Etrusci,
1177 2001 1304 2033 incolae
1322 2001 1389 2033 eius
1404 2002 1545 2045 regionis
1559 2003 1685 2045 Italiae,
1699 2014 1781 2046 quae

1073 2045 1174 2076 hodie
1197 2048 1348 2079 Toscana
1372 2055 1517 2079 vocatur.
1564 2050 1602 2087 1,
1626 2047 1681 2081 69.

1028 2092 1205 2131 Euphorio,
1239 2103 1257 2123 e
1283 2092 1458 2131 Chalcide,
1503 2093 1656 2125 Euboeae
1691 2093 1781 2132 urbe,

1075 2135 1248 2175 oriundus,
1272 2137 1389 2169 aetatis
1410 2137 1648 2170 Alexandrinae
1671 2150 1782 2180 gram-

1072 2180 1211 2211 maticus
1236 2188 1269 2212 et
1292 2186 1392 2224 poeta
1416 2183 1567 2225 tragicus.
1616 2183 1690 2216 Vid.
1709 2183 1781 2215 Ad-

1071 2230 1140 2256 not.
1165 2225 1206 2255 ad
1229 2226 1273 2263 3,
1296 2225 1348 2258 45.

1026 2271 1208 2310 Euripides,
1243 2271 1428 2303 Mnesarchi
1460 2272 1563 2311 filius,
1597 2272 1781 2304 Athenien-

1072 2314 1153 2346 sium
1172 2315 1313 2358 tragicus
1335 2323 1443 2359 poeta,
1468 2317 1630 2349 Salamine
1651 2329 1779 2360 pugnae

1073 2359 1266 2392 Salaminiae
1300 2361 1353 2392 die
1383 2359 1470 2403 (460.
1494 2374 1523 2394 a.
1547 2362 1637 2404 Chr.)
1671 2370 1777 2394 natus.

1074 2405 1111 2443 1,
1134 2404 1188 2437 65.
1221 2405 1260 2445 3,
1281 2405 1335 2439 29.
1358 2407 1411 2440 59.
1437 2406 1490 2440 67.
1528 2405 1621 2451 (ἓεός
1643 2405 1706 2450 γάρ
1730 2419 1780 2446 τις

1073 2447 1105 2483 ἐν
1128 2447 1223 2492 ἡμῖν)
1249 2463 1280 2483 v.
1302 2451 1386 2483 Adn.
1411 2471 1454 2475 —
1482 2449 1522 2492 4,
1547 2452 1599 2485 63.
1624 2452 1678 2485 69.
1703 2453 1758 2487 71.

1027 2497 1185 2536 Εανόἰαε,
1217 2496 1332 2528 fluvius
1357 2496 1521 2529 Laconiae
1548 2508 1652 2540 prope
1677 2499 1780 2539 Spar-

1071 2547 1150 2580 tam,
1175 2541 1403 2573 certaminibus
1428 2548 1460 2573 et
1481 2542 1777 2581 exercitationibus,

1073 2597 1155 2629 quae
1178 2597 1196 2617 a
1215 2586 1389 2629 Spartiatis
1409 2587 1452 2619 ad
1473 2599 1545 2618 eum
1563 2587 1777 2626 habebantur,

1073 2630 1202 2663 nobilis.
1249 2632 1323 2665 Vid.
1347 2634 1442 2671 Heyn.
1463 2632 1506 2664 ad
1536 2632 1626 2673 Virg.
1643 2634 1724 2663 Aen.
1747 2633 1775 2671 1,

1070 2676 1144 2709 316.
1171 2696 1213 2700 —
1236 2677 1276 2716 2,
1301 2676 1355 2710 36.
1392 2679 1431 2714 5,
1456 2676 1509 2709 96.

1026 2723 1191 2762 Euryclea,
1214 2721 1279 2753 filia
1300 2722 1378 2764 opis
1391 2721 1610 2759 Pisenoridae,
1634 2733 1697 2753 una
1715 2733 1777 2753 an-

1072 2766 1216 2798 cillarum
1236 2767 1373 2805 Laertis‚
1390 2778 1484 2810 quam
1506 2766 1681 2809 aliquando
1698 2778 1775 2809 pre-

1071 2811 1119 2842 tio
1153 2812 1267 2854 viginti
1288 2812 1386 2843 boum
1408 2817 1552 2853 emptam
1586 2811 1677 2842 uxori
1712 2811 1777 2843 do—

1070 2868 1114 2888 no
1138 2856 1283 2894 dederat,
1310 2856 1412 2888 Ulixis
1432 2855 1550 2887 nutrix.
1592 2856 1664 2889 Vid.
1677 2857 1775 2887 Hom.

1072 2901 1131 2933 Od.
1158 2901 1194 2939 1,
1219 2899 1294 2934 430.
1319 2920 1362 2925 -——
1386 2902 1418 2937 5,
1439 2898 1503 2939 463
1533 2901 1586 2932 ubi
1610 2908 1718 2933 tamen
1743 2901 1776 2932 in

1071 2946 1167 2979 codd.
1193 2946 1311 2989 legitur
1332 2948 1479 2978 Anticlea.

1025 2991 1220 3037 Eurypylus,
1240 2991 1430 3023 Euaemfinis
1453 2997 1485 3023 et
1502 2991 1580 3034 Opis
1601 2991 1695 3031 filius,
1715 2993 1776 3022 Or-
