1863 3221
224 108 307 150 422
806 111 1037 143 Lissnnv.

224 196 301 238 nisi
323 196 438 237 animi
463 193 640 241 affectio,
675 204 789 244 quum
805 192 822 217 ὅ
849 189 887 229 111
910 188 1087 229 adeundo
1109 187 1284 243 periculo
1308 195 1346 228 et
1365 189 1403 229 in
1425 189 1558 229 labore
1581 202 1624 229 ac
1648 188 1781 229 dolore

1068 110 1127 150 14,
1152 108 1208 142 42.

226 270 399 326 patiens,
433 275 510 307 tum
533 263 665 319 procul
683 262 729 303 ab
752 262 854 302 omni
872 263 1003 302 metu?
1064 268 1132 303 42.
1167 260 1298 315 Atque
1319 261 1414 302 haec
1438 269 1544 302 certe
1564 276 1642 302 non
1663 261 1715 302 ita
1739 274 1782 302 se

1552 333 1631 388 Qui
1654 342 1781 375 autem

230 416 330 455 illam
363 411 532 452 maxime
559 415 727 464 optatam
764 415 803 448 et
839 407 1050 462 expetitam
1086 407 1334 447 securitatem
1365 407 1629 460 (securitatem
1657 414 1785 446 autem

229 343 430 390 haberent,
465 338 537 379 nisi
563 349 676 376 omne
693 335 836 375 bonnm
856 335 894 375 in
918 349 994 375 una
1014 334 1217 374 honestate
1239 334 1488 375 consisteret.

232 501 332 527 nunc
359 484 508 539 appello
536 482 772 523 vacuitatem
799 480 1080 535 aegritudinis,
1126 480 1164 520 in
1199 493 1273 533 qua
1300 480 1379 521 vita
1408 480 1521 520 beata
1547 479 1673 534 posita
1707 480 1785 532 est)

230 559 372 600 habere
405 555 606 611 qnisquam
641 561 793 609 potest,
838 554 898 594 cui
931 561 996 593 ant
1033 553 1132 593 adsit
1163 559 1228 593 aut
1263 553 1401 592 adesse
1430 552 1553 607 possit
1584 552 1787 592 multitudo

231 631 444 671 malorum?
503 626 583 681 Qui
605 634 734 668 autem
756 627 898 682 poterit
922 640 1010 667 esse
1038 626 1165 666 celsus
1187 633 1226 665 et
1251 632 1404 665 erectus
1431 632 1468 665 et
1492 639 1562 675 ea,
1597 638 1695 678 quae
1720 625 1788 665 lio-

232 704 323 744 mini
343 702 520 743 accidere
551 707 734 755 possunt,
773 700 902 740 omnia
926 713 1045 754 parva
1069 699 1237 748 ducens,
1279 698 1429 752 qualem
1462 698 1674 751 sapientem
1701 711 1789 738 esse

231 777 433 825 volumus,
467 773 542 814 nisi
565 773 695 813 omnia
719 773 825 813 sibi⁷
850 772 888 812 in
909 786 952 812 se
972 771 1098 827 posita
1118 771 1318 811 censebit?
1376 770 1440 811 An
1464 769 1786 821 Lacedaemonii,

232 847 410 903 Philippo
435 846 658 887 minitanti⁸
690 859 759 900 per
786 845 959 895 litteras,
991 858 1035 885 se
1060 844 1213 893 omnia,
1248 857 1344 897 quae
1368 850 1627 894 conarentur,
1662 843 1790 898 prohi-

232 922 424 972 biturum,
468 920 769 974 quaesiverunt,
813 932 903 957 num
927 931 969 957 se
994 923 1101 956 esset
1129 916 1243 956 etiam
1271 915 1367 956 mori
1405 915 1689 971 proliibituru83
1729 916 1791 955 vir

234 995 291 1044 is,
326 1007 436 1047 quem
463 991 707 1046 quaerimus,
741 1004 818 1030 non
844 989 964 1029 multo
988 989 1138 1028 facilius
1164 989 1226 1028 tali
1247 989 1375 1028 animo
1405 989 1644 1043 reperietur,
1679 1002 1789 1042 quam

234 1066 371 1107 civitas
400 1064 615 1104 universa?
682 1061 814 1116 Quid?
856 1063 901 1102 ad
932 1062 1032 1102 hane
1067 1061 1354 1111 fortitudinem,
1398 1061 1444 1101 de
1476 1075 1548 1115 qua
1580 1061 1788 1115 loquimur,

233 1138 491 1193 temperantia
522 1137 724 1186 adiuncta,
771 1149 868 1189 quae
906 1135 956 1175 sit
986 1134 1228 1174 moderatrix
1265 1134 1433 1174 omnium
1472 1133 1789 1185 commotionum,

234 1211 321 1265 quid
345 1216 471 1265 potest
495 1210 540 1249 ad
572 1209 685 1250 beate
713 1208 920 1250 vivendum
950 1208 1089 1248 deesse
1121 1206 1179 1259 ei,
1225 1221 1338 1261 quem
1374 1207 1558 1247 fortitudo
1589 1207 1635 1247 ab
1666 1207 1793 1261 aegri-

324 1309 346 1343 6
370 1312 545 1352 Perperam
558 1310 616 1341 W.
639 1315 673 1341 et
695 1311 749 1340 Or.
774 1321 800 1341 c.
816 1320 882 1341 uno
898 1310 956 1341 Ox.
979 1313 1054 1341 tum.
1102 1309 1141 1341 V.
1164 1308 1204 1339 ad
1233 1320 1258 1341 c.
1281 1306 1335 1348 25,
1360 1306 1413 1340 72.
1462 1307 1482 1341 7
1507 1310 1565 1340 sibi
1584 1318 1649 1340 om.
1675 1306 1750 1339 Gud
1760 1306 1792 1340 2.

233 1358 272 1390 V.
301 1356 384 1389 Adn.
431 1356 454 1388 8
478 1367 509 1388 v.
532 1354 617 1387 Adn.

236 1423 343 1455 mellis
377 1428 412 1453 et
435 1421 591 1453 absinthii
621 1420 761 1452 multum
793 1420 915 1452 habere
946 1420 997 1452 vi-

237 1468 378 1499 deatur“
402 1473 494 1498 recte
515 1465 635 1496 dicitur
655 1475 694 1497 zu
714 1468 814 1505 weniy
831 1464 946 1507 Honig
968 1476 997 1496 u.

237 1512 301 1544 viel
318 1511 468 1544 Bitteres.
492 1511 538 1541 X.
552 1508 583 1549 4,
601 1507 664 1542 40:
692 1511 749 1549 „M
770 1510 880 1541 littera
894 1529 932 1533 —
951 1516 999 1540 et-

1035 1431 1165 1451 omnem
1189 1419 1431 1451 dubitationem
1456 1418 1587 1462 posito,
1616 1421 1658 1451 ad
1678 1422 1794 1459 maius,

1033 1464 1091 1496 sed
1116 1464 1269 1502 dubium,
1309 1464 1526 1495 conclusionis
1552 1464 1794 1496 conformatio-

1035 1520 1109 1540 nem
1133 1509 1220 1551 apud
1244 1509 1386 1541 Tullium
1413 1508 1665 1540 usitatissimam.
1704 1508 1795 1540 Infra

237 1556 330 1588 iamsi
362 1556 534 1594 scribitur,
571 1560 680 1586 tamen
701 1565 817 1594 parum
842 1554 999 1597 exprimi-

238 1606 314 1633 tur“
336 1611 452 1641 parum
477 1606 526 1631 est
549 1601 631 1632 nicht
654 1609 765 1640 9371119.

304 1659 413 1697 procul
431 1658 470 1687 ab
495 1658 578 1687 amm·
597 1654 693 1697 metu]
720 1661 768 1685 est
792 1654 891 1690 idem,
910 1654 997 1697 quod

237 1706 356 1735 remota
379 1701 418 1732 ab
445 1700 533 1732 omni
557 1706 657 1731 metu.
706 1699 820 1730 [tirius
844 1699 999 1730 adverbia

238 1747 286 1778 sic
311 1745 472 1777 collocata
495 1755 556 1787 pro
583 1743 753 1775 adiectivis
779 1750 835 1775 aut
861 1744 998 1786 paltici—

237 1791 300 1834 piis
325 1796 511 1832 ponuntur3
542 1788 647 1820 multo
673 1788 899 1831 frequentiora
924 1795 999 1819 sunt

239 1835 399 1878 exempla,
427 1835 461 1865 in
482 1813 597 1877 qiiibus
618 1832 808 1864 adve1bium
829 1834 916 1864 inter
937 1833 998 1864 ad-

237 1880 392 1912 iectivum
419 1885 452 1911 et
474 1878 714 1910 substantivum
747 1878 856 1910 locum
886 1878 999 1917 habet,

239 1931 275 1956 nt
298 1935 402 1957 omnes
425 1926 541 1956 circa
563 1925 681 1963 populi.

238 1970 278 2002 L.
306 1971 334 2013 §.
351 1969 425 2002 109.
450 1969 532 2000 Not.
549 1968 601 2000 10.

307 2025 334 2067 §.
358 2021 413 2056 4⁴2.
451 2025 512 2063 Qui
535 2023 652 2065 autem]
690 2023 820 2055 Virtute
844 2034 907 2054 una
931 2023 999 2055 vita

241 2069 427 2100 continetur
457 2069 566 2099 beata.
616 2069 689 2098 Una
713 2068 799 2098 enim
831 2067 933 2098 virtus
958 2068 998 2099 ab

239 2112 444 2155 aegritudine
467 2123 527 2144 nos
552 2118 584 2143 et
606 2123 623 2142 a
646 2119 735 2142 metu
758 2119 790 2142 et
808 2111 945 2143 libidine
966 2119 999 2143 et

238 2157 393 2189 insolenti
418 2156 585 2188 alacritate
609 2155 777 2201 vindicare
801 2163 922 2198 potest.

305 2215 364 2244 sibi
385 2215 419 2244 in
441 2222 472 2244 se
493 2212 610 2255 posita]
638 2211 802 2243 Bentleius
824 2211 999 2253 legendum

239 2257 380 2289 coniecit
395 2259 499 2289 omnia
517 2267 576 2288 sua
597 2259 630 2288 in
650 2266 701 2288 se:
727 2255 815 2299 quod
829 2262 918 2287 recte
934 2256 996 2287 im-

238 2302 359 2344 probat
381 2301 531 2333 Orellius.
573 2303 732 2341 Wopkens.
748 2302 855 2332 Lectt.
868 2301 955 2333 Tull.
972 2303 996 2340 Ῐ,

239 2346 292 2381 19.
312 2358 343 2389 p.
361 2344 432 2379 145.
456 2345 610 2389 apposite
628 2352 797 2388 comparat
815 2346 854 2376 V.
872 2345 921 2383 10,
935 2345 995 2378 30:

237 2399 307 2424 tum
330 2397 489 2433 poterunt
512 2409 556 2415 —
580 2390 740 2433 profiteri,
768 2409 807 2414 —
834 2389 997 2421 omnia—

237 2438 295 2469 sz'bi
316 2438 348 2467 in
370 2446 433 2468 sese
451 2446 513 2468 esse
530 2438 644 2475 posita.
682 2435 836 2467 Dativum
856 2437 914 2467 sibi
930 2446 997 2466 non

239 2492 278 2512 ex
299 2480 479 2511 abundanti
499 2480 667 2518 additum,
701 2480 759 2511 sed
780 2480 997 2512 necessarium

239 2535 330 2561 esse,
365 2531 455 2556 recte
476 2525 576 2556 docet
597 2527 738 2565 Seyffert.
762 2525 804 2556 ad
826 2524 918 2556 Lael.
946 2524 995 2562 13,

238 2567 293 2601 45.
317 2580 350 2610 p.
364 2568 439 2600 303.
481 2570 589 2607 Quum
611 2570 697 2600 enim
716 2569 809 2601 dico:
836 2572 942 2602 omnia
966 2571 998 2601 in

238 2622 286 2645 me
307 2614 409 2652 posita
443 2617 533 2653 sunt,
570 2613 668 2645 credo
700 2614 809 2646 omnia
840 2626 955 2646 revera
980 2625 997 2645 a

238 2668 291 2689 me
312 2656 475 2699 pendere3
511 2668 608 2699 quum
633 2666 741 2690 autem
762 2659 856 2691 dico:
891 2661 997 2691 omnia

238 2703 341 2734 'mihi
364 2703 395 2733 in
415 2711 463 2732 me
484 2704 585 2740 posita
606 2707 687 2742 sunt,
711 2703 858 2745 significo
876 2704 997 2742 omnia,

239 2750 390 2787 quatenus
413 2747 456 2777 ad
478 2755 525 2777 me
549 2750 692 2786 spectent,
716 2748 748 2779 in
773 2759 825 2780 me
845 2760 913 2780 esse
931 2759 997 2790 po-

239 2791 313 2823 sita.

306 2849 354 2879 An
374 2847 614 2879 Lacedaemonii
636 2865 678 2870 —
698 2850 912 2886 quaesiverunt
934 2859 1000 2889 —5

237 2894 287 2924 vtr
308 2894 336 2923 is
354 2910 393 2915 —
409 2893 576 2931 reperietur
588 2909 632 2915 —
645 2890 675 2933 P]
705 2891 887 2922 Observent
910 2892 998 2924 tiro-

238 2947 295 2968 nes
321 2936 406 2969 hanc
429 2946 450 2968 a
473 2938 610 2975 minore,
648 2934 705 2966 sed
731 2942 821 2967 certo
848 2943 878 2967 et
904 2942 995 2969 extra

730 1924 769 1955 V.
796 1935 856 1955 nos
880 1923 913 1954 111
940 1923 997 1954 Gr.
1033 1924 1043 1954 1

1036 1566 1061 1585 c.
1087 1554 1140 1591 3.),
1164 1554 1217 1586 90.
1247 1553 1350 1585 Acad.
1371 1553 1402 1590 2,
1423 1553 1459 1585 41
1480 1566 1485 1583 z
1515 1563 1556 1585 αη
1576 1553 1695 1585 Stoicis
1715 1553 1793 1596 ipsis

1034 1599 1119 1629 inter
1143 1609 1178 1628 se
1202 1598 1407 1640 disceptare,
1445 1597 1525 1629 mihi
1559 1609 1631 1629 cum
1666 1598 1704 1629 iis
1728 1608 1793 1629 non

1035 1642 1173 1674 licebit?
1210 1654 1271 1685 pro
1309 1643 1405 1674 Arch.
1430 1649 1528 1684 poeta
1556 1641 1616 1680 12,
1642 1643 1704 1675 50:
1746 1647 1792 1675 Αη

1034 1694 1157 1718 statuas
1193 1694 1226 1717 et
1259 1686 1417 1730 imagines
1451 1707 1494 1712 --
1518 1687 1666 1718 studiose
1700 1686 1794 1718 multi

1033 1732 1149 1763 summi
1173 1732 1321 1763 homines
1339 1732 1557 1774 reliquerunt,
1584 1731 1794 1764 consiliorum

1033 1777 1217 1820 relinquere
1241 1788 1279 1808 ac
1302 1777 1460 1808 virtutum
1497 1783 1680 1808 nostrarum
1715 1776 1794 1808 effi-

1034 1822 1119 1864 giem
1143 1833 1252 1852 nonne
1275 1821 1379 1854 multo
1399 1821 1496 1852 malle
1514 1821 1681 1859 debemus,
1701 1833 1792 1853 sum-

1033 1867 1092 1898 mis
1116 1866 1253 1908 ingeniis
1278 1878 1463 1908 expressam
1490 1873 1522 1897 et
1548 1865 1711 1908 politam?
1739 1866 1794 1897 ubi

1043 1912 1126 1942 111113
1162 1911 1301 1942 contulit
1331 1913 1533 1951 Slitrenbury.
1558 1922 1590 1953 p.
1612 1910 1674 1943 160
1686 1922 1735 1953 sq.
1760 1910 1794 1942 in

1037 1956 1129 1988 Catil.
1153 1957 1176 1986 I.
1200 1955 1228 1995 1,
1250 1956 1291 1989 3:
1316 1959 1364 1988 An
1388 1967 1466 1987 vero
1492 1957 1541 1987 vir
1564 1955 1792 1997 amplissimus,

1033 2002 1068 2033 P.
1093 2000 1216 2042 Scipio,
1244 2019 1282 2024 —-
1308 2001 1360 2033 Ti.
1384 2000 1588 2039 Gracchum,
1614 2000 1794 2032 mediocri-

1033 2053 1085 2077 ter
1108 2045 1366 2076 labefactantem
1388 2052 1509 2076 statum
1528 2045 1620 2087 reip.,
1646 2045 1793 2087 privatus

1033 2090 1202 2121 interfecit
1216 2102 1223 2127 3
1245 2090 1427 2128 Catilinam,
1442 2090 1553 2121 orbem
1570 2097 1677 2121 terrae
1691 2089 1793 2122 caede

1034 2140 1133 2176 atque
1156 2134 1316 2165 incendiis
1340 2141 1470 2165 vastare
1496 2135 1681 2177 cupientem
1696 2159 1704 2173 ‚
1732 2145 1793 2166 nos

1035 2178 1184 2210 consules
1218 2179 1448 2220 perferemus?
1506 2180 1580 2210 Duo
1614 2179 1792 2221 praeterita

1032 2223 1185 2265 leguntur
1203 2222 1289 2254 infra
1311 2234 1337 2254 c.
1349 2224 1402 2260 32,
1415 2222 1469 2256 90.
1496 2234 1527 2265 p.
1545 2223 1644 2254 Balbo
1660 2223 1713 2261 23,
1728 2221 1790 2255 54:

1033 2271 1080 2299 An
1103 2267 1214 2309 lingua
1239 2274 1270 2299 et
1292 2267 1424 2309 ingenio
1446 2267 1597 2310 patefieri
1618 2267 1725 2299 aditus
1750 2267 1792 2299 ad

1034 2312 1199 2344 civitatem
1227 2315 1347 2352 poluit,
1383 2324 1480 2343 manu
1510 2319 1543 2343 et
1573 2312 1695 2344 virtute
1728 2322 1791 2343 non

1030 2359 1155 2397 potuit?
1180 2367 1259 2388 anne
1272 2356 1313 2387 de
1336 2357 1431 2388 nobis
1446 2357 1576 2388 trahere
1599 2357 1704 2400 spolia
1720 2357 1793 2388 foe-

1033 2401 1154 2433 deratis
1179 2404 1308 2441 licebat,
1331 2401 1373 2432 de
1396 2401 1545 2433 hostibus
1568 2413 1633 2434 non
1656 2403 1791 2434 licebat?

1032 2458 1071 2478 311
1095 2447 1183 2489 quod
1206 2446 1344 2488 adipisci
1360 2450 1503 2486 poterant
1518 2446 1669 2484 dicendo,
1695 2446 1730 2477 id
1748 2446 1792 2478 eis

1032 2491 1159 2534 assequi
1184 2491 1362 2533 pugnando
1387 2502 1453 2522 non
1487 2494 1620 2523 licebat?
1659 2490 1711 2522 ubi
1736 2490 1790 2522 alii

1030 2536 1114 2568 male
1139 2536 1203 2577 leg.
1222 2538 1330 2567 licebit.
1346 2547 1377 2577 p.
1392 2535 1492 2567 domo
1515 2547 1572 2567 sna
1598 2536 1648 2574 10,
1662 2534 1724 2568 26:
1749 2545 1791 2567 an

1032 2600 1075 2605 —
1100 2583 1184 2613 licui!
1208 2580 1267 2611 tibi
1293 2581 1381 2611 serre
1405 2599 1447 2604 —
1470 2580 1686 2622 privilegium,
1711 2579 1791 2611 mihi

1031 2645 1075 2650 —
1091 2637 1156 2657 non
1177 2628 1263 2657 licuit
1276 2645 1319 2649 —
1333 2625 1529 2656 sententiam
1551 2623 1688 2655 dicere?
1716 2625 1789 2656 Duo

1030 2670 1228 2713 imperfecta
1254 2668 1488 2701 conditionalia
1512 2669 1583 2701 Fin.
1609 2670 1633 2700 l.
1656 2668 1709 2707 21,
1724 2669 1787 2703 72:

1031 2719 1078 2747 An
1100 2734 1140 2738 —
1159 2726 1213 2746 eas
1233 2734 1269 2738 -
1297 2721 1384 2746 artes
1406 2717 1647 2753 persequeretur,
1672 2713 1790 2745 viven-

1035 2759 1068 2790 di
1089 2767 1195 2792 artem
1218 2778 1262 2783 -
1284 2760 1490 2798 relinqueret?
1537 2759 1576 2790 V.
1600 2760 1789 2799 Wesenber9.

1034 2805 1189 2835 Em.111.
1248 2804 1330 2836 3.1.
1387 2802 1532 2833 Similem
1569 2802 1714 2834 conclus
1704 2803 1790 2835 lonis

1033 2849 1175 2880 formam
1201 2816 1298 2891 siipra
1330 2847 1371 2879 ad
1403 2845 1443 2878 11.
1468 2847 1530 2889 17,
1553 2846 1607 2880 39.
1639 2847 1789 2879 vidimus.

1034 2894 1085 2924 Cf.
1097 2895 1202 2926 Hand.
1217 2892 1356 2925 Tursell.
1381 2893 1404 2923 1.
1428 2902 1462 2933 p.
1473 2889 1539 2924 349
1550 2902 1597 2935 sq.
1620 2898 1654 2924 et
1672 2903 1732 2924 nos
1755 2891 1788 2923 in

1033 2938 1141 2970 Gr.L
1114 2939 1152 2970 L.
1185 2936 1315 2981 §.159.
1339 2935 1370 2968 3.
1420 2937 1467 2967 De
1495 2935 1565 2979 ipsa
1599 2936 1788 2969 narratione
