1863 3221
218 107 303 152 474
796 113 961 147 LIBER
986 112 1113 154 v.40,
1139 111 1213 147 117.

219 198 294 249 les,
327 197 433 238 surdi
460 197 635 251 profecto
659 206 807 234 sumus.
842 215 896 222 —-
942 191 996 232 At
1019 205 1154 233 vocem
1177 191 1390 233 citharoedi
1414 207 1491 235 non
1515 195 1689 236 audiunt.
1723 218 1778 226 ——

220 269 286 310 Ne
313 270 517 310 stridorem
547 267 698 320 quidem
731 278 866 305 serrae
891 272 994 315 tum,
1041 279 1156 320 quum
1188 264 1363 315 acuitur,
1407 275 1471 306 aut
1496 269 1719 320 grunnitum
1733 272 1772 320 ¹²⁴,

222 357 336 396 quum
366 341 582 394 iugulatur,
616 339 697 379 suis
714 341 751 388 3,
785 351 878 388 nec,
911 352 1026 391 quum
1049 337 1250 391 quiescere
1274 338 1430 390 volunt,
1463 340 1657 380 fremitum
1674 355 1778 382 mur-

222 414 408 454 murantis
434 412 568 452 maris.
630 410 684 450 Et
710 410 743 450 si
777 417 912 450 cantus
939 424 1008 451 eos
1035 412 1134 450 forte
1157 411 1371 461 delectant,
1417 412 1580 466 primum
1605 413 1778 466 cogitare

221 486 385 536 debent,
428 491 633 538 antequam
661 483 699 523 hi
725 483 804 523 sint
834 483 1009 533 inventi,
1055 483 1194 523 multos
1222 483 1334 523 beate
1371 484 1523 524 vixisse
1558 485 1777 539 sapientes3

221 558 359 598 deinde
380 557 499 597 multo
522 557 708 596 maiorem
732 556 874 611 percipi
895 570 1008 610 posse
1029 555 1204 609 legendis
1222 555 1296 607 his,
1331 570 1444 610 quam
1461 557 1678 607 audiendis,
1711 572 1781 598 vo-

220 630 421 684 luptatem.
486 636 582 670 117.
618 629 738 680 Tum⁷
773 636 810 669 ut
834 629 961 683 paullo
981 636 1070 669 ante
1089 642 1229 669 caecos
1250 629 1295 668 ad
1317 629 1465 669 aurium
1486 630 1781 671 traducebamus

219 703 482 756 voluptatem,
523 702 580 742 sic
602 702 692 742 licet
721 703 860 742 surdos
890 702 935 742 ad
965 702 1180 742 oculorum.
1243 700 1400 741 Etenim
1426 702 1487 755 qui
1515 716 1648 742 secum
1676 703 1781 757 loqui

220 775 387 829 poterit,
433 788 655 815 sermonem
693 774 852 815 alterius
891 789 967 815 non
1004 774 1191 828 requiret.
1268 772 1545 828 Congerantur
1580 775 1620 815 in
1658 790 1777 816 unum

220 848 374 898 omnia,
407 854 449 887 ut
467 847 569 887 idem
591 847 712 887 oculis
737 854 774 888 et
795 847 951 888 auribus
975 854 1106 901 captus
1126 847 1190 894 sit,
1226 855 1424 899 prematur
1445 847 1560 888 etiam
1583 848 1781 888 doloribus

221 920 423 959 acerrimis
452 921 651 973 corporis,
692 920 755 973 qui
786 920 949 973 primum
975 933 1044 974 per
1066 933 1108 959 se
1136 920 1208 973 ipsi
1231 920 1453 973 plerumque
1477 920 1685 960 conficiunt
1715 921 1783 960 ho-

220 992 388 1043 minem3
421 992 482 1031 sin
511 993 611 1031 forte
630 991 912 1045 longinquitate
935 992 1110 1044 producti
1135 992 1404 1031 vehementius
1428 999 1557 1032 tamen
1583 1001 1780 1046 torquent,

223 1078 337 1116 quam
361 1070 404 1103 ut
430 1077 569 1103 caussa
592 1064 665 1114 sit,
699 1078 768 1103 cur
793 1066 992 1103 ferantur:
1026 1063 1114 1116 quid
1139 1070 1199 1103 est
1222 1064 1402 1114 tandem,
1436 1064 1505 1104 ‹li4
1533 1064 1648 1104 boni!
1683 1066 1782 1119 quod

222 1136 468 1176 laboremus?

310 1229 332 1263 2
355 1232 441 1263 Mos.
465 1242 506 1262 ex
529 1231 569 1262 R.
590 1232 624 1262 P.
652 1230 738 1262 Gud.
754 1230 781 1263 1.
809 1231 860 1262 ed.
883 1232 924 1262 D.
949 1237 982 1262 et
1003 1231 1092 1262 Non.
1115 1242 1148 1273 p.
1174 1228 1248 1262 114.
1271 1237 1305 1262 et
1325 1228 1402 1263 464.
1428 1233 1621 1272 yrunditum.

528 1135 671 1176 Portus
703 1136 804 1175 enin]
836 1143 993 1191 praesto
1025 1143 1107 1187 est,
1156 1136 1336 1190 quoniam
1371 1151 1476 1176 mors
1517 1137 1689 1177 ibidem⁵
1724 1145 1783 1178 est

1681 1231 1703 1264 3
1728 1232 1783 1264 Sic

222 1278 276 1307 Or.
302 1287 329 1308 c.
355 1276 394 1307 R.
421 1277 456 1309 P.
478 1277 551 1308 Vat.
576 1275 661 1309 Gud.
677 1276 705 1308 1.
732 1277 770 1307 11.
797 1276 933 1319 aliisque
956 1282 990 1307 et
1014 1277 1102 1307 Non.
1125 1287 1157 1318 p.
1175 1275 1248 1307 114.
1270 1287 1330 1318 pro
1353 1276 1440 1319 vulg.
1465 1287 1527 1309 sus.
1574 1274 1595 1309 4
1619 1276 1673 1309 Sic
1696 1289 1723 1309 c.
1745 1279 1784 1309 D.

222 1327 257 1352 et
280 1322 336 1353 Tr.
360 1332 378 1352 e
401 1321 439 1352 R.
464 1327 495 1352 et
516 1322 550 1352 P.
572 1320 688 1364 scripsi
712 1332 772 1364 pro
792 1321 879 1363 vulg.
905 1323 961 1353 dii.
1008 1323 1028 1354 τ’)
1053 1332 1084 1352 v.
1110 1320 1196 1352 Adu.

222 1388 327 1430 Legg.
351 1389 406 1428 11¹,
427 1388 466 1421 7:
493 1394 632 1429 excepto
654 1387 808 1426 tribuno,
835 1387 887 1430 qui
907 1394 983 1430 post

222 1432 368 1470 exstitit,
394 1444 435 1463 ne
458 1434 504 1471 id,
527 1434 609 1471 quod
629 1434 750 1471 suerat,
775 1437 861 1463 esset.
908 1433 980 1463 Fin.

222 1477 263 1507 V.
284 1476 344 1507 30:
381 1476 437 1507 ille
460 1487 538 1507 vero
561 1476 716 1518 insipieus
731 1501 739 1516 ‚
775 1478 856 1515 quod
882 1483 981 1515 certe,

223 1519 379 1563 quoniam
398 1527 555 1562 tyrannus
578 1527 640 1551 etc.
680 1521 734 1558 IV,
757 1521 821 1552 ’.ἐ-’11
859 1527 893 1551 ut
919 1521 983 1552 iam

225 1576 337 1596 omnes
358 1565 550 1607 insipientes
572 1564 637 1595 sint
655 1564 773 1600 miseri,
799 1567 881 1605 quod
902 1577 983 1608 pro-

225 1609 317 1641 fecto
345 1613 426 1642 sunt.
482 1612 626 1641 Handius
660 1609 702 1640 ad
735 1610 858 1652 Wopk.
895 1610 915 1642 l.
949 1610 982 1641 d.

226 1653 310 1685 coni.
337 1664 499 1694 omnesque
521 1656 616 1685 iidem
640 1665 693 1686 nos
718 1661 779 1686 etc.
795 1679 802 1692 ‚
838 1661 874 1685 ut
898 1654 986 1686 idem

224 1698 284 1736 sit,
316 1698 423 1741 quod:
460 1710 637 1741 omnesque
660 1698 740 1729 item
765 1711 836 1731 nos.
887 1702 929 1730 At
953 1700 986 1730 in

225 1742 340 1785 quibus
375 1743 456 1774 loeis
489 1745 571 1774 idem
605 1754 665 1784 pro
699 1746 770 1775 item
802 1751 985 1786 usurpatur,

225 1798 339 1818 eorum
363 1787 462 1829 longe
487 1786 548 1818 alia
574 1787 658 1818 ratio
685 1794 745 1818 est.
794 1789 833 1820 V.
859 1800 918 1819 nos
953 1788 986 1819 in

227 1832 283 1862 Gr.
312 1833 351 1863 L.
384 1834 410 1868 χῖ.
439 1832 517 1869 1¹23,
541 1832 573 1864 3.
629 1834 769 1864 Klotzius
802 1833 986 1864 orationem

225 1872 449 1909 οἶνακόλουξῖον
475 1888 544 1907 esse
568 1883 716 1907 statuens
737 1877 836 1908 verba
859 1877 906 1909 sic
931 1878 986 1908 in-

224 1921 412 1962 terpunxit:
448 1933 625 1963 omnesque
657 1921 691 1952 id
723 1933 782 1952 nos
816 1922 849 1953 in
883 1922 921 1953 iis
954 1922 986 1960 l.,

225 1976 305 2007 quas
327 1976 357 1995 n.
376 1966 494 2005 intell„
520 1978 602 2008 quae
623 1973 699 1997 sunt
720 1965 985 2005 innumerabiles,

226 2027 266 2032 -
293 2009 382 2040 surdi
418 2011 573 2052 profecto
605 2022 725 2041 sumus.
785 2012 877 2049 Quae
902 2012 986 2043 ratio

225 2053 304 2084 mihi
337 2066 469 2096 quoque
502 2055 680 2096 probabilis
715 2055 856 2088 videtur.
903 2058 987 2087 Ora-

226 2098 351 2128 tionem
372 2099 498 2129 Tullius
517 2099 561 2129 ita
587 2099 767 2136 exorditur,
792 2100 881 2141 quasi
904 2100 987 2131 scri-

226 2148 341 2183 pturus
366 2142 427 2173 sit:
465 2154 641 2185 omnesque
664 2142 698 2173 id
723 2154 782 2173 nos
805 2144 836 2174 in
859 2144 896 2174 iis
922 2144 986 2175 lin-

226 2185 296 2227 guis
314 2205 357 2209 --
375 2198 483 2217 sumus
498 2199 504 2223 3
531 2187 650 2218 deinde
672 2186 764 2217 addit
786 2188 884 2219 verba
901 2191 989 2220 surdi

224 2231 360 2269 profecto
383 2241 509 2270 sumus,
543 2232 633 2273 quasi
658 2243 839 2273 pronomen
865 2235 898 2264 id
923 2244 988 2264 non

227 2275 449 2306 antecesserit.
498 2275 587 2307 Talis
621 2276 821 2318 negligentia
850 2276 882 2308 in
918 2278 988 2308 aliis

230 2318 396 2350 Ciceronis
430 2319 520 2351 libris
555 2320 679 2352 maiore
703 2321 873 2363 diligentia
906 2334 987 2354 con-

229 2363 324 2394 sectis
349 2364 562 2396 defendenda
596 2377 661 2396 non
688 2372 778 2401 erat3
816 2373 849 2397 at
883 2366 914 2397 in
940 2367 988 2398 his

228 2409 422 2440 Tusculanis
447 2409 663 2448 festinanter,
702 2411 747 2440 uti
773 2410 836 2441 iam
861 2412 988 2454 saepius

230 2452 384 2491 vidimus,
410 2454 540 2495 seriptis
565 2454 776 2486 defendenda
806 2462 865 2488 est.

297 2498 412 2539 §.117.
439 2509 540 2530 secum
564 2501 662 2539 loqui]
691 2500 742 2529 Cf.
771 2512 796 2531 c.
822 2499 885 2538 36,
914 2500 988 2533 103.

297 2544 348 2579 qui
363 2545 513 2582 primuml
538 2544 682 2574 Voculae
701 2546 837 2583 primum
855 2556 989 2586 respon-

229 2584 286 2615 det
309 2587 355 2615 siu
377 2587 461 2623 forle.
497 2588 536 2617 V.
559 2588 599 2617 ad
624 2589 675 2619 IV.
693 2589 746 2625 δῖ),
763 2587 821 2621 74:
848 2592 875 2620 ei
898 2592 987 2621 illud.

296 2632 442 2668 quonium.
456 2649 493 2652 —
510 2634 618 2663 ibidem
643 2635 698 2674 est]
728 2635 775 2663 De
791 2634 893 2664 Benil.
909 2646 988 2664 sen-

228 2672 332 2704 tentia
358 2674 395 2704 D.
422 2675 495 2704 Eru.
517 2676 571 2704 W.
596 2677 712 2707 verba:
738 2681 884 2717 quonium
907 2689 990 2709 mors

230 2719 341 2748 ibidem
366 2721 409 2748 esi
433 2718 521 2748 nucis
548 2719 728 2751 cium-unt.
779 2722 867 2757 „Sed
901 2729 990 2753 recte

230 2762 295 2792 iam
318 2764 434 2793 Nissen.
475 2763 683 2799 observavit,
711 2766 831 2796 nullum
855 2778 988 2807 prorsus

231 2818 376 2838 caussam
402 2807 548 2848 exputari
570 2819 677 2848 posse7
705 2821 759 2839 rur
782 2817 847 2840 tam
870 2812 987 2841 incon-

229 2863 345 2893 gruum
391 2852 551 2893 glossema
599 2852 767 2893 quisquam
807 2855 988 2888 int-ulvurit.

231 2896 319 2934 Quid
343 2896 430 2927 enim
453 2896 523 2927 istis
549 2896 654 2927 verbis
689 2910 707 2927 a
731 2910 765 2927 se
791 2899 987 2940 explicatum

232 2940 483 2973 existimassetf‘
541 2943 616 2984 Or.‚
654 2942 708 2985 qui
738 2953 836 2973 uuum
861 2949 987 2976 tantum

1018 1388 1134 1419 vocab.
1158 1389 1291 1427 ibidem,
1316 1394 1351 1419 ut
1375 1388 1475 1431 gloss.
1490 1413 1498 1427 ‚
1524 1387 1615 1420 uncis
1640 1388 1782 1420 circum-

1019 1432 1129 1463 dedit:
1168 1435 1315 1472 quoniam
1340 1444 1423 1465 mors
1449 1436 1504 1474 (sc.
1534 1439 1687 1475 praesto,
1721 1445 1782 1476 pro

1019 1487 1083 1519 quo
1109 1476 1273 1518 glossator
1299 1477 1383 1509 falso
1407 1477 1541 1508 intrusit
1564 1478 1691 1515 ibidem)
1728 1483 1782 1519 esi,

1019 1525 1177 1553 aeternum
1197 1526 1284 1553 cet.“
1311 1522 1401 1553 {dem
1423 1522 1457 1552 in
1478 1522 1668 1555 recent.ed.
1688 1534 1784 1553 com-

1018 1577 1069 1597 ma
1095 1572 1171 1607 post
1195 1570 1238 1598 est
1261 1566 1404 1605 delevit,
1430 1566 1492 1597 ita:
1529 1569 1677 1606 quoniam
1701 1577 1784 1599 mors

1018 1615 1060 1642 est
1081 1614 1240 1642 aeternum
1263 1613 1339 1642 nihil
1373 1613 1522 1643 sentiendi
1541 1615 1650 1650 recept.
1696 1614 1784 1644 Nis-

1021 1665 1100 1687 sen.
1126 1655 1210 1686 coni.
1235 1658 1384 1695 quoniam
1403 1666 1486 1687 mors
1503 1658 1627 1696 quidem
1645 1660 1686 1688 est
1710 1660 1783 1696 aet,

1024 1701 1200 1732 Wesenb.
1225 1701 1295 1731 Em.
1319 1702 1344 1731 1.
1363 1712 1395 1743 p.
1410 1699 1464 1732 34.
1489 1703 1636 1740 quoniam
1660 1703 1784 1741 quidem

1023 1746 1068 1786 (v.
1100 1744 1141 1775 ad
1175 1745 1227 1775 ΙΙΙ.
1249 1745 1312 1783 27,
1334 1744 1404 1785 66.)
1432 1755 1515 1776 mors
1538 1749 1580 1776 est
1605 1750 1662 1777 aet.
1712 1747 1783 1788 Ego

1022 1800 1094 1819 cum
1119 1791 1239 1820 Klotzio
1262 1789 1371 1820 omnia
1393 1789 1475 1820 haec
1500 1790 1599 1821 verba
1630 1802 1784 1832 germana

1022 1845 1091 1864 esse
1123 1833 1274 1865 existimo
1305 1841 1337 1864 et
1367 1834 1502 1865 verbum
1533 1837 1647 1866 ibidem
1674 1836 1785 1866 refero

1021 1877 1062 1908 ad
1085 1878 1314 1909 antecedentia
1339 1879 1457 1909 verba:
1493 1881 1539 1910 sin
1563 1881 1639 1918 forle
1664 1882 1784 1920 longin-

1020 1925 1135 1962 quitate
1170 1925 1315 1962 producti
1352 1925 1557 1954 vehementius
1587 1928 1689 1956 tamen
1723 1929 1784 1956 tor-

1021 1971 1132 2007 quent,
1167 1977 1262 2007 quam
1284 1972 1317 1999 ut
1337 1978 1450 2000 caussa
1470 1971 1528 2007 sit,
1561 1979 1616 2000 cur
1635 1971 1785 2009 ferantur.

1025 2013 1159 2043 Comma
1192 2019 1301 2043 autem
1333 2019 1409 2043 ante
1439 2017 1596 2044 aeternum
1632 2025 1704 2044 cum
1730 2016 1783 2045 Or.

1022 2056 1055 2087 in
1089 2056 1141 2087 ed.
1174 2068 1237 2087 rec.
1266 2057 1392 2088 sustuli.
1445 2059 1565 2089 Ibidem
1599 2065 1648 2089 est
1681 2060 1786 2090 eodem

1020 2105 1176 2140 tempore,
1201 2111 1296 2140 quum
1321 2105 1360 2133 est
1383 2112 1522 2133 summus
1545 2103 1687 2134 dolorum
1710 2112 1786 2143 yra-

1023 2147 1093 2183 dus,
1110 2145 1183 2175 vel:
1206 2148 1239 2176 in
1259 2156 1379 2177 summo
1400 2148 1540 2177 dolorum
1559 2149 1684 2186 9radu;
1707 2158 1786 2178 sen-
1811 2179 1814 2182 ,

1023 2188 1127 2219 tentia
1148 2188 1247 2230 igitur
1268 2196 1316 2220 est
1332 2190 1431 2221 haec:
1458 2190 1557 2221 etiam
1581 2191 1612 2221 in
1636 2191 1784 2222 acerbis—

1023 2233 1110 2263 simis
1132 2233 1301 2264 doloribus
1335 2245 1401 2265 non
1426 2240 1495 2271 est,
1533 2235 1621 2276 quod
1652 2235 1785 2266 labore-

1023 2290 1112 2314 mus3
1138 2284 1255 2319 portus
1275 2278 1360 2308 enim
1383 2284 1515 2320 praesto
1533 2286 1591 2317 est,
1618 2280 1782 2321 quoniam,

1025 2323 1078 2353 ubi
1103 2322 1235 2353 dolores
1259 2322 1300 2353 ad
1324 2334 1484 2354 summum
1507 2324 1643 2365 gradum
1669 2336 1786 2355 ascen-

1024 2367 1153 2403 derunt,
1171 2369 1285 2398 ibidem
1307 2367 1384 2398 licet
1398 2368 1491 2398 nobis
1513 2380 1568 2399 eos
1592 2369 1682 2400 finire
1698 2381 1785 2400 mor-

1025 2419 1078 2449 te,
1116 2423 1179 2453 qua
1202 2411 1233 2441 in
1267 2424 1339 2442 eum
1361 2412 1552 2444 deducimur
1574 2420 1716 2451 statum,
1751 2413 1784 2444 in

1025 2468 1090 2498 quo
1122 2456 1227 2487 nullos
1261 2456 1437 2487 sentiamus
1465 2457 1606 2490 dolores.
1655 2459 1703 2489 De
1726 2461 1784 2489 ibi-

1024 2503 1113 2540 dem,
1149 2500 1237 2542 quod
1272 2501 1432 2542 significat
1463 2502 1494 2532 h.
1518 2502 1538 2532 l.
1564 2505 1596 2534 in
1621 2505 1729 2533 eadem
1751 2512 1784 2534 re

1025 2546 1076 2575 vel
1100 2545 1210 2587 potius
1233 2548 1337 2577 eodem
1361 2550 1504 2585 tempore,
1531 2547 1573 2577 cf.
1590 2549 1728 2586 Madviy.
1742 2546 1783 2577 ad

1027 2590 1118 2621 Fiun.
1141 2592 1161 2620 1.
1177 2589 1207 2625 o,
1231 2590 1286 2621 19:
1313 2590 1433 2621 deiude
1456 2593 1567 2622 ibidem
1585 2591 1682 2621 homo
1702 2603 1782 2621 ucu—

1025 2641 1074 2665 tus
1094 2654 1136 2657 —
1157 2634 1263 2665 attulit
1289 2647 1356 2665 rein
1380 2635 1649 2665 commenticiam.
1676 2642 1702 2664 el
1721 2638 1783 2666 lor—

1024 2682 1098 2711 (lava.
1120 2679 1161 2709 ud
1186 2691 1232 2709 or.
1259 2691 1289 2721 p.
1316 2680 1442 2710 Caecin.
1466 2680 1506 2717 ἓ),
1533 2680 1595 2710 23:
1632 2679 1724 2709 laesit
1749 2680 1782 2711 iu

1025 2736 1063 2754 eo
1079 2723 1264 2761 Caecinam,
1287 2724 1435 2754 sublevat
1456 2725 1576 2754 ibidem,
1614 2725 1660 2753 De
1676 2731 1782 2755 morte

1025 2768 1207 2799 voluntaria
1234 2780 1263 2799 v,
1290 2771 1311 2800 1,
1339 2770 1391 2805 31),
1419 2769 1471 2801 74.

1091 2815 1284 2843 cantharidis
1307 2815 1384 2852 vim]
1413 2814 1576 2842 (sztlmris
1602 2825 1638 2843 ox
1662 2825 1781 2854 genere

1023 2858 1283 2894 sczuubzworum,
1310 2856 1397 2887 cuius
1421 2867 1532 2885 succus
1552 2865 1728 2888 venenatus
1748 2857 1780 2888 iu

1024 2913 1122 2932 venas
1158 2901 1320 2943 ingressus
1353 2899 1491 2942 pestifer
1525 2907 1557 2931 et
1590 2902 1696 2932 letalis
1721 2908 1781 2932 est.

1025 2948 1146 2978 Schiitz.
1172 2945 1281 2977 Lexic.
1300 2945 1334 2976 h.
1346 2956 1375 2976 v.
1423 2945 1471 2976 De
1483 2946 1663 2978 Theodoro
1683 2948 1779 2978 Davi-
