1863 3221
227 116 308 160 254

227 210 379 258 nosmet
399 202 470 256 ipsi
495 201 607 256 nobis
631 199 775 240 mederi
799 199 990 253 possimus
1005 230 1015 248 ,
1051 198 1324 239 elaborandum
1346 207 1420 240 est.

826 121 1072 154 Lissssniu.
1098 119 1195 161 3,7.

1484 199 1713 254 Quanquam
1735 200 1782 241 de

227 277 410 318 universa
433 273 687 327 philosophia,
722 278 865 325 quanto
893 274 1042 326 opere⁵
1069 273 1139 310 et⁶
1167 272 1386 325 expetenda
1413 281 1519 313 esset
1541 281 1580 313 et
1602 274 1780 323 colenda,

1277 343 1337 384 De
1359 345 1539 385 maximis
1568 353 1693 385 autem
1721 359 1784 386 re·

1714 416 1784 457 His

226 500 355 533 autem
379 491 486 532 libris
508 490 687 544 exposita
720 496 810 529 sunt
831 503 874 530 ea
891 521 901 540 ,
945 503 1042 542 quae
1072 503 1093 528 a
1120 489 1232 528 nobis
1257 503 1342 528 cum
1362 489 1615 529 familiaribus
1640 489 1785 529 nostris

225 349 343 398 satis,
376 354 418 387 ut
442 346 632 395 arbitror,
667 345 809 384 dictum
837 351 897 384 est
922 344 960 383 in
985 343 1214 383 Hortensio.

225 422 295 461 bus
323 420 418 460 nibil
442 420 523 458 fere
547 417 824 457 intermisimus
856 423 991 471 postea
1026 430 1097 456 nec
1133 417 1329 470 disputare
1357 431 1429 457 nec
1460 417 1648 457 scribere.

224 567 263 606 in
288 565 514 605 Tusculano
537 570 648 603 erant
668 563 876 617 disputata.
941 560 1019 602 Sed
1050 561 1230 614 quoniam
1267 562 1416 601 duobus
1439 560 1705 615 superioribus
1737 562 1784 602 de

225 645 349 678 morte
382 644 420 677 et
445 637 490 676 de
512 637 644 676 dolore
667 636 808 675 dictum
831 642 913 685 est,
958 635 1094 674 tertius
1119 633 1201 674 dies
1225 633 1496 688 disputationis
1531 634 1603 673 boc
1629 634 1783 674 tertium

224 712 405 752 volumen
432 709 584 750 efficiet.
648 714 688 749 7.
739 707 790 749 Ut
822 708 924 747 enim
949 708 987 746 in
1013 707 1262 746 Academiam
1292 714 1464 747 nostram
1496 707 1782 757 descendimus,

224 784 409 824 inclinato
430 783 504 822 iam
525 782 564 821 in
590 781 966 836 postmeridianum⁷
987 787 1134 834 tempus
1159 779 1235 830 die,
1270 779 1425 834 poposci
1446 793 1577 818 eorum
1599 779 1782 833 aliquem,

226 856 287 910 qui
317 856 501 904 aderant,
536 868 712 893 caussam
746 853 980 892 disserendi.

337 926 412 968 IV.
464 926 516 966 A.
551 924 718 966 Videtur
740 925 829 964 mibi
853 925 993 964 cadere
1017 925 1053 963 in
1075 924 1288 977 sapientem
1308 924 1526 976 aegritudo.

1044 852 1146 892 Tum
1181 865 1242 891 res
1275 858 1362 891 acta
1393 851 1449 891 sic
1481 859 1555 892 est.

1583 924 1645 964 M.
1678 923 1783 964 Num

227 999 398 1053 reliquae
420 1012 573 1052 quoque
596 997 909 1050 perturbationes
931 996 1070 1046 animi,
1106 996 1332 1035 formidines
1348 1027 1358 1046 ,
1392 995 1571 1035 libidines
1587 1026 1597 1046 ,
1632 996 1785 1036 iracun-

315 1103 335 1135 5
360 1103 413 1134 Sic
434 1105 489 1133 Or.
505 1114 531 1133 c.
553 1101 663 1132 multis
685 1108 718 1132 et
741 1100 872 1143 optimis
894 1100 1004 1137 codd„

1031 1106 1065 1131 ut
1077 1100 1114 1132 R.
1130 1101 1164 1131 P.
1179 1100 1236 1131 Gr.
1253 1111 1313 1142 pro
1337 1100 1424 1142 vulg.
1443 1105 1640 1140 quantopere.
1686 1098 1708 1132 6
1732 1101 1786 1134 Sic

226 1152 281 1180 Or.
295 1160 322 1181 c.
346 1148 384 1178 R.
406 1146 492 1180 Gud.
508 1147 538 1178 1.
561 1147 601 1177 ΙΙ.
627 1145 801 1188 multisque
825 1145 895 1177 aliis
916 1145 1013 1177 codd.
1041 1151 1075 1176 et
1095 1144 1243 1187 plurimis
1264 1144 1358 1183 edd.;
1384 1145 1450 1185 alii,
1477 1145 1574 1177 etiam
1587 1147 1633 1186 P.,
1659 1157 1724 1178 om.
1746 1150 1784 1179 et.

223 1192 244 1226 7
268 1205 299 1225 v.
327 1191 410 1223 Adn.

224 1259 366 1302 denique
386 1258 482 1301 plane
498 1259 590 1290 abest
603 1260 742 1297 viribus,·
766 1257 843 1289 hinc
856 1258 988 1297 Treyder

224 1304 314 1335 uncis
346 1303 496 1334 inclusit:
533 1302 622 1345 quod
654 1302 820 1344 improbat
848 1304 987 1332 Klotzius

224 1349 257 1380 in
280 1348 364 1379 Add.
390 1359 423 1389 p.
447 1345 536 1384 124„
577 1346 630 1389 qui
654 1359 681 1378 c.
707 1349 761 1378 Or.
793 1352 883 1377 recte
907 1345 986 1387 legit

224 1396 332 1433 opibus
363 1395 489 1424 viribus.
537 1391 636 1430 Quod
666 1397 775 1422 autem
801 1402 827 1421 c.
848 1391 906 1430 11,
931 1391 984 1421 25.

224 1439 388 1477 „omnibus
411 1439 528 1468 viribus
549 1440 639 1474 alque
669 1438 778 1474 opibus
807 1444 985 1474 repugnan-

224 1483 300 1512 dum
333 1484 400 1512 esl“
433 1480 571 1517 dicitur,
610 1479 643 1509 id
677 1479 797 1510 morari
832 1490 890 1510 nos
918 1489 983 1509 non

224 1525 344 1566 debet,
381 1536 476 1567 quum
510 1524 605 1555 liceat
639 1522 862 1565 proverbiales
889 1522 985 1554 locu-

223 1570 331 1601 tiones
352 1570 450 1600 etiam
471 1568 594 1610 vulgari
618 1568 749 1598 dicendi
775 1568 880 1599 forma
904 1578 986 1609 pro-

225 1615 323 1645 ferre.
357 1616 495 1645 Klotzius
508 1620 582 1654 apte
597 1619 764 1654 comparat
777 1613 844 1643 Ter
869 1612 986 1642 Heaut.

223 1660 263 1691 V.
284 1659 312 1696 l,
328 1658 389 1691 31:
416 1660 529 1688 dictum
550 1659 667 1697 facium
691 1656 888 1698 proverbiali
912 1656 986 1687 for—

224 1715 297 1742 ma,
324 1713 395 1734 cum
423 1702 523 1733 Andr.
548 1703 586 1732 ll.
609 1702 648 1739 ὃ,
675 1701 712 1734 7;
737 1703 854 1732 dictum
878 1711 914 1732 ac
935 1702 985 1740 fa-

224 1752 305 1780 cium
347 1746 510 1777 invenerit
551 1746 692 1787 aliquam
738 1757 882 1777 caussam
919 1751 982 1776 ete.

223 1792 319 1824 Plura
344 1790 482 1822 contulit
510 1792 642 1821 Wesenb.
668 1791 737 1820 Em.
757 1791 796 1820 ΙΙ.
821 1801 853 1831 p.
875 1789 924 1820 10.

290 1838 327 1867 de
350 1838 495 1866 universa
519 1834 727 1876 philosophia]
755 1841 803 1865 est
828 1836 865 1865 cle
883 1835 983 1872 philo-

221 1883 331 1920 sophia
352 1882 383 1910 in
402 1882 589 1917 universum,
614 1880 659 1908 uti
681 1878 883 1909 recentiores
906 1889 985 1920 per—

222 1936 334 1967 peram
359 1923 468 1954 dicere
499 1922 617 1954 solent.
665 1922 706 1953 de
732 1924 821 1954 Orat.
849 1924 904 1953 Ill.
929 1921 982 1959 ¹27,

224 1970 296 2002 106.
329 1970 366 2000 de
394 1970 538 1999 universa
569 1977 612 1999 re.
661 1967 715 1997 Sic
739 1969 860 2005 omnis,
897 1973 930 1997 ut
955 1967 979 1997 Ι.

223 2012 285 2052 40,
310 2013 372 2044 95:
409 2012 441 2042 in
473 2011 562 2042 omni
592 2011 721 2041 virtute.
771 2013 827 2042 111.
851 2010 892 2049 6,
924 2010 981 2041 13ῑ

223 2068 289 2087 non
311 2056 395 2086 enim
421 2055 461 2085 de
484 2055 688 2096 aegritudine
710 2055 816 2085 solum
836 2074 898 2093 -,
926 2053 984 2084 sed

223 2100 264 2131 de
285 2103 368 2130 omni
391 2099 489 2129 animi
509 2118 548 2122 —
568 2101 795 2137 perturbatione
814 2118 858 2122 —
877 2098 983 2140 expli-

224 2144 315 2175 cabo.
362 2144 402 2173 V.
428 2154 487 2173 nos
512 2143 544 2173 in
571 2143 626 2172 Gr.
652 2143 689 2173 L.
715 2142 845 2183 5109,
872 2144 901 2174 5.

289 2188 459 2227 expetenda
479 2188 567 2227 esset]
607 2187 652 2216 De
680 2186 877 2227 imperfecto
901 2198 984 2217 con—

222 2232 357 2263 iunctivi
381 2231 413 2261 in
439 2230 602 2261 sententia
636 2230 780 2272 generali
804 2242 834 2261 v.
861 2230 983 2263 Adnot.

221 2276 255 2308 in
280 2278 305 2307 l.
336 2277 371 2313 l,
401 2275 427 2307 1.

287 2324 319 2352 in
344 2320 518 2359 Hortensio]
544 2320 583 2350 V.
610 2319 692 2350 Adn.
717 2318 749 2348 in
777 2320 816 2349 11.
841 2318 881 2357 2,
908 2316 937 2350 4.

291 2368 318 2408 ᾧ.
336 2365 366 2397 7.
397 2366 428 2395 in
450 2363 666 2406 Academiam]
692 2363 777 2394 Villa
797 2363 982 2395 Tusculana

222 2410 287 2441 duo
305 2408 448 2439 habebat
468 2408 635 2451 gymnasia
649 2433 656 2446 ‚
681 2407 828 2450 lyceum,
854 2409 942 2450 quod
963 2419 982 2439 a

223 2454 318 2491 loco,
358 2452 410 2482 ubi
438 2453 629 2483 Aristoteles
656 2452 793 2483 Athenis
829 2452 979 2489 docebat,

225 2503 257 2527 et
276 2496 486 2533 academiam,
513 2508 596 2538 quae
617 2508 634 2527 a
650 2496 794 2527 Platonis
816 2497 981 2528 academia

224 2540 312 2571 dieta
333 2546 413 2571 erat.
461 2541 603 2581 Lyceum
623 2541 770 2582 superius
792 2548 878 2578 erat3
905 2541 982 2573 hinc

223 2585 255 2615 h.
279 2584 299 2615 l.
327 2585 547 2615 descendimus.
594 2585 645 2616 Cf.
670 2585 811 2616 Divinat.
835 2587 858 2616 I.
883 2587 922 2624 5,
947 2586 979 2619 8.

288 2628 578 2669 postmeridianum]
614 2630 651 2658 V.
680 2631 717 2659 Π.
741 2631 779 2667 3,
805 2629 836 2661 9.
885 2630 981 2661 Orel—

220 2673 281 2705 lius
302 2684 328 2703 c.
349 2671 419 2703 aliis
442 2678 556 2701 contra
576 2672 669 2703 codd.
684 2674 786 2704 edidit
804 2684 921 2712 pomer.
939 2675 980 2705 ob

225 2718 259 2748 C.
286 2719 339 2747 Or.
366 2715 418 2752 47,
448 2715 536 2751 157..
572 2726 755 2758 quanquam
779 2730 818 2748 ex
842 2730 881 2749 eo
905 2719 980 2750 loco

221 2761 353 2793 minime
365 2759 521 2801 sequitur,
546 2759 735 2791 Ciceronem
751 2773 980 2805 usquequaque

1091 1256 1168 1287 CAP.
1191 1257 1245 1288 IV.
1291 1259 1452 1297 libidines,
1476 1257 1674 1300 iracundiae]
1704 1256 1784 1288 Aliis

1021 1300 1102 1332 locis
1122 1303 1291 1334 iracundia
1315 1303 1437 1333 libidini
1460 1301 1631 1333 subiicitur
1653 1313 1671 1333 a
1688 1301 1784 1333 Cice-

1022 1356 1100 1376 rone
1126 1348 1168 1387 (V.
1193 1345 1280 1376 infra
1304 1347 1357 1376 IV.
1382 1346 1413 1384 7,
1440 1345 1528 1387 16),
1556 1346 1784 1388 perturbatio-

1020 1401 1077 1420 nes
1115 1395 1223 1420 autem
1264 1396 1420 1432 quattuor
1454 1397 1666 1422 numerantur
1699 1391 1780 1421 hae:

1019 1436 1200 1474 ae9riludo,
1223 1438 1338 1473 melus,
1362 1437 1477 1473 libido,
1502 1437 1655 1474 voluptas.
1696 1435 1784 1466 Hinc

1021 1478 1163 1516 factum,
1199 1485 1232 1508 ut
1258 1479 1426 1520 complura
1448 1490 1467 1509 a
1488 1480 1558 1510 VV.
1581 1480 1654 1510 DD.
1680 1489 1782 1510 exeo—-

1021 1523 1203 1564 gitarentur
1218 1530 1414 1563 commenta,
1436 1524 1550 1565 quibus
1565 1534 1660 1565 quam
1674 1523 1707 1554 in
1718 1524 1782 1555 hoc

1020 1568 1096 1598 loco
1119 1567 1225 1598 inesse
1239 1567 1457 1608 opinabantur
1472 1567 1691 1608 corruptelam
1710 1568 1780 1599 tol-

1020 1611 1136 1642 lerent.
1164 1613 1224 1642 Fr.
1247 1614 1478 1643 Fabricius
1499 1613 1650 1652 libidines,
1672 1615 1781 1644 iucun-

1019 1658 1142 1694 dilales,
1166 1657 1262 1686 Lam
1277 1658 1397 1687 binus
1421 1658 1572 1695 libidines,
1595 1659 1780 1695 cupiditates

1019 1699 1226 1731 scribendum
1245 1700 1425 1742 suspicatus
1441 1707 1499 1732 est.
1533 1704 1577 1731 At
1593 1708 1681 1732 recte
1697 1712 1780 1732 con-

1018 1751 1070 1775 tra
1106 1751 1218 1775 monet
1248 1746 1416 1784 Davisius,
1450 1756 1515 1776 non
1547 1741 1696 1789 ἀκριβῶς
1728 1745 1781 1776 hic

1019 1788 1163 1820 Tullium
1184 1800 1368 1820 numerasse
1388 1789 1662 1831 perturbationes,
1686 1800 1778 1822 com-

1018 1833 1140 1875 paratis
1170 1833 1258 1864 infra
1282 1845 1309 1864 c.
1327 1835 1366 1871 5,
1398 1834 1454 1865 11:
1491 1834 1595 1864 exisse
1616 1846 1655 1865 ex
1679 1841 1778 1877 pote-

1017 1884 1104 1908 state
1124 1877 1260 1908 dicimus
1286 1889 1352 1915 θος,
1379 1878 1431 1919 qui
1455 1878 1605 1909 effrenati
1629 1879 1780 1910 feruntur

1017 1926 1071 1953 aul
1090 1924 1214 1953 libidine
1234 1926 1288 1953 aul
1304 1924 1480 1954 iracundia.
1505 1922 1600 1953 offic.
1616 1924 1641 1954 Ι.
1658 1922 1780 1962 20,29.
1823 1930 1826 1931 ⁷

1020 1968 1068 1997 De
1098 1967 1337 1997 abstractorum
1365 1967 1534 1998 nominum
1563 1967 1679 2009 plurali
1714 1978 1781 1998 nu-

1018 2022 1109 2042 mero
1134 2023 1164 2042 V.
1189 2011 1312 2042 Adnot.
1338 2012 1392 2044 IV.
1415 2013 1456 2050 2,
1483 2011 1513 2043 3.

1074 2057 1158 2086 Haec
1173 2056 1268 2098 enim]
1291 2056 1433 2086 Graece:
1459 2056 1564 2088 ταῦτα
1582 2052 1655 2097 γάρ.
1682 2055 1776 2086 Neu-

1020 2106 1105 2129 trum
1125 2099 1210 2130 cnim
1229 2099 1353 2130 numeri
1374 2100 1506 2141 pluralis
1528 2106 1604 2141 post
1621 2100 1776 2131 substan-

1018 2143 1086 2173 tiva
1112 2143 1260 2173 feminini
1284 2144 1411 2184 generis
1436 2144 1587 2185 ponitur,
1623 2155 1720 2185 quum
1745 2150 1778 2175 et

1020 2198 1057 2217 ea
1082 2198 1131 2217 res
1158 2198 1240 2229 quae
1274 2188 1427 2218 (licuntur
1458 2188 1691 2230 impersonales
1715 2188 1778 2219 de-

1020 2231 1165 2268 clarant,
1204 2238 1237 2261 et
1261 2242 1326 2262 non
1351 2231 1456 2262 solum
1482 2244 1531 2263 res
1557 2232 1682 2267 dictae,
1720 2232 1777 2263 secl

1021 2275 1206 2305 universnm
1241 2287 1350 2306 earum
1386 2287 1487 2317 genus
1528 2276 1776 2317 intelligendum

1019 2325 1078 2350 est.
1125 2319 1178 2350 Sic
1208 2331 1304 2361 supra
1333 2322 1354 2350 Ι.
1378 2318 1439 2357 24,
1465 2319 1526 2353 55:
1566 2332 1662 2362 quam
1694 2323 1776 2360 vilis,

1017 2374 1113 2405 quam
1135 2366 1274 2403 arboris,·
1305 2366 1378 2395 haec
1401 2364 1487 2394 enim
1517 2364 1612 2395 etiam
1638 2364 1776 2396 dicimus

1016 2408 1138 2439 vivere.
1194 2410 1279 2439 Haec
1311 2419 1377 2439 non
1411 2410 1468 2439 has
1507 2409 1617 2450 posuit
1651 2409 1774 2447 Cicero,

1017 2452 1091 2494 quia
1117 2452 1301 2483 universum
1330 2453 1514 2495 plantarum
1547 2464 1646 2495 genus
1673 2453 1776 2484 intel—

1015 2496 1071 2538 ligi
1096 2497 1175 2528 vult.
1225 2499 1263 2528 ll.
1285 2496 1338 2536 26,
1363 2496 1424 2530 62:
1451 2499 1535 2535 haec,
1559 2497 1775 2528 antecedente

1015 2543 1174 2572 honorum.
1221 2542 1259 2573 V.
1285 2541 1347 2580 21,
1372 2541 1433 2573 61:
1459 2543 1565 2572 eadem
1589 2541 1772 2582 degustare,

1015 2586 1234 2617 antecedente
1269 2587 1345 2616 vita.
1403 2586 1442 2616 V.
1480 2587 1623 2617 Ochsner.
1659 2585 1772 2627 Eclog.

1018 2630 1166 2661 Ciceron.
1191 2642 1223 2672 p.
1241 2627 1294 2661 43}-

1083 2685 1136 2714 e90
1164 2679 1303 2713 poteram
1325 2673 1458 2714 morbos]
1496 2673 1603 2703 Locus
1627 2673 1774 2714 geminus

1016 2725 1065 2749 est
1088 2719 1130 2749 de
1152 2719 1258 2749 Finib.
1282 2719 1336 2748 lll.
1363 2719 1418 2755 10,
1443 2718 1503 2749 555:
1534 2718 1774 2759 (perturbatio-

1016 2775 1071 2794 nes
1096 2762 1290 2802 animorum)
1328 2760 1444 2792 Graeci
1467 2758 1560 2802 πάξ-η
1591 2762 1770 2804 appellant,

221 2806 308 2838 hanc
333 2805 474 2836 formam
495 2803 697 2845 praetulisse.
739 2806 844 2836 Etiam
863 2807 904 2837 de
922 2810 977 2840 Or.
1010 2812 1151 2847 poterant
1168 2818 1239 2848 ego,
1266 2805 1401 2836 verbum
1416 2805 1522 2847 ipsum
1538 2806 1770 2848 interpretans,

221 2853 277 2883 Ill.
301 2851 341 2888 5,
370 2848 419 2881 17.
445 2847 581 2879 firmiter
604 2854 670 2878 stat
692 2852 977 2887 postmeridianum.

286 2903 432 2927 caussam
453 2892 635 2936 disserendi]
659 2892 756 2935 Ξέμα.
791 2895 831 2925 V.
856 2896 978 2927 Schiitz.

221 2939 292 2972 lud.
315 2937 423 2971 Latin.
449 2948 480 2968 v.
503 2946 610 2969 causa.

1013 2852 1145 2883 morbos
1166 2850 1349 2894 appellare3
1374 2851 1427 2881 sed
1448 2861 1515 2881 non
1538 2853 1709 2882 conveniret
1727 2851 1770 2882 ad

1013 2896 1132 2929 omnia.
1180 2896 1232 2927 Sic
1255 2905 1352 2937 supra
1376 2895 1416 2925 ΙΙ.
1443 2893 1501 2933 19,
1527 2892 1589 2927 45:
1622 2905 1770 2935 possum:
