1863 3221
241 86 326 129 35⁸2

820 90 985 123 menn
1009 91 1067 124 1v.
1092 88 1153 132 16,
1177 89 1230 125 36.

242 174 476 224 deformius,
519 186 630 226 quam
675 169 917 221 aegritudine
958 169 1042 222 quis
1085 168 1271 219 afflictus,
1313 170 1560 212 debilitatusl
1580 203 1590 222 ,
1633 170 1799 211 iacens?

243 245 319 289 Cui
339 245 518 287 miseriae
541 243 742 298 proximus
773 248 832 282 est
871 241 924 289 is,
959 241 1021 295 qui
1044 241 1354 296 appropinquans
1373 243 1526 297 aliquod
1552 244 1693 285 malum
1717 257 1798 284 me-

242 320 314 360 tuit
337 318 658 369 exanimatusque
688 315 828 369 pendet
849 315 982 354 animi.

1045 312 1172 366 Quam
1202 314 1280 354 vim
1303 315 1393 355 mali
1415 316 1679 370 significantes
1706 321 1797 371 po'e'-

243 400 304 433 tae
334 390 557 445 impendere
587 388 685 442 apud
718 387 865 427 inferos
896 401 1036 427 saxum
1068 385 1236 426 Tantalo
1270 387 1415 428 faciunt

420 464 472 502 Ob
501 463 643 501 scelera
671 463 856 511 animique
887 463 1138 511 z'tnpolemiam
1168 462 1207 498 et
1233 462 1623 512 superbiloquentiam.

239 537 299 578 Ea
320 534 533 577 communis
556 547 680 590 poena
705 533 890 573 stultitiae
910 539 984 572 est.

239 611 374 651 horret
400 623 421 649 a
446 608 621 658 ratione,
663 619 817 660 semper
842 605 958 659 aliqui
985 604 1100 645 talis¹
1133 612 1259 645 terror
1281 605 1490 660 impendet.

1047 530 1238 573 Omnibus
1263 532 1381 584 enim,
1407 547 1569 587 quorum
1596 546 1706 575 mens
1732 534 1798 575 ab·

1552 612 1621 646 56.
1665 606 1796 661 Atque

239 690 281 724 ut
302 683 374 723 liae
398 682 571 722 tabificae
595 678 735 720 mentis
761 678 1073 733 perturbationes
1099 685 1212 729 sunt,
1247 678 1528 732 aegritudinem
1554 679 1640 719 dico
1667 686 1798 721 etme-

329 802 423 833 XVI.
472 799 487 832 1
514 811 546 832 v.
572 798 654 831 Adn.

240 891 491 923 nonuunquam,
515 877 574 909 sed
592 889 685 916 raro,
712 889 730 908 a
752 877 861 909 Tullio
884 876 999 920 negle-

242 933 329 958 ctum
354 936 434 956 esse.
486 924 594 962 Quare
626 922 706 953 nihil
730 929 857 953 mutare
880 923 998 954 audeo.

308 972 495 1008 debilitatus,
516 968 634 1008 iacens]
660 967 713 997 Sic
733 973 822 997 recte
841 969 894 998 Or.
915 979 940 998 c.
961 967 999 1000 R.

239 1016 274 1046 P.
290 1013 375 1045 Gud.
391 1015 417 1045 1.
434 1015 474 1044 ΙΙ.
493 1013 567 1045 Vat.
584 1012 639 1042 Gr.
655 1011 810 1053 aliisque3
833 1011 888 1042 alii
903 1010 1000 1044 codd.

239 1065 273 1091 et
294 1058 469 1101 pleraeque
492 1057 567 1088 edd.
590 1062 671 1086 vett.
693 1058 927 1095 debilitatusque
952 1058 1000 1086 ia-

237 1114 326 1136 cens:
350 1102 439 1145 quod
464 1103 503 1132 D.
530 1100 681 1132 defendit
705 1112 731 1131 c.
755 1100 810 1133 17:
837 1110 1001 1139 oppressus

237 1151 352 1180 iacens.
401 1148 450 1186 II,
475 1146 536 1178 22:
573 1147 683 1186 afflicti
702 1151 735 1176 et
759 1147 930 1176 exanimati
952 1147 1000 1176 ia-

237 1196 312 1225 cent.
361 1191 425 1223 Sed
448 1190 562 1222 melius
592 1190 653 1221 tria
677 1191 762 1231 affl„
786 1191 874 1229 deb.‚
899 1193 1001 1221 iacens

237 1236 443 1280 respondent
471 1236 574 1267 tribus
608 1234 877 1266 antecedentibus
910 1237 1000 1266 mise-

236 1285 322 1321 rius,
345 1283 484 1322 foedius,
507 1282 685 1321 deformius.
733 1281 838 1321 Saepe
862 1279 999 1321 partici-

238 1327 328 1369 pium
360 1329 462 1357 iacens
496 1332 651 1368 tanquam
683 1324 879 1355 adiectivum
911 1324 998 1355 idem

238 1372 308 1403 fere
330 1370 510 1413 significat,
538 1369 627 1412 quod
649 1371 794 1409 afflictus.
842 1370 881 1400 V.
908 1371 999 1408 Wop—

237 1418 320 1447 kens.
342 1417 449 1446 Lectt.
474 1414 562 1446 Tull.
586 1426 617 1456 p.
636 1415 688 1445 cii).
727 1413 836 1444 Hand.
868 1420 902 1444 et
936 1424 996 1444 nos

237 1460 280 1492 ad
301 1461 339 1491 II.
365 1459 415 1497 13,
436 1459 488 1491 52.
519 1458 605 1489 Miro
628 1457 725 1488 modo
740 1460 878 1489 Klotzius
899 1458 998 1489 verba

237 1505 284 1537 sic
306 1504 519 1535 distinxerat:
555 1505 622 1542 quis
651 1504 786 1543 afflictus
807 1504 998 1534 debilitatus-

237 1559 313 1589 que,
345 1552 467 1588 iucens,·
502 1548 561 1579 sed
590 1558 676 1578 nune
700 1546 732 1577 in
758 1547 842 1578 Add.
867 1559 899 1589 p.
918 1545 993 1580 425.

235 1593 317 1625 illud
341 1604 397 1633 que
420 1591 638 1624 abiiciendum
665 1598 786 1623 censet.

301 1640 412 1678 pendet
436 1640 547 1679 animi]
575 1636 616 1667 de
639 1637 740 1678 Legg.
764 1639 787 1667 l.
810 1637 840 1673 ὃ,
866 1635 906 1668 9;
933 1647 994 1678 ego

237 1686 335 1716 animi
352 1684 484 1723 pendere
499 1683 602 1713 soleo.
636 1681 677 1712 ad
691 1681 790 1713 Attic.
805 1682 892 1712 VIII.
907 1682 938 1720 5,
955 1684 992 1713 2:

233 1730 346 1768 pendet
379 1730 476 1758 animi
513 1726 758 1767 exspectatione
794 1725 996 1757 Corfiniensi.

236 1772 320 1803 Ibid.
347 1771 405 1810 16,
434 1774 491 1803 1“.);
530 1773 629 1802 animi
649 1772 767 1810 pendeo
792 1777 824 1801 et
846 1770 887 1801 de
908 1777 941 1801 te
965 1778 998 1802 et

236 1816 277 1848 de
298 1828 362 1847 me.
397 1818 433 1847 In
453 1816 515 1847 hac
534 1815 755 1858 similibusque
777 1815 998 1847 locutionibus

236 1864 335 1893 animi
354 1872 419 1892 non
438 1872 497 1903 pro
515 1859 673 1902 genitivo,
698 1860 756 1890 sed
775 1872 835 1902 pro
856 1863 999 1900 locativo,

238 1913 273 1937 ut
294 1906 326 1937 in
349 1907 452 1945 domi,
485 1908 570 1937 humi
592 1912 690 1943 cett.,
724 1905 911 1937 habendum
935 1912 995 1937 est.

236 1952 277 1983 V.
300 1962 359 1982 nos
391 1951 424 1981 in
450 1951 505 1981 Gr.
530 1951 569 1981 L.
603 1951 631 1991 6.
653 1949 725 1982 116.
748 1950 828 1980 Not.
850 1949 881 1981 4.
906 1957 939 1981 et
964 1952 995 1982 ὁ.

235 1998 341 2037 Supra
361 1997 383 2026 I.
406 1994 459 2033 40,
475 1994 529 2026 96.
550 1994 686 2036 legitur:
708 1996 877 2033 pendemus
900 1998 994 2026 ani-

234 2043 331 2071 mis:
355 2039 409 2070 ubi
433 2050 499 2069 non
522 2039 782 2080 improbabiliter
806 2041 992 2080 Wesenbery.

235 2084 307 2115 Em.
328 2085 382 2114 III.
409 2095 440 2124 p.
455 2082 508 2115 27.
532 2094 570 2113 ex
591 2082 664 2113 cod.
687 2082 797 2113 Ursini
818 2082 992 2124 legendum

237 2135 346 2159 censet
367 2129 486 2165 animi,
518 2127 558 2157 de
580 2137 594 2158 s
617 2126 648 2157 in
671 2127 853 2168 archetypo
878 2128 992 2159 addito

236 2183 343 2214 comp.
366 2174 435 2203 Em.
456 2173 478 2202 I.
504 2183 535 2214 p.
549 2170 603 2203 29.
652 2171 737 2202 Nam
768 2171 830 2203 abl.
853 2172 936 2214 plur.
959 2172 993 2203 in

234 2217 297 2248 hac
319 2217 487 2248 locutione
517 2215 606 2247 nullo
629 2215 694 2247 alio
716 2216 790 2247 loco
820 2217 991 2258 reperitur,

235 2262 296 2293 nisi
326 2262 390 2293 hoc
412 2268 444 2291 et
468 2260 539 2292 Liv.
561 2261 591 2298 7,
616 2260 669 2293 30.
692 2267 792 2291 exn-,z
830 2261 907 2303 quid
930 2261 993 2292 illis

235 2318 295 2337 nos
329 2305 476 2337 sollicitis
506 2317 544 2336 ac
570 2307 772 2345 pendenlibus
794 2308 908 2337 unimis
936 2317 993 2337 re-

234 2351 385 2382 nuntiare
405 2350 553 2381 iubeatis.
602 2350 747 2391 (Lucret.
774 2350 811 2388 6,
838 2352 898 2382 50:
930 2363 992 2393 pa—

234 2396 316 2427 vidis
348 2407 446 2438 quum
476 2394 622 2437 pendent
649 2395 812 2425 mentibus
841 2395 904 2427 huc
927 2406 992 2426 11011

235 2440 404 2482 pertinet.)
440 2439 567 2470 Deinde
589 2439 686 2470 etiarn
708 2440 740 2470 in
762 2439 918 2471 similibus
937 2441 992 2472 lo-

237 2484 419 2515 cutionibus
442 2485 508 2515 sive
533 2484 573 2515 de
599 2495 661 2514 uno
686 2484 753 2515 sive
783 2484 824 2516 de
848 2485 991 2527 pluribus

235 2531 339 2560 animo
373 2528 437 2559 dici
472 2528 577 2567 solet,
626 2536 662 2560 ut
697 2532 802 2562 animo
835 2533 992 2570 anyz'mur,

235 2575 428 2613 frunqimur,
451 2584 695 2613 comniovenzur3
719 2577 817 2605 animi
842 2587 893 2616 ap.
916 2574 990 2606 Liv.

235 2619 278 2658 ὅ,
307 2617 364 2649 13:
402 2617 539 2658 populos
562 2636 606 2640 —
626 2629 786 2657 suspensos
808 2622 905 2650 animi
928 2619 991 2650 ha-

235 2661 323 2693 bent.
371 2660 409 2698 6,
435 2661 498 2693 ὂύῑ
536 2662 621 2702 capti
649 2670 682 2693 et
710 2668 860 2702 stupentes
882 2666 990 2695 animi.

235 2706 351 2748 Neque
373 2705 468 2735 aliter
493 2705 525 2735 C.
550 2706 652 2746 Legg.
677 2708 699 2737 l.
722 2708 761 2745 ἒ),
787 2708 847 2741 27:
874 2720 991 2751 quem—

234 2749 411 2782 admodum
446 2752 550 2780 onimo
584 2752 684 2789 offecti
716 2762 842 2783 sumus:
885 2765 991 2795 quan-—

235 2807 330 2838 quam
355 2794 396 2825 de
417 2796 470 2825 Or.
492 2795 516 2824 I.
544 2793 593 2829 19,
610 2794 662 2826 (37.
689 2806 760 2825 cum
785 2796 926 2828 Ellendt.
952 2809 990 2828 ex

235 2839 366 2881 optimis
391 2838 485 2870 codd.
506 2837 682 2879 legendum
706 2838 851 2870 videtur:
887 2848 920 2872 et
945 2842 989 2872 uti

235 2885 283 2922 ei,
310 2883 364 2926 qui
382 2883 551 2920 audirent,
577 2883 622 2914 sic
642 2884 837 2922 afficerentur
859 2889 991 2917 animis:

236 2928 287 2960 ubi
310 2930 440 2961 Ellendt.
461 2938 566 2969 comp.
589 2927 728 2959 relaxari
746 2930 858 2960 animis
881 2929 916 2961 C.
932 2931 990 2962 Ph.

1035 879 1076 909 II.
1102 876 1152 917 16,
1176 877 1231 910 39.
1255 879 1368 911 animis
1391 877 1565 910 concidere
1591 878 1681 911 Caes.
1703 878 1739 911 B.
1757 879 1798 912 G.

1034 923 1122 954 VIII.
1149 921 1208 961 19,
1233 922 1265 955 6.
1312 923 1421 954 Etiam
1448 923 1641 965 simpliciter
1668 926 1800 964 pendere

1034 966 1097 998 hac
1116 966 1147 998 vi
1170 966 1315 1009 ponitur.
1366 969 1405 999 V.
1428 970 1588 1001 Ruhnken.
1608 969 1742 1001 Dictata
1764 969 1799 1000 in

1036 1013 1171 1043 Terent.
1197 1012 1316 1043 Heaut.
1341 1013 1397 1043 IV.
1419 1012 1450 1051 3,
1473 1014 1504 1045 ὁ.
1530 1020 1563 1044 et
1590 1015 1796 1053 Wyilenbach.

1035 1055 1078 1087 ad
1103 1056 1205 1087 Cicer.
1232 1056 1274 1087 de
1298 1057 1400 1098 Legg.
1428 1058 1460 1096 I,
1485 1057 1516 1090 3.
1544 1069 1576 1100 p.
1593 1058 1646 1090 25.
1675 1058 1727 1090 Cr.

1106 1102 1281 1140 impendere
1303 1119 1347 1124 —
1367 1111 1482 1133 saxum
1505 1121 1548 1126 —
1570 1103 1712 1145 faciunt]
1749 1103 1799 1134 Ex

1034 1144 1159 1187 vulgari
1182 1152 1345 1177 structura
1368 1148 1411 1189 (v.
1427 1158 1486 1177 nos
1501 1147 1534 1178 in
1548 1147 1604 1178 Gr.
1617 1148 1655 1179 L.
1680 1146 1797 1189 §.1¹29,

1034 1189 1080 1228 2.)
1117 1196 1341 1233 exspectamus
1377 1193 1575 1232 impendens3
1619 1191 1797 1224 infinitivus

1034 1234 1112 1266 addi
1145 1235 1254 1277 potuit
1287 1235 1388 1267 verbo
1421 1238 1577 1277 faciendi,
1613 1236 1687 1279 quia
1715 1237 1748 1269 h.
1772 1237 1794 1270 l.

1035 1280 1203 1311 notionem
1225 1280 1378 1312 narrandi
1397 1280 1579 1312 involutam
1599 1281 1709 1314 habet.
1738 1283 1797 1313 In-

1034 1325 1085 1355 fra
1110 1326 1147 1355 V.
1172 1326 1235 1363 59,
1266 1326 1337 1356 115.
1373 1325 1537 1367 duplicem
1570 1326 1634 1358 hoc
1660 1326 1796 1358 verbum

1032 1375 1229 1400 structuram
1249 1369 1392 1400 iunctam
1409 1370 1525 1402 habet:
1553 1371 1792 1413 Polyphemum

1033 1414 1195 1445 Homerus
1221 1433 1257 1437 —
1288 1425 1361 1445 eum
1383 1422 1478 1445 acute
1501 1415 1598 1446 etiam
1623 1418 1795 1456 colloquen-

1031 1462 1090 1489 tem
1113 1461 1187 1498 facit
1212 1458 1344 1501 eiusque
1369 1461 1500 1491 laudare
1527 1460 1687 1491 fortunas.

1099 1505 1142 1535 Ob
1165 1502 1292 1545 scelera]
1320 1505 1376 1535 Est
1396 1516 1506 1535 versus
1526 1504 1712 1535 trochaicus
1735 1516 1794 1536 ca—

1028 1547 1210 1579 talecticus.
1263 1549 1311 1578 De
1335 1549 1467 1580 Tantali
1490 1549 1652 1591 supplicio
1684 1556 1718 1580 et
1748 1550 1791 1581 de

1031 1592 1097 1623 eius
1124 1604 1234 1623 caussa
1259 1592 1447 1635 discrepant
1476 1593 1562 1625 inter
1585 1605 1619 1625 se
1644 1594 1792 1636 scripto-

1029 1649 1091 1668 res.
1141 1637 1219 1667 Cum
1246 1637 1405 1669 Cicerone
1438 1644 1471 1669 et
1503 1638 1534 1670 h.
1560 1638 1582 1671 l.
1611 1645 1645 1669 et
1668 1639 1741 1671 Fin.
1765 1641 1791 1671 Ι.

1035 1683 1085 1720 ln,
1104 1681 1158 1714 60.
1186 1681 1374 1724 conspirant
1400 1683 1614 1715 Archilochus
1636 1695 1687 1726 ap.
1706 1685 1795 1715 Pau-

1032 1737 1101 1759 san.
1116 1727 1162 1764 X,
1183 1728 1235 1759 51.
1271 1727 1362 1758 Pind.
1387 1727 1477 1765 01.1,
1497 1727 1548 1759 95.
1580 1730 1654 1759 Eur.
1678 1731 1732 1760 Or.
1751 1729 1791 1760 ὃς

1032 1771 1086 1803 ubi
1108 1783 1136 1802 v.
1161 1773 1287 1803 Person.
1313 1772 1396 1803 Plat.
1421 1772 1541 1814 Cratyl.
1560 1772 1635 1805 395.
1657 1774 1692 1804 E.
1717 1773 1793 1804 alii-

1033 1827 1094 1860 que
1123 1816 1290 1858 plerique;
1326 1816 1388 1847 alia
1420 1817 1525 1848 tradit
1551 1818 1649 1848 Hom.
1676 1817 1737 1848 Od.
1762 1819 1791 1860 λ,

1032 1863 1107 1895 bez
1135 1861 1239 1892 Verba
1255 1861 1370 1892 Latine.
1385 1861 1587 1903 respondent
1600 1862 1670 1893 sere
1684 1863 1792 1893 Grae—

1033 1907 1077 1938 cis
1112 1917 1162 1948 ap.
1199 1907 1272 1938 Eur.
1311 1903 1495 1939 ἀκόλαστον
1535 1906 1789 1949 1111111010111111111)

1032 1951 1111 1994 ἔσχε
1147 1951 1302 1993 γλῶσσαν
1347 1951 1574 1993 (superbiloq.)
1617 1951 1791 1995 αἰσχίστην

1027 1994 1132 2029 νόσον.
1182 1996 1278 2027 Unde
1301 2003 1409 2027 autem
1433 2007 1543 2027 versus
1566 2004 1713 2039 sumptus
1734 1997 1788 2035 sit,

1028 2052 1094 2072 non
1112 2047 1250 2072 constat.
1290 2043 1421 2073 Orellius
1437 2048 1681 2080 commemorat,
1708 2044 1789 2074 Tun-

1027 2087 1124 2116 talum
1155 2097 1173 2115 a
1199 2085 1309 2116 Nonio
1343 2097 1371 2118 v.
1405 2087 1623 2126 praegreditur
1655 2097 1687 2128 p.
1715 2086 1787 2119 175.

1028 2129 1170 2160 Pacuvio
1191 2129 1300 2167 tribui,
1326 2137 1358 2160 et
1378 2141 1396 2160 a
1421 2130 1538 2161 Bothio
1560 2131 1666 2162 Poett.
1691 2132 1787 2162 Scen-

1027 2184 1059 2215 p.
1075 2172 1150 2206 277.
1176 2173 1209 2204 in
1235 2174 1370 2204 Incertis
1395 2175 1485 2215 poni.

1109 2219 1206 2256 aliqui
1240 2220 1312 2249 lulis
1345 2218 1462 2261 terror]
1511 2219 1614 2250 Recte
1650 2218 1788 2249 Orellius

1027 2269 1205 2304 praeeunte
1217 2262 1342 2293 Wolfio
1363 2274 1435 2293 cum
1457 2264 1520 2294 Iac.
1537 2264 1706 2295 Gronovio
1729 2266 1788 2294 ali-

1027 2309 1079 2347 qui
1113 2318 1173 2349 pro
1199 2306 1286 2348 vulg.
1311 2309 1424 2346 uliquis
1456 2308 1618 2344 restituit;
1657 2307 1786 2350 plurimi

1028 2351 1114 2382 enim
1140 2351 1236 2382 codd.
1260 2358 1292 2382 et
1316 2351 1452 2393 optimi,
1479 2360 1513 2383 ut
1538 2354 1575 2384 R.
1595 2354 1629 2384 P.
1656 2352 1742 2384 Gud.
1763 2354 1787 2384 1.

1027 2398 1101 2428 Vat.
1124 2396 1164 2434 b.‚
1190 2396 1311 2427 habent
1332 2399 1451 2436 aliquid
1472 2400 1542 2430 aliis
1559 2402 1675 2429 terror:
1699 2396 1787 2440 quod

1028 2453 1124 2483 quum
1150 2452 1213 2471 non
1239 2441 1496 2482 intelligeretur,
1532 2453 1570 2473 ex
1601 2442 1787 2484 interpola-

1026 2486 1119 2517 tione
1155 2493 1226 2517 orta
1260 2492 1309 2516 est
1341 2486 1423 2517 haec
1456 2487 1635 2529 scriptura:
1674 2488 1787 2525 aliquis

1027 2533 1098 2562 aliis
1120 2532 1226 2569 dolor,
1254 2533 1326 2561 aliis
1347 2535 1444 2562 terror
1463 2534 1539 2570 imp.
1586 2530 1691 2562 Etiam
1714 2530 1785 2561 aliis

1026 2575 1106 2607 locis
1128 2575 1214 2617 apud
1229 2575 1419 2606 Ciceronem
1442 2576 1547 2606 forma
1569 2574 1693 2606 numeri
1714 2574 1785 2605 siu-

1026 2620 1146 2662 gularis
1182 2622 1280 2659 aliqui
1313 2631 1330 2650 a
1364 2619 1502 2650 librariis
1536 2626 1584 2650 est
1618 2626 1781 2660 corrupta.

1025 2667 1128 2704 Aliqui
1159 2665 1198 2695 ab
1229 2666 1341 2703 aliquis
1371 2664 1416 2694 ita
1448 2664 1579 2700 differt,
1617 2670 1651 2694 ut
1683 2666 1735 2703 qui
1765 2676 1784 2695 a

1025 2712 1113 2749 quis‚·
1145 2711 1242 2749 aliqui
1262 2715 1310 2739 est
1332 2708 1437 2739 forma
1459 2708 1614 2739 adiectivi
1628 2733 1635 2747 ‚
1671 2710 1785 2748 aliquis

1026 2755 1131 2785 forma
1167 2753 1371 2784 substantivi.
1430 2754 1466 2784 V.
1500 2764 1558 2784 nos
1595 2753 1627 2783 in
1663 2753 1719 2784 Gr.
1745 2754 1781 2784 L.

1027 2800 1053 2842 ᾗ.
1078 2798 1148 2830 124.
1184 2798 1263 2829 Not.
1288 2800 1318 2828 2.
1367 2797 1417 2828 Cf.
1450 2809 1545 2840 supra
1581 2799 1605 2828 I.
1639 2798 1694 2836 11,
1719 2796 1780 2828 23:

1025 2842 1104 2873 deus
1140 2844 1247 2881 aliqui.
1293 2842 1331 2872 V.
1355 2842 1419 2879 21,
1445 2842 1508 2874 62:
1546 2844 1643 2882 aliqui
1677 2848 1784 2872 terror

1023 2886 1222 2929 impendeat.
1269 2896 1330 2928 pro
1360 2887 1443 2916 Sest.
1475 2885 1539 2924 62,
1571 2887 1648 2919 131:
1686 2887 1784 2925 aliqui

1024 2943 1147 2962 sensus.
1195 2930 1237 2962 ad
1259 2931 1348 2963 Fam.
1372 2930 1403 2971 7,
1432 2931 1460 2963 1.
1508 2930 1634 2964 Victor.
1669 2936 1702 2962 et
1726 2931 1781 2961 Or.
