1832 3137
502 111 648 145 INDEX
673 111 830 144 RERUM
859 113 919 146 ET
941 111 1171 145 NOMINUM.

50 186 296 232 Παιδεραστία.
323 189 379 221 IV.
399 187 453 229 33,
478 188 532 223 70.

49 238 209 276 pangere,
234 244 446 277 componere.
470 235 496 266 1.
524 234 574 274 15,
595 232 649 268 54.

50 277 261 331 Παρήχησις
281 278 369 322 apud
392 278 545 322 antiquos
559 283 687 321 poetas.
712 281 735 313 1.
759 278 816 322 35,

93 324 150 357 80.
181 325 235 355 lv.
261 323 312 361 17,
334 323 389 356 38.
415 324 454 357 V.
483 323 534 364 12,
557 324 612 357 35.

49 368 189 408 Par‘bre,
222 371 354 408 partus,
388 367 429 399 de
454 379 533 400 sexu
567 368 652 400 virili
677 368 812 401 dictum.

95 414 136 444 Il.
158 411 191 452 8,
215 412 268 444 20.
304 414 420 445 Parere
443 412 555 453 verba,
581 424 631 445 res
654 420 719 445 etc.
756 415 812 446 1V.

93 457 135 495 2,
159 455 194 490 4.

46 504 177 535 ParEre.
220 501 305 579 (¹3³3st
328 509 447 545 parent
472 501 607 534 utilitati
631 502 811 536 hominum.

92 548 117 579 1.
141 547 196 584 28,
243 547 274 579 9.

45 593 143 623 Pares
166 593 285 631 an9uti.
311 593 334 625 1.
362 590 414 631 17,
437 592 491 625 40.

45 638 236 668 Parietinae.
273 637 331 667 lli.
357 636 411 675 22,
437 637 491 671 53.

44 679 296 722 Παρονομασία.
335 682 391 712 ΙΙΙ.
416 681 470 721 27,
495 679 550 715 64.

45 727 224 758 Parricida.
260 726 316 757 IV.
339 724 372 764 8,
400 724 450 758 18.

44 771 174 809 Partes,
199 769 334 812 speeies.
371 771 426 801 111.
455 770 506 809 11,
531 767 586 803 24.

43 816 222 854 Participia
257 814 291 845 in
327 821 448 846 constr.
472 814 650 851 accusativi
684 827 711 847 e.
736 815 810 854 inf„

90 865 144 889 ut:
175 858 291 901 quibus
316 861 527 891 abundantem
550 860 628 891 licet
651 871 722 891 esse
744 860 810 892 mi—

91 914 210 941 serum,
235 903 357 935 resolvi
378 903 502 935 debent
522 904 575 935 in:
601 915 682 945 eum,
700 908 752 945 qui
766 924 810 929 —

92 948 117 978 1.
143 946 199 985 38,
223 944 278 979 91.
329 948 396 989 (Cf.
420 950 477 981 IV.
501 948 556 987 31,
581 946 649 988 66.)

43 994 252 1068 Ραὲίιίοὶρίωη
278 991 484 1035 ἐπεξήγησις
507 993 666 1025 adverbii.
708 995 730 1026 1.
753 991 807 1034 29,

42 1083 252 1121 Participium
275 1081 478 1123 praesentis,
505 1089 541 1114 ut
564 1084 733 1122 decedens,
756 1093 809 1115 ve-

87 1128 175 1158 niens
198 1125 321 1157 dictum
357 1127 444 1159 vdtr.
470 1139 551 1169 pro:
587 1138 684 1167 quum
706 1129 809 1160 deces-

88 1173 196 1210 sisset,
220 1174 359 1203 venisset.
398 1173 435 1203 ll.
459 1170 514 1210 25,
540 1169 594 1203 61.

42 1217 249 1254 Participium
270 1218 399 1256 perfecti
420 1219 540 1256 passivi
564 1216 737 1250 adiective.
766 1218 807 1249 V.

87 1259 142 1297 30,
166 1261 220 1291 85.

42 1306 250 1344 Participium
275 1317 335 1348 pro
357 1305 520 1337 infinitivo
545 1306 596 1337 vel
617 1311 649 1337 ut
671 1308 807 1345 (conce-

87 1348 230 1381 dendum
255 1357 305 1382 est
327 1352 484 1391 gementi).
527 1352 566 1382 Π.
592 1349 624 1388 7,
653 1349 704 1383 19.

43 1396 162 1426 Parum
187 1394 265 1437 quid
289 1395 464 1437 significet.
501 1397 540 1427 V.
568 1395 619 1434 14,
645 1394 699 1427 41.

42 1436 229 1478 parumper.
267 1440 306 1471 V.
330 1438 386 1476 24,
410 1439 464 1472 68.

41 1485 149 1515 Parva
173 1490 330 1515 metuere.
364 1485 403 1516 V.
433 1482 485 1522 14,
511 1482 566 1516 41.

42 1530 172 1559 Parvuli
196 1531 335 1568 iyniculi.
364 1530 417 1560 lll.
445 1529 473 1566 1,
499 1528 530 1559 2.

42 1574 178 1604 Passiva
203 1574 310 1604 formu
334 1573 425 1604 verbi
453 1573 570 1605 transit
593 1573 627 1604 in
651 1573 804 1605 activam.

87 1618 127 1648 ll.
156 1614 206 1655 16,
232 1615 287 1649 37.

40 1659 182 1702 ῙῙάῗΞος,
208 1661 353 1695 morbus.
382 1663 437 1693 Ill.
463 1659 495 1701 4,
524 1662 555 1696 7.

40 1708 193 1739 Patibitis.
232 1707 288 1737 IV.
312 1706 366 1743 23,
392 1706 446 1738 51.

39 1753 268 1783 Patrimonium
293 1751 470 1793 publicum.
510 1753 564 1782 lli.
591 1751 646 1790 20,
671 1749 725 1784 4⁵¹².

39 1798 163 1828 Patrita
189 1795 411 1838 philosophia.
437 1798 460 1827 l.
489 1794 541 1835 19,
566 1795 620 1828 45.

39 1842 215 1880 Paulisper.
251 1841 291 1872 V.
315 1839 368 1877 24,
395 1840 448 1873 68.

39 1887 163 1917 Pectore
187 1889 246 1916 toto
270 1885 393 1927 aliquid
420 1885 540 1916 facere.
578 1887 618 1916 ΙΙ.
644 1883 699 1921 24.
722 1885 775 1918 56.

39 1931 178 1961 Pendere
203 1929 325 1967 animi,
351 1929 476 1960 animis.
518 1931 573 1961 lv.
604 1928 654 1969 16,
680 1930 736 1962 35.

40 1976 100 2006 Per
125 1974 177 2005 in:
210 1984 266 2013 per
301 1974 379 2005 mihi
414 1977 534 2006 scitum.
581 1976 635 2008 IV.
666 1972 724 2012 16,
750 1972 805 2008 36.

84 2020 276 2058 Pereoeiyuus
301 2025 334 2050 et
357 2022 504 2051 minutus.
536 2021 577 2051 ll.
608 2019 658 2057 13,
683 2019 737 2051 30.

40 2065 206 2094 Perculsus
225 2070 258 2094 et
281 2074 454 2103 percussus.
492 2065 546 2096 lll.
571 2064 625 2102 20,
652 2064 705 2098 72.

40 2109 182 2147 Perfecta
206 2108 415 2140 concludere.
448 2109 486 2140 V.
512 2110 566 2146 25,
593 2109 648 2141 72.

39 2154 170 2209 Perfeclti
193 2152 297 2185 forma
320 2153 352 2184 in
376 2163 424 2185 ere
443 2153 532 2196 apud
544 2153 611 2185 Cic.
630 2153 739 2185 dubia.
766 2155 804 2186 ll.

39 2243 211 2282 Perfectum
233 2244 397 2275 indicativi
428 2242 460 2274 in
497 2242 723 2275 enuntiatione
748 2255 801 2274 se-

85 2286 239 2318 cundaria
264 2287 307 2318 de
329 2287 448 2327 rebus,
484 2298 565 2329 quae
591 2287 659 2319 fieri
684 2287 804 2319 solent.

86 2332 126 2362 11.
152 2329 207 2369 24,
232 2333 286 2363 58.

40 2377 213 2416 Perfectum
247 2378 434 2407 coniunctim·
466 2378 588 2415 passivi
620 2382 677 2407 aut
711 2377 805 2416 depo-

84 2423 203 2460 nentis,
238 2420 284 2451 uti
314 2430 430 2460 passus
451 2422 530 2458 sim,
563 2431 617 2462 ap.
645 2420 710 2451 Cic.
738 2432 802 2452 non

86 2464 200 2496 eadem
225 2464 257 2495 vi
283 2464 346 2503 dr„
371 2476 432 2507 qua
457 2464 522 2506 prs.
547 2464 630 2496 coni.
653 2471 730 2503 act„
757 2465 803 2496 uti

85 2512 283 2541 concesserim
308 2520 369 2551 pro
396 2508 585 2541 concedam.
620 2511 642 2540 Ι.
668 2509 722 2547 33,
749 2511 801 2542 55.

41 2555 212 2594 Perfectum
234 2554 396 2595 excipitur
417 2554 627 2596 imperfecto,
650 2553 701 2585 vel
720 2565 803 2586 con-

86 2598 188 2630 trario
211 2598 325 2631 modo.
352 2601 376 2630 1.
399 2599 430 2638 2,
454 2599 486 2631 4.
520 2599 544 2630 Ι.
563 2598 618 2639 30,
631 2598 683 2631 72.
711 2600 734 2629 l.
749 2598 802 2637 35,

42 2689 214 2727 Perfectum
228 2687 270 2719 de
287 2699 322 2719 re
333 2687 463 2730 saepius
477 2687 631 2729 repetita.
658 2688 713 2718 111.
725 2686 756 2724 2,
771 2685 803 2719 3.

44 2733 214 2771 Perfectum
229 2739 261 2764 et
274 2742 422 2773 praesens
439 2732 625 2774 iunguntur.
654 2733 676 2763 1.
690 2735 721 2769 2,
736 2731 806 2762 init.

42 2777 215 2815 Perfectum
235 2784 268 2809 et
287 2779 365 2817 plpf.
389 2779 574 2809 coniunctivi
598 2776 629 2807 in
653 2775 805 2807 enuntia—

90 2820 181 2852 tione
207 2822 421 2853 conditionali
459 2821 538 2864 qnid
563 2820 729 2853 differant.
780 2821 803 2849 1.

87 2865 142 2904 27,
168 2864 222 2898 67.

46 2911 200 2949 Perfectus
224 2910 451 2954 philosophus.
490 2911 529 2941 ll.
556 2910 586 2950 5,
617 2908 666 2942 12.
769 2948 774 2951 .

44 2955 186 2993 Per-ferre
211 2960 242 2986 ct
267 2957 444 2995 transferre.
482 2956 520 2987 ll.
544 2956 577 2993 ¹2,
603 2955 632 2987 5.
668 2955 707 2986 V.
735 2955 804 2985 Scr.

1532 108 1614 149 515

852 192 1033 230 perforatae
1057 190 1155 223 animi
1179 190 1263 225 viae.
1295 193 1322 225 1.
1341 192 1397 233 20,
1421 191 1475 226 46.

853 237 1026 275 Perfricare
1049 246 1105 275 os,
1131 236 1287 268 frontem.
1325 237 1384 269 ΙΙΙ.
1412 235 1466 280 18,
1489 237 1542 271 41.

851 282 983 357 Perintgie
1007 287 1039 312 et
1061 283 1191 321 proinde
1214 283 1315 322 quasi.
1351 283 1376 315 Ι.
1399 281 1456 324 36,
1479 282 1534 316 86.
1571 285 1608 317 V.

849 371 1040 401 Permanare
1061 371 1104 401 ad
1127 379 1244 402 sensus.
1274 371 1314 402 Il.
1342 369 1394 409 18,
1417 369 1473 403 42.

847 416 1039 447 Permutatio
1074 421 1258 446 structurae
1295 417 1343 456 (ut
1368 418 1509 448 Cleanthi
1532 416 1608 460 pla-

894 465 946 490 cet
971 477 1011 483 —-
1038 466 1073 489 ut
1097 459 1276 499 Epicurus).
1300 461 1356 491 Ill.
1376 459 1430 498 31,
1453 458 1509 493 76.
1532 473 1608 494 mo-

891 509 943 534 tus
968 503 1207 541 tractabantur,
1234 510 1267 535 et
1293 504 1378 535 unde
1403 505 1513 537 omnia
1529 517 1607 538 ore-

891 554 1014 579 rentur.
1063 549 1102 579 V.
1128 546 1160 586 4,
1189 548 1239 580 10.
1288 552 1497 582 Personarum
1523 554 1608 583 verbi

888 596 1019 631 permut.
1044 604 1074 625 v.
1097 602 1242 632 persona.

843 639 977 676 Perpeti,
997 637 1029 668 in
1053 636 1210 680 patiendo
1232 638 1419 679 perdurare.
1445 640 1500 670 ΙΙΙ.
1520 639 1553 677 3,
1574 640 1606 673 5.

844 684 953 729 Perses
965 683 1171 757 2(pronPersa
1193 688 1226 712 et
1247 693 1307 724 pro
1323 684 1466 726 Perseus)
1483 683 1606 716 declia.

844 773 983 803 Persona
1009 769 1087 812 quid
1111 769 1283 811 significet.
1312 773 1353 802 ΙΙ.
1379 770 1433 810 21,
1458 769 1514 803 49.

843 817 982 847 Persona
1003 817 1108 854 prima
1129 821 1160 846 et
1177 817 1267 846 tertia
1287 815 1320 846 in
1342 817 1505 846 communi
1526 827 1604 847 sen—

887 859 1002 890 tentia.
1030 861 1052 891 1.
1067 861 1099 897 2,
1119 857 1150 891 4.
1178 861 1385 891 Personarum
1406 863 1604 900 permutatio,

889 903 1051 935 secundae
1077 910 1110 934 et
1134 904 1260 935 tertiae.
1298 906 1321 935 1.
1347 903 1404 945 38,
1429 902 1485 935 91.

844 951 1027 981 Persuasus.
1063 949 1119 978 ΙΠ.
1145 948 1200 985 29,
1226 948 1278 981 72.

843 995 1021 1025 Pertinacia
1048 992 1332 1035 philosophorum.
1360 994 1400 1024 Π.
1427 994 1458 1029 2,
1483 994 1514 1025 5.

843 1040 1057 1076 Perturbatio,
1094 1035 1216 1079 φρενὸς
1239 1036 1380 1080 ταραχή.
1426 1038 1482 1068 111.
1507 1035 1546 1076 4,
1572 1038 1604 1071 7.

887 1084 1082 1114 Perturbatio
1126 1089 1160 1113 et
1198 1085 1441 1121 perturbationes
1475 1082 1605 1114 iunctae

889 1126 967 1168 quid
992 1126 1158 1159 differant.
1192 1127 1249 1157 lV.
1274 1126 1330 1165 31,
1357 1123 1410 1158 65.

843 1173 1013 1203 Pervellere
1033 1170 1074 1201 de
1097 1171 1223 1209 dolore,
1251 1170 1392 1202 fortuna.
1420 1172 1457 1201 ll.
1481 1171 1534 1210 20,
1550 1168 1603 1204 46.

843 1218 941 1248 Pestis
965 1218 1087 1247 textilis.
1123 1218 1161 1247 ΙΙ.
1187 1217 1219 1255 8,
1245 1216 1298 1248 20.
1346 1217 1444 1248 Pestis
1467 1227 1528 1258 pro
1549 1215 1604 1246 in-

888 1259 999 1291 teritu.
1037 1262 1075 1292 11.
1101 1260 1134 1298 9,
1161 1260 1215 1291 21.

843 1308 1006 1338 Petessere.
1045 1306 1082 1336 ΙΙ.
1106 1305 1160 1343 26,
1186 1304 1240 1336 62.

843 1352 993 1388 Philum,
1015 1351 1160 1388 phiditia.
1199 1349 1238 1379 V.
1263 1345 1317 1386 34,
1343 1347 1398 1381 98.

841 1395 1041 1432 Philosophia
1062 1395 1242 1433 coynitionis
1270 1395 1437 1432 cupiditate
1465 1403 1604 1426 accensa.

887 1439 912 1469 Ι.
939 1435 990 1475 19,
1012 1436 1065 1468 45.
1102 1437 1333 1478 Philosophia,
1371 1437 1493 1468 donum
1518 1438 1602 1470 deo—

886 1493 968 1513 rum.
998 1482 1021 1511 l.
1043 1481 1097 1519 26,
1117 1480 1172 1513 64.
1206 1481 1439 1522 Philosophiae
1461 1493 1602 1524 praeco—

886 1526 987 1557 nium.
1028 1526 1066 1556 V.
1092 1525 1123 1564 2,
1145 1526 1176 1557 5.
1224 1525 1458 1568 Philosophiae
1480 1533 1600 1569 partes.

886 1571 941 1603 tv.
966 1569 1020 1608 26,
1047 1569 1100 1602 57.

839 1616 1045 1654 Philosophus
1061 1613 1269 1653 adiectivum,
1283 1625 1349 1645 non
1364 1616 1603 1655 philosophicus.

884 1662 924 1693 V.
948 1658 1003 1698 41,
1032 1657 1104 1690 121.

839 1707 995 1744 Physica,
1018 1702 1263 1778 mgtaplbysica,
1283 1705 1426 1743 physici,
1450 1703 1602 1745 philoso-

896 1749 953 1780 ihi.
990 1749 1013 1778 l.
1042 1747 1092 1784 1’,
1118 1746 1138 1778 2
1166 1771 1173 1777 .

839 1762 990 1833 Pirlyere,
1024 1795 1168 1831 pictura,
1201 1794 1331 1830 pictores
1366 1790 1407 1822 de
1439 1791 1531 1833 potisi
1568 1798 1601 1823 et

887 1837 1004 1880 potitis.
1042 1837 1064 1867 l.
1094 1835 1144 1873 15,
1170 1835 1225 1867 34.
1265 1836 1303 1867 V.
1328 1833 1382 1873 39,
1413 1833 1486 1867 114.

842 1886 918 1915 Pius
943 1881 1021 1924 quid
1045 1880 1218 1921 significet.
1255 1881 1294 1912 ll.
1320 1879 1351 1918 9,
1377 1879 1430 1912 20.

843 1931 975 1960 Placare
999 1933 1031 1956 et
1052 1935 1179 1964 pacare.
1222 1925 1260 1955 li.
1286 1924 1317 1961 9,
1344 1924 1397 1956 22.

842 1974 984 2004 Ptacatio
1007 1969 1116 2001 animi.
1154 1971 1209 2000 IV.
1235 1970 1288 2000 28.
1313 1968 1366 2001 60.

841 2020 938 2049 Plane
963 2018 1072 2046 dicere.
1108 2015 1161 2045 lV.
1186 2012 1240 2053 21,
1266 2011 1319 2045 47.

840 2064 999 2093 Planetae.
1038 2061 1060 2090 Ι.
1085 2059 1139 2097 25,
1164 2058 1217 2090 62.

841 2108 969 2138 Plenum
995 2114 1135 2135 carmen.
1183 2104 1206 2134 1.
1234 2100 1296 2137 26.
1322 2099 1375 2135 64.
1402 2121 1442 2126 —-
1488 2106 1600 2136 Plenus

886 2149 1037 2181 absolute
1061 2147 1196 2179 dictum.
1234 2148 1258 2177 l.
1285 2144 1316 2185 6,
1345 2146 1397 2178 11.

839 2197 1061 2227 Pleonasmus:
1097 2195 1141 2224 ita
1165 2193 1312 2231 sentit,
1339 2196 1370 2223 ut
1391 2196 1511 2231 putet
1536 2199 1597 2224 etc.

886 2240 925 2270 V.
951 2237 1006 2276 31,
1031 2239 1086 2269 88.

839 2287 985 2318 Ploratus
1017 2292 1083 2312 non
1116 2280 1222 2311 solum
1257 2280 1379 2320 oculis,
1415 2280 1598 2313 sedetiam

885 2339 941 2359 ore
966 2326 1083 2357 editur.
1120 2326 1159 2356 ΙΙ.
1183 2322 1215 2363 9,
1240 2323 1294 2356 21.

840 2375 1025 2410 Plumbeus,
1051 2370 1204 2405 obtusus,
1231 2369 1354 2400 turdus.
1393 2371 1416 2401 ῐ.
1439 2366 1494 2409 29,
1519 2368 1573 2402 71.

838 2419 978 2450 Pluratis
1002 2426 1061 2457 pro
1084 2414 1211 2455 singul..
1238 2420 1272 2444 ut
1291 2418 1399 2454 poetae
1421 2425 1481 2456 pro
1498 2418 1597 2453 poeta.

886 2463 909 2493 1.
930 2463 960 2499 2,
985 2461 1016 2493 3.
1052 2461 1189 2491 I'turatis
1206 2464 1281 2500 post
1304 2461 1436 2498 optimus
1458 2461 1596 2498 quisque.

886 2507 941 2538 ΙΙΙ.
965 2507 1018 2541 28,
1043 2504 1094 2536 70.
1143 2504 1282 2534 Pluratis
1306 2503 1443 2534 nominis
1467 2503 1597 2534 abstra—

886 2549 931 2582 cti
952 2547 1098 2580 deflectit
1118 2547 1160 2579 ad
1178 2547 1295 2589 singul.
1318 2548 1514 2589 (corpora—
1529 2550 1597 2579 ani-

883 2594 978 2634 mus).
1019 2594 1058 2624 11.
1082 2592 1136 2630 23,
1160 2590 1212 2623 54.
1260 2594 1400 2624 Pturatis
1423 2591 1515 2623 verbi
1542 2603 1597 2623 re-

885 2640 990 2671 fertur
1026 2636 1068 2668 ad
1104 2647 1223 2667 nomen
1257 2636 1428 2678 singularis
1461 2636 1595 2673 numeri,

884 2684 915 2715 in
940 2694 1004 2725 quo
1026 2681 1107 2712 lutet
1129 2679 1260 2723 pluralis
1276 2682 1399 2722 (stultus
1415 2691 1475 2722 pro
1487 2679 1596 2718 stulti).

886 2729 940 2759 lv.
970 2724 1010 2764 fi,
1047 2724 1097 2757 13.
1143 2727 1282 2758 Pluratis
1305 2728 1360 2756 illa
1385 2725 1528 2755 refertur
1552 2723 1592 2753 ad

885 2773 1016 2812 aliquid.
1043 2772 1065 2802 Ι.
1086 2771 1117 2807 3,
1139 2769 1171 2802 6.
1204 2771 1342 2802 Pluralis
1364 2766 1595 2810 pronominum

886 2818 1027 2849 refertur
1046 2814 1088 2846 ad
1108 2813 1314 2856 singularem.
1340 2814 1361 2843 l.
1384 2809 1414 2849 6,
1436 2810 1486 2842 12.
1522 2814 1595 2842 Ptn-

886 2863 964 2893 ralis
985 2865 1060 2903 post
1084 2859 1279 2901 singularem
1309 2856 1351 2888 ad
1374 2856 1483 2898 plures
1508 2855 1594 2887 rela-

886 2912 947 2938 tus.
983 2906 1023 2937 V.
1047 2903 1101 2943 34,
1126 2904 1181 2936 98.

840 2953 916 2984 Plus
939 2956 974 2983 et
995 2951 1098 2990 mayis
1121 2957 1239 2980 amare.
1275 2946 1328 2977 ΙΙΙ.
1352 2945 1406 2983 20,
1431 2944 1484 2978 73.

1187 2996 1239 3031 55
1260 2993 1276 3010 *²

950 3086 973 3106 ⁴?-
