1863 3221
245 102 328 144 414

245 206 314 246 per
334 192 489 246 sapiens
511 192 661 231 beatus.
709 189 782 229 Hi«.-
809 189 993 243 dignitate
1022 189 1132 229 11111115
1159 191 1376 231 sententiae
1398 193 1568 246 capitur,
1602 194 1668 233 sed
1695 208 1790 234 nun-

828 111 989 142 LIBER
1015 111 1054 142 V.
1082 111 1142 151 11,
1165 111 1220 144 32.

244 279 356 318 quam
379 266 415 304 id
435 265 596 313 diceret,
630 265 661 303 si
685 264 767 317 ipse
787 277 830 302 se
851 263 1016 303 audiret.
1081 261 1182 315 Quid
1200 271 1259 304 est
1281 264 1397 315 enim,
1432 267 1529 319 quod
1552 267 1676 307 minus
1696 281 1789 306 con-

243 338 398 387 veniat,
432 351 543 390 quam
569 343 611 375 ut
632 336 689 385 is,
724 336 786 390 qui
809 337 871 376 vel
893 351 1081 376 summum
1106 337 1167 376 vel
1190 337 1313 376 sotum
1344 339 1482 378 malum
1509 340 1680 380 dolorem
1702 354 1789 380 esse

243 411 359 460 dicat,
385 411 484 449 idem
503 415 676 459 censeat,
715 408 852 459 Quam
869 409 948 450 hoc
966 424 1096 450 snare
1114 409 1198 451 est!
1230 417 1322 461 tum,
1357 426 1469 465 quun]
1489 413 1621 452 dolore
1641 413 1789 452 crucie-

242 491 327 533 tur,
369 483 556 522 dicturum
583 496 671 523 esse
699 483 939 538 sapientem?
996 482 1088 523 Non
1112 483 1230 536 igitur
1254 497 1305 523 ex
1333 485 1494 538 singulis
1520 486 1681 525 vocibus
1709 485 1790 540 phi-

239 556 389 611 losophi
420 556 619 610 spectandi
651 563 763 607 sunt,
797 558 865 597 sed
896 571 948 597 ex
979 557 1236 611 perpetuitate
1268 564 1381 611 atque
1408 559 1641 598 constantia.

351 627 430 669 XI.

239 702 326 743 vide
340 734 350 752 ,
385 717 432 742 ne
455 702 699 743 desideretur
719 703 951 744 constantia.

487 636 555 670 52.
589 629 641 669 A.
665 629 837 670 Adducis
868 645 953 680 me,
994 637 1035 670 ut
1065 631 1130 670 tibi
1166 632 1373 671 assentiar.
1436 630 1512 672 Sed
1538 639 1599 671 tua
1622 646 1789 686 quoque,

1016 703 1079 743 M.
1112 703 1290 757 Quonam
1311 705 1450 745 modo?
1508 704 1560 744 Α.
1594 703 1694 758 Quia
1715 705 1790 759 legi

240 782 345 816 tuum
366 790 490 830 nuper
509 783 684 830 quartum
704 777 750 816 de
767 775 944 817 Finibus.
1002 775 1046 816 In
1065 791 1110 816 eo
1134 777 1224 817 mihi
1244 778 1426 818 videbare
1446 786 1579 818 contra
1600 776 1789 819 Catonem

239 848 437 889 disserens
466 849 538 889 hoo
566 850 667 889 velle
698 851 927 900 ostendere,
969 851 1068 904 quod
1102 851 1191 890 mihi
1222 852 1371 904 quidem
1408 852 1618 905 probaturl
1638 884 1648 902 ,
1691 852 1793 891 inter

240 921 442 961 Zenonem
466 930 503 962 et
523 921 807 977 Peripateticos
828 924 920 963 nihil
942 931 1098 977 praeter
1116 924 1324 964 verborum
1350 925 1558 965 novitatem
1580 925 1787 965 interesse.

238 993 352 1047 Quod
379 995 411 1034 si
438 998 488 1034 ita
515 1002 596 1046 est,
631 996 719 1049 quid
744 1003 803 1035 est
829 1010 1016 1046 caussae,
1051 997 1165 1049 quin,
1200 997 1232 1037 si
1259 996 1433 1038 Zenonis
1459 997 1599 1037 rationi
1626 1012 1791 1038 consen-

236 1075 392 1107 taneum
417 1068 491 1117 sit,
525 1069 619 1108 satis
641 1083 817 1122 magnam
839 1069 917 1109 vim
938 1069 977 1108 in
1003 1069 1147 1110 virtute
1171 1083 1258 1109 esse
1283 1070 1327 1109 ad
1350 1070 1461 1110 beate
1482 1071 1712 1120 vivendum,
1747 1071 1792 1110 li-

236 1148 323 1181 ceat
346 1140 446 1181 idem
470 1139 743 1196 Peripateticis
775 1143 932 1182 dicere?
974 1156 1056 1182 rem
1082 1143 1183 1183 enim
1219 1143 1358 1197 opinor
1391 1144 1556 1197 spectari
1591 1151 1788 1198 oportere,

324 1271 385 1302 XI.
436 1269 449 1301 1
478 1270 516 1301 R.
539 1272 574 1302 P.
595 1271 682 1303 Gud.
709 1271 737 1304 1.
759 1275 913 1313 probare,
947 1279 982 1303 ut
1005 1272 1223 1314 supplendum
1243 1273 1286 1303 sit
1308 1275 1384 1305 mihi
1404 1275 1572 1314 videbare,
1593 1275 1708 1305 videris
1727 1272 1790 1304 ad-

236 1314 318 1346 dunt
341 1315 451 1346 Guelf.
478 1319 558 1358 Aug.
581 1324 613 1347 et
637 1317 688 1348 ed.
702 1318 756 1353 P.;
783 1318 841 1348 sed
860 1317 894 1348 id
915 1317 978 1349 hoc
1000 1318 1130 1361 quidem
1152 1317 1228 1350 loco
1251 1318 1345 1349 nimis
1368 1318 1484 1350 durum
1507 1318 1567 1356 sit;
1593 1318 1792 1358 Kl.pr0bare

236 1372 275 1391 ex
301 1372 408 1403 comp.
433 1364 555 1400 probat’
579 1369 686 1393 ortum
710 1369 815 1404 putat.

233 1439 317 1469 Eun.
338 1440 379 1470 V.
399 1438 440 1477 3,
470 1439 519 1470 10.
568 1441 688 1471 Μίλῑὶεν.
719 1440 760 1470 ad
784 1440 818 1471 C.
843 1440 884 1471 de
908 1443 998 1472 Orat.

234 1485 292 1514 111.
313 1481 366 1521 ’.ξ-’1,
388 1484 441 1515 93.
478 1486 621 1515 Goerenz.
644 1484 685 1515 ad
709 1485 778 1515 Fin.
803 1486 843 1516 ΙΙ.
868 1487 916 1523 10,
939 1485 992 1517 51.

303 1530 405 1566 Quam
429 1530 483 1560 hoc
506 1539 601 1560 suave
625 1530 679 1571 est]
707 1531 745 1561 V.
771 1532 809 1561 11.
829 1530 859 1566 7,
889 1530 938 1563 17.

305 1573 381 1603 CAP.
403 1573 464 1604 XJ.
490 1575 517 1616 ᾗ.
540 1574 592 1606 52.
617 1576 654 1605 de
676 1574 817 1618 Finibus]
844 1574 916 1606 Lib.
939 1576 994 1607 JV.

1030 1452 1112 1483 quae
1136 1453 1191 1472 eos
1211 1441 1350 1472 maxime
1370 1442 1478 1483 specie
1499 1441 1647 1472 veritatis
1671 1452 1788 1472 move-

1030 1493 1112 1517 rent.
1163 1487 1201 1518 V.
1226 1498 1284 1517 nos
1306 1487 1337 1517 in
1361 1487 1434 1517 libr.
1460 1486 1492 1517 d.
1516 1488 1552 1517 de
1576 1489 1636 1518 Cic.
1660 1489 1692 1517 in
1712 1488 1789 1525 phil.

1029 1541 1102 1562 mer.
1126 1543 1157 1573 p.
1175 1529 1335 1564 ὅδ’-74.
1369 1539 1402 1562 et
1426 1532 1553 1573 Proleg.
1587 1531 1619 1562 in
1652 1531 1712 1562 hos
1745 1531 1789 1562 li-

1030 1576 1105 1607 bros
1131 1577 1185 1607 VI.
1214 1588 1244 1618 p.
1262 1576 1291 1609 ἶ.

235 1630 262 1649 c.
286 1618 340 1650 ⁴20.

303 1665 330 1706 ᾗ.
353 1662 406 1695 53.
454 1665 572 1694 tabellis
595 1666 777 1706 obsiynatis]
805 1666 886 1702 „Me
911 1665 991 1696 scri-

236 1715 369 1750 ptorum
406 1719 552 1738 meorum
586 1710 777 1740 testimonio
816 1709 993 1752 redarguis.

234 1753 432 1795 Metaphora
462 1752 560 1783 ducta
592 1760 640 1784 est
667 1767 685 1785 a
714 1755 908 1797 syngraphis
933 1767 993 1786 an—

233 1798 312 1829 nulo
337 1797 388 1828 vel
411 1809 508 1828 manu
531 1798 683 1840 signatis,
709 1811 787 1842 quas
806 1799 838 1830 111
862 1811 994 1831 caussa—

233 1854 304 1874 rum
348 1842 479 1873 actione
525 1844 700 1884 proferunt
734 1844 829 1875 Icti.“
886 1847 992 1876 Davis.

233 1890 373 1919 Klotzius
408 1898 513 1929 comp.
536 1889 630 1920 Verr.
653 1891 675 1920 Ι.
699 1890 760 1927 52,
790 1890 861 1922 157.
895 1896 928 1920 et
960 1890 993 1920 in

232 1933 341 1964 Pison.
363 1934 426 1969 26,
452 1932 505 1965 69.
553 1933 606 1964 Sic
634 1934 747 1965 Cicero
781 1946 841 1977 pro
866 1935 993 1965 Muren.

234 1978 295 2016 17,
319 1978 372 2009 55.
409 1977 509 2008 dicit:
552 1982 700 2018 tanquam
740 1989 777 2010 ex
813 1982 994 2019 synyroplia

233 2032 323 2062 agere
355 2032 425 2053 cum
452 2025 578 2061 populo.
624 2025 662 2055 V.
688 2026 819 2055 Erneslii
846 2025 934 2055 Clav.
961 2037 992 2055 v.

232 2068 422 2106 synqrapha.
463 2067 527 2097 Sed
549 2067 611 2098 hac
633 2068 851 2110 explicatione
872 2069 993 2100 reiecta

232 2113 321 2142 Beier
342 2110 383 2140 ad
407 2122 454 2141 or.
476 2123 508 2152 p.
532 2113 653 2143 Scauro
675 2124 706 2154 p.
725 2113 799 2144 211.
825 2113 865 2144 ad
888 2126 918 2144 v.
941 2117 993 2145 ob-

235 2158 413 2194 siqnaverat
435 2158 551 2187 litteras
574 2168 641 2187 rem
665 2157 711 2188 sic
740 2157 891 2199 exponit:
928 2160 991 2189 So—

233 2200 345 2231 lebant
368 2200 400 2230 in
432 2212 542 2231 caussa
568 2201 821 2244 repetundarum
847 2213 909 2233 non
935 2214 992 2233 5ο-

234 2245 298 2276 lum
318 2245 363 2275 rei
385 2245 524 2283 codices,
547 2246 604 2277 sed
626 2247 873 2288 provincialium
894 2248 992 2278 etiam

233 2290 364 2321 tabulae
388 2297 420 2320 et
445 2290 593 2328 litterae,
628 2298 661 2322 et
684 2292 834 2334 publicae
866 2299 898 2323 et
922 2293 992 2335 pri—

233 2342 348 2372 vatae,
381 2335 544 2377 obsignari
568 2336 608 2367 ab
638 2336 695 2373 iis,
731 2337 784 2379 qui
805 2338 992 2380 inquisitum

233 2380 386 2415 ivissent;
412 2380 513 2422 iisque
535 2388 568 2411 ut
590 2382 734 2412 omnium
755 2383 938 2414 tabularum
960 2389 993 2413 et

234 2425 415 2456 litterarum
446 2425 538 2456 fieret
562 2434 727 2468 potestas,
764 2427 889 2469 legibus
914 2440 992 2459 san—

235 2477 323 2501 ctum
356 2477 426 2501 erat
463 2482 534 2501 cnm
568 2482 686 2513 poena.
746 2474 785 2504 V.
820 2474 911 2504 Verr.
940 2474 993 2504 IV.

235 2514 298 2552 66,
328 2512 397 2546 149.
424 2517 446 2545 Ι.
472 2516 525 2553 57,
555 2516 626 2548 1-19.
673 2517 759 2548 Hinc
781 2518 992 2559 reprehensio

236 2558 379 2601 perversi
416 2561 545 2600 patroni
583 2563 603 2592 1.
653 2561 693 2592 de
729 2565 782 2593 Or.
815 2564 877 2601 311,
910 2562 991 2596 174:

237 2615 334 2646 quum
356 2606 493 2643 obsiqiies
514 2608 642 2638 tabellas
667 2607 792 2638 clientis
814 2607 880 2645 tui,
918 2608 992 2650 qui-

237 2648 296 2679 bus
319 2647 350 2678 in
376 2648 504 2679 tabellis
528 2650 560 2679 id
582 2650 622 2680 sit
642 2652 818 2694 scriptum,
853 2664 916 2695 quo
937 2653 992 2684 ille

238 2693 401 2735 capiatur:
439 2693 492 2723 ubi
523 2705 585 2724 non
609 2696 712 2726 minus
744 2709 896 2739 perverse
927 2709 992 2729 no—

239 2737 359 2768 vissimi
380 2737 502 2780 intpp.:
540 2750 635 2780 quum
659 2740 755 2772 fidem
780 2742 878 2773 facias
903 2742 992 2773 eius-

238 2782 328 2814 modi
363 2782 575 2825 syxigi‘aplii5‚
615 2784 728 2825 quibus
765 2786 926 2829 decipitur
960 2795 993 2819 et

239 2828 356 2859 damna
382 2828 461 2858 facit
486 2827 584 2858 cliens
609 2835 691 2859 tuus.

306 2883 360 2904 nos
381 2875 411 2904 in
432 2875 514 2903 diem
534 2875 680 2914 vivimus]
707 2875 889 2906 Academici
907 2877 993 2908 enim

241 2918 320 2948 nulli
343 2917 395 2959 11111
415 2917 604 2959 disciplinae
626 2918 728 2948 dediti
750 2927 852 2957 erant,
876 2921 934 2951 sed
955 2933 992 2952 ex

241 2962 336 2993 variis
352 2963 479 2994 *scholis
513 2974 548 2994 ea
581 2962 711 2994 decreta
737 2975 793 2994 sua
818 2964 991 3002 faciebant,

1094 1625 1188 1660 puto,
1212 1631 1356 1652 verumne
1379 1624 1437 1660 sit,
1463 1640 1506 1644 ——-
1529 1622 1610 1660 quod
1631 1622 1788 1652 honestum

1029 1668 1117 1707 esset]
1141 1667 1163 1695 E
1179 1665 1302 1707 vulgari
1315 1666 1426 1707 regula
1441 1666 1482 1697 ob
1506 1672 1612 1696 antec.
1635 1676 1786 1707 praesens

1029 1710 1120 1753 sequi
1154 1710 1310 1741 debebat:
1347 1722 1377 1750 q.
1401 1713 1429 1742 11.
1464 1714 1540 1751 sit,·
1573 1710 1632 1742 sed
1656 1710 1786 1753 imperf.

1029 1759 1103 1787 esset
1127 1755 1226 1786 verbo
1251 1756 1482 1786 enuntiationis
1510 1756 1658 1798 proxime
1690 1762 1785 1786 ante-

1030 1800 1176 1831 cedentis
1213 1803 1365 1840 placuerit
1403 1801 1685 1832 accommodatum
1727 1807 1787 1832 est.

1029 1846 1082 1876 Fit
1113 1845 1197 1876 enim
1229 1857 1459 1888 nonnunquam
1488 1848 1679 1877 attractionis
1702 1857 1787 1888 quo-

1029 1890 1104 1921 dam
1126 1902 1264 1932 genere,
1291 1898 1325 1922 ut
1349 1891 1439 1921 verbi
1462 1898 1608 1932 tempus,
1633 1890 1722 1933 quod
1746 1890 1787 1922 ad

1028 1935 1241 1978 principalem
1264 1936 1460 1967 sententiam
1481 1936 1644 1978 pertinet,
1667 1947 1787 1966 secun—

1027 1981 1136 2012 dariae
1172 1981 1354 2012 sententiae
1398 1981 1544 2024 proxime
1579 1979 1788 2012 antecedenti

1027 2026 1306 2057 accommodetur.
1359 2026 1393 2057 C.
1418 2027 1478 2068 Rp.
1502 2028 1558 2057 111.
1579 2026 1620 2065 3,
1642 2027 1680 2058 ὃς
1707 2037 1788 2068 quae

1025 2073 1144 2111 perficit
1176 2070 1207 2101 in
1238 2071 1331 2102 bonis
1359 2071 1518 2113 ingeniis,
1553 2071 1587 2101 id
1612 2070 1699 2113 quod
1723 2071 1786 2102 iam

1028 2127 1186 2157 persaepe
1216 2118 1361 2155 perfecit,
1396 2123 1430 2146 ut
1460 2115 1657 2147 incredibilis
1683 2127 1786 2158 quae—

1029 2160 1103 2190 dam
1125 2167 1156 2189 et
1182 2160 1290 2191 divina
1314 2161 1414 2191 virtus
1438 2163 1602 2192 exsisteret.
1637 2161 1707 2191 Fin.
1730 2162 1785 2192 111.

1032 2206 1090 2241 11,
1116 2204 1176 2235 59:
1215 2204 1395 2235 constituto
1419 2211 1528 2235 autem
1551 2205 1629 2242 1110,
1655 2206 1695 2235 (le
1720 2217 1784 2247 quo

1028 2255 1103 2279 ante
1130 2251 1287 2288 diximus,
1323 2249 1408 2291 quod
1433 2249 1606 2280 honestum
1631 2254 1723 2289 esset,
1750 2249 1783 2280 id

1027 2305 1097 2323 esse
1118 2293 1222 2324 solum
1245 2294 1381 2331 bonum,
1416 2294 1552 2336 intelligi
1576 2306 1707 2325 necesse
1730 2299 1784 2334 est,

1026 2338 1128 2380 pluris
1152 2338 1197 2375 id,
1221 2338 1309 2380 quod
1332 2339 1503 2370 honestum
1526 2340 1577 2377 sit,
1603 2340 1781 2370 aestiman-

1028 2384 1104 2414 dum
1127 2395 1214 2420 esse,
1241 2395 1336 2426 quam
1360 2384 1413 2415 illa
1435 2384 1553 2425 media,
1578 2396 1660 2426 quae
1680 2396 1719 2415 ex
1743 2395 1782 2415 eo

1028 2435 1275 2470 comparentur:
1303 2429 1356 2460 ubi
1378 2441 1405 2461 V.
1421 2431 1561 2470 Madvig).
1577 2441 1607 2471 p.
1623 2428 1697 2462 412.
1732 2429 1782 2461 Cf.

1026 2476 1157 2505 Ellendt.
1179 2473 1219 2504 ad
1243 2475 1331 2504 Brut.
1354 2475 1416 2511 5¹3,
1446 2477 1514 2506 1⁴24.
1540 2482 1572 2506 et
1600 2476 1631 2507 C.
1650 2477 1684 2507 G.
1700 2476 1783 2505 Diet-

1026 2521 1101 2550 rich.
1128 2519 1276 2557 Quaestt.
1299 2519 1354 2551 Gr.
1382 2519 1469 2560 Lips.
1491 2521 1581 2552 leis).
1606 2531 1638 2560 p.
1654 2518 1697 2550 34
1711 2529 1758 2561 sq.

1091 2565 1144 2595 sed
1157 2566 1184 2595 si
1199 2566 1240 2594 ila
1256 2569 1339 2603 esset,
1363 2568 1426 2595 lum
1444 2568 1475 2594 ul
1496 2568 1590 2595 totum
1610 2565 1664 2594 hoc
1687 2565 1779 2605 cett.]

1028 2609 1118 2639 Haec
1140 2615 1189 2639 est
1210 2608 1351 2650 vulgata,
1377 2620 1471 2650 quam
1494 2608 1630 2639 Orellius
1652 2608 1699 2639 sic
1719 2620 1777 2639 ex-

1026 2653 1145 2695 plicat:
1181 2653 1245 2684 Sed
1271 2653 1501 2695 postulandum
1526 2659 1624 2694 puto⁷
1652 2660 1687 2683 ut
1708 2660 1778 2684 tum

1026 2698 1165 2735 demum,
1192 2698 1217 2728 si
1234 2698 1466 2740 Peripateticus
1487 2697 1554 2727 sive
1577 2699 1690 2728 Brutus
1710 2698 1780 2740 ipse

1028 2755 1156 2786 quoque
1179 2749 1371 2784 agnosceret
1396 2754 1466 2773 cum
1487 2742 1624 2780 Stoicis,
1659 2743 1779 2774 bonum

1028 2800 1097 2819 esse
1127 2788 1251 2828 solum,
1288 2787 1376 2830 quod
1406 2787 1577 2817 honestum
1612 2795 1714 2825 esset,
1752 2788 1778 2819 is

1030 2833 1289 2875 (Peripateticus)
1319 2839 1424 2863 totum
1454 2831 1516 2862 hoc
1547 2832 1642 2863 beate
1670 2833 1778 2864 vivere

1027 2878 1057 2908 in
1081 2890 1141 2908 una
1158 2878 1275 2909 virtute
1289 2883 1443 2919 ponerem
1470 2888 1554 2907 nunc
1571 2889 1659 2916 vero,
1680 2889 1775 2919 quum

1028 2923 1092 2954 hoc
1115 2923 1244 2964 quidem
1269 2921 1381 2964 ponit,
1407 2921 1464 2951 sed
1488 2922 1581 2952 simul
1604 2922 1666 2954 alia
1690 2923 1775 2954 bona

1028 2968 1152 3007 statuit,
1176 2967 1245 3009 ipse.
1262 2977 1369 2997 secum
1392 2974 1524 3008 pugnat.
1573 2968 1635 2998 Pro
1655 2971 1777 3007 poneret
