1832 3137
1566 93 1645 136 195

74 175 228 217 deatur.
272 174 452 214 Affirmat
476 175 579 214 enim
603 175 767 229 quodam
785 176 888 227 loco,
914 178 947 217 si
968 184 1102 218 uratur
1117 178 1289 232 sapiens,
1318 179 1351 220 si
1369 180 1566 221 crucietur
1588 205 1642 212 -

73 254 284 302 exspectas
316 248 507 298 fortasse,
541 248 629 288 dum
661 248 786 288 dicat:
828 249 1019 303 patietur,
1052 253 1245 305 perferet,
1279 266 1357 292 non
1386 253 1635 296 succumbet:

71 336 213 375 magna
237 320 459 361 mehercule
485 321 569 362 laus
596 329 635 362 et
659 335 705 362 eo
737 321 845 376 ipso,
879 335 948 375 per
971 337 1083 376 quem
1113 324 1262 376 iuravi,
1296 324 1469 366 Hercule
1495 327 1634 381 digua,

70 395 139 435 sed
163 393 353 449 Epicuro,
387 394 532 434 homini
557 408 698 449 aspero
721 402 759 434 et
782 395 893 444 duro,
929 409 1007 435 non
1031 404 1090 436 est
1112 397 1184 438 hoc
1206 398 1324 450 satis,
1358 399 1397 439 in
1416 397 1636 442 Phalaridis

70 475 182 508 tauro
211 468 243 507 si
275 468 372 518 erit,
407 468 532 508 dicet:
572 467 711 518 Quam
732 481 864 508 suave
890 472 951 508 est
969 468 1016 508 1!
1047 483 1172 522 quum
1197 471 1276 512 laeoc
1306 485 1392 512 non
1417 473 1550 514 curo!
1578 499 1636 505 —

68 539 202 582 Suave
226 541 371 581 etiam?
402 556 451 581 an
472 555 606 596 parum
629 547 704 591 est,
738 540 771 580 si
795 554 873 580 non
896 543 1098 581 amarum?
1139 542 1195 582 At
1218 544 1255 583 id
1283 544 1436 597 quidem
1461 546 1515 586 illi
1539 546 1629 602 ipsi,

671 97 836 130 LIBER
861 99 901 130 ιι.
927 95 968 139 7,
998 96 1050 130 18.

66 614 130 668 qui
161 614 335 654 dolorem
360 614 501 654 malum
532 628 620 655 6556
646 620 814 668 negant,
848 628 927 653 nou
952 614 1080 654 solent
1111 615 1265 666 dicere,
1300 618 1476 671 cuiquam
1507 634 1630 662 suave

65 701 154 728 esse
186 688 375 739 cruciari3
420 701 625 742 asperum,
660 687 833 737 difficile,
868 685 1068 738 odiosum,
1103 695 1240 728 contra
1272 696 1447 730 naturam
1480 692 1627 744 dicunt,

546 758 643 811 Hic,
685 759 748 813 qui
778 759 904 800 solum
936 759 1009 800 hoc
1039 760 1181 801 malum
1213 760 1305 801 dicit
1335 766 1402 802 etl
1439 764 1628 806 malorum

1439 842 1505 877 18.
1539 836 1627 892 Ego

59 921 83 946 a
105 914 142 947 te
166 921 242 946 uon
268 907 443 961 postulo,
477 914 518 946 ut
537 906 711 947 dolorem
737 906 884 946 eisdem
909 907 1041 947 verbis
1070 907 1237 958 afficias,
1272 908 1410 962 quibus
1430 908 1626 964 Epicurus

63 774 137 801 nec
169 768 298 801 tamen
326 760 482 800 malum.

62 834 233 874 omnium
263 841 508 883 extremum,
543 833 758 887 sapientem
790 840 927 874 censet
952 833 989 873 id
1014 847 1135 876 suave
1166 834 1374 876 dicturum.

59 981 296 1034 voluptatem
314 982 327 1006 ¹
345 1013 355 1031 ,
390 980 528 1031 homo,
564 986 603 1020 ut
625 979 726 1030 scis,
761 979 1017 1034 voluptarius.
1081 978 1153 1021 Ille
1178 981 1323 1021 dixerit
1344 995 1440 1022 saue
1463 983 1564 1023 idem
1585 984 1625 1024 in

58 1051 276 1094 Phalaridis
301 1061 435 1105 tauro,
469 1053 594 1107 quod,
627 1052 661 1093 si
691 1059 801 1093 esset
826 1052 866 1093 in
887 1052 1052 1105 lectulo,
1086 1067 1160 1107 ego
1184 1060 1329 1095 tautam
1353 1055 1430 1096 vim
1455 1070 1533 1096 non
1555 1057 1623 1097 tri-

149 1173 221 1204 vn.
270 1171 286 1204 1
314 1183 345 1203 v.
370 1171 454 1204 Adn.

57 1240 101 1272 sit
125 1246 158 1271 et
189 1250 271 1282 quos
298 1238 445 1270 laudavit
465 1240 554 1270 Beier
573 1238 616 1270 ad
639 1238 707 1270 Cic.
730 1238 822 1272 Lael.

56 1284 110 1323 23,
135 1284 191 1318 87.
217 1295 250 1326 p.
266 1283 340 1316 137.
366 1294 427 1314 nec
449 1283 556 1314 nostri
577 1283 643 1315 loci
665 1283 821 1315 oblitus.“

53 1331 164 1361 Moser.

121 1376 167 1405 illi
187 1373 262 1414 ipsi]
297 1372 412 1404 Stoici.
435 1390 481 1396 —
525 1376 634 1404 contra
662 1376 821 1412 naturam,

53 1419 318 1450 widernatz'lrlich.
367 1418 406 1449 V.
430 1417 473 1449 ad
498 1419 538 1448 II.
563 1418 604 1455 3,
631 1416 664 1450 7.

120 1465 172 1503 qui
195 1465 296 1494 solum
319 1464 375 1495 hoc
407 1465 529 1494 malum
561 1464 637 1494 dicit
671 1466 697 1493 et
719 1464 820 1494 malo-

51 1518 122 1540 rum
145 1509 284 1539 omm'um
306 1507 490 1550 extremum]
521 1507 562 1538 H.
585 1519 614 1538 6.
639 1506 693 1549 qui
717 1507 819 1539 dolo-

52 1564 122 1584 rem
144 1553 250 1584 solum
273 1552 394 1584 malum
417 1552 508 1591 dicit,
534 1558 567 1583 et
589 1551 722 1595 quidem
743 1564 818 1583 ma-

51 1597 159 1629 lorum
174 1596 319 1629 omnium
339 1603 538 1628 extremum:
565 1596 607 1627 de
627 1597 686 1628 illo
706 1601 734 1629 et
754 1608 816 1639 pro

50 1646 79 1674 et
99 1645 223 1682 quidem
244 1641 334 1673 dicto
357 1654 387 1674 v.
402 1644 542 1674 Beierum
563 1641 606 1672 ad
627 1641 691 1673 off.
708 1643 748 1673 ΙΙ.
765 1640 816 1674 16.

50 1698 85 1730 p.
104 1687 176 1719 111.
213 1686 268 1718 Sic
291 1687 418 1718 Graece
444 1686 500 1720 καί
524 1686 655 1719 dicitur.
690 1688 731 1718 V.
754 1698 815 1718 nos

49 1732 83 1763 in
117 1731 280 1774 ampliore
313 1732 371 1763 Gr.
399 1732 456 1763 Gr.
486 1732 526 1763 T.
549 1733 590 1763 11.
627 1733 654 1775 ᾗ.
681 1731 756 1771 727,
784 1731 813 1764 l.

48 1787 82 1819 p.
101 1774 178 1808 422.
225 1779 380 1808 Bentleius
407 1775 583 1819 legendum
607 1775 742 1808 coniicit
762 1778 815 1815 qui

48 1831 128 1853 non
151 1824 251 1853 solum
287 1821 320 1864 (i.
341 1833 370 1853 e.
395 1821 509 1861 modo)
544 1823 573 1852 h.
595 1831 637 1852 m.
660 1823 712 1860 d.,
745 1822 814 1852 sed

48 1875 91 1898 m.
127 1876 156 1898 o.
190 1876 216 1898 e.
276 1866 335 1904 „Si
369 1866 459 1908 prius
494 1868 593 1898 solum
604 1868 638 1905 ,“
675 1864 811 1907 [inquit]

21 1927 31 1937 ·
46 1910 240 1953 „quomodo
260 1910 335 1942 dein
357 1912 582 1942 eoetremum?“
615 1911 816 1949 Wopltensius

46 1966 81 1998 p.
98 1956 137 1988 81
156 1967 222 1998 sq.‚
259 1954 406 1986 omnium
436 1955 595 1985 librorum
618 1954 814 1995 scripturam

46 1999 254 2038 defensurus,
276 2011 348 2031 eam
367 1999 414 2030 sic
432 1998 712 2040 interpretandam
733 2009 812 2029 cen-

47 2051 120 2085 set,
154 2051 190 2075 ut
212 2044 369 2086 Epicurus
394 2043 544 2075 dolorem
568 2043 669 2075 modo
691 2043 814 2074 malum

47 2088 173 2127 solum,
205 2088 306 2120 modo
329 2095 512 2120 extremum
533 2087 662 2121 dixerit.
708 2087 810 2118 Simi-

46 2133 123 2165 liter
144 2133 232 2164 infra
254 2134 293 2166 V.
318 2134 377 2170 10,
402 2133 464 2166 31:
503 2132 568 2171 „de
590 2132 732 2174 Epicuro
754 2132 810 2163 lo-

46 2178 156 2220 quitur
179 2177 324 2212 Tullius:
352 2179 399 2208 Ut
421 2177 447 2208 is
461 2202 468 2215 ,
494 2177 548 2219 qui
574 2177 627 2208 vel
648 2188 809 2208 summum

46 2222 99 2254 vel
120 2222 226 2254 solum
257 2222 379 2253 malum
412 2221 562 2253 dolorem
584 2233 655 2253 esse
683 2221 809 2253 dicat.“

46 2270 90 2298 At
111 2267 194 2298 haec
216 2266 458 2308 interpretandi
487 2266 571 2298 ratio
593 2267 662 2298 iure
685 2266 810 2298 exsibi-

43 2310 130 2342 latur
158 2311 199 2342 ab
223 2313 367 2351 Handio,
402 2311 458 2354 qui
490 2318 581 2343 recte
612 2318 727 2343 monet
748 2323 811 2353 per

46 2355 229 2397 simplicem
260 2359 287 2386 et
310 2362 440 2386 tantum
463 2355 608 2387 diversas
629 2356 809 2387 sententias

44 2398 196 2441 exprimi.
258 2399 382 2430 Contra
414 2401 543 2431 Bentleii
587 2400 812 2432 coniecturam

43 2446 146 2476 Moser
166 2443 250 2475 bene
271 2449 405 2482 monet,
436 2443 557 2475 omisso
578 2443 743 2476 adiectivo
762 2455 812 2477 so-

43 2490 120 2528 lum,
147 2487 307 2519 sermonis
328 2487 405 2525 vim,
430 2499 513 2530 quae
535 2487 668 2531 quidem
691 2488 724 2520 in
746 2489 812 2521 hoc

43 2532 119 2564 loco
142 2532 282 2564 maxima
313 2532 514 2575 requiratur,
550 2532 684 2564 nimium
711 2544 809 2565 ener-

43 2583 156 2608 vatum
177 2577 237 2615 iri,
275 2576 541 2620 quandoquidem
566 2577 718 2608 dolorem
742 2588 809 2609 non

43 2627 171 2653 tantum
193 2621 355 2653 malorum
380 2628 581 2660 extremum,
618 2621 677 2653 sed
709 2621 809 2653 etiam

43 2665 164 2697 malum
196 2666 303 2698 solum
336 2666 465 2698 dixerit.
526 2666 577 2697 Cf.
612 2667 652 2698 V.
676 2665 718 2704 9,
744 2665 807 2698 26:

45 2719 143 2750 quum
166 2710 316 2743 dolorem
331 2722 397 2743 non
414 2711 516 2743 modo
536 2711 712 2742 maximum
735 2722 809 2741 ma-

44 2751 131 2793 lum,
167 2754 226 2786 sed
257 2756 365 2788 solum
398 2756 519 2787 malum
555 2755 653 2787 etiam
678 2754 808 2786 dixerit.

43 2795 108 2835 26,
133 2797 194 2831 73:
227 2810 327 2842 quum
351 2800 581 2839 constituerit,
615 2811 681 2832 non
706 2799 808 2830 modo

44 2852 204 2873 summum
215 2844 336 2876 malum
353 2856 424 2877 esse
444 2845 606 2882 dolorem,
629 2844 687 2875 sed
709 2843 809 2875 etiam

43 2885 159 2918 solum.
206 2889 242 2919 F.
265 2891 300 2920 A.
324 2892 450 2930 Wolfius
475 2894 530 2922 aut
552 2892 707 2921 malorum
731 2899 809 2921 cor-

42 2929 146 2962 rexit:
172 2931 261 2974 quod
278 2933 368 2966 nullo
387 2934 488 2967 modo
508 2933 716 2978 probandum
737 2940 808 2972 est;

857 1245 949 1271 recte
980 1238 1067 1270 enim
1091 1241 1223 1272 Orellizcs
1245 1247 1278 1271 et
1298 1242 1445 1273 Handius
1472 1248 1620 1281 monent,

856 1283 885 1315 si
906 1283 1160 1315 disiunctionem
1182 1284 1350 1323 voluisset,
1376 1297 1442 1318 non
1463 1290 1539 1327 aut,
1562 1287 1622 1318 sed

856 1331 904 1360 vel
925 1328 1136 1360 scribendum
1166 1329 1277 1362 fuisse.
1325 1331 1431 1369 Nam,
1465 1330 1511 1362 ait
1532 1334 1621 1365 Han-

856 1374 948 1413 dius,
981 1372 1148 1404 distinctio
1172 1374 1266 1405 fieret
1288 1373 1329 1405 de
1351 1375 1525 1417 opinione,
1559 1388 1621 1408 nec

856 1417 1088 1449 constituenda
1113 1425 1199 1449 esset
1222 1430 1295 1457 res,
1320 1420 1380 1450 sed
1403 1420 1578 1452 sententia.

934 1464 962 1506 ξ.
986 1463 1037 1495 18.
1084 1465 1195 1503 quibus
1226 1466 1382 1503 Epicurus
1415 1465 1618 1509 voluptatem]

852 1508 951 1539 Hunc
976 1507 1086 1540 locum
1108 1508 1358 1551 interpolatoris
1381 1510 1620 1552 corruptricem

851 1564 984 1584 manum
1014 1564 1207 1595 perpessum
1236 1564 1326 1592 esse,
1363 1553 1425 1585 sibi
1457 1554 1619 1597 persuasit

848 1600 1015 1630 Bentleius.
1051 1598 1148 1636 Nam,
1172 1597 1279 1641 inquit
1298 1598 1349 1630 vir
1365 1610 1512 1641 magnus,
1535 1599 1618 1642 Epi-

851 1654 945 1674 curus
966 1645 1157 1682 voluptatem
1182 1642 1314 1674 dictitat
1343 1654 1501 1675 summum
1522 1648 1549 1676 et
1567 1655 1617 1678 so-

849 1690 914 1719 lum
938 1690 1050 1719 bonum
1071 1697 1155 1727 esse,·
1180 1688 1250 1730 quis
1272 1694 1382 1719 autem
1407 1690 1543 1720 dolorem
1566 1689 1617 1720 his

849 1732 958 1764 verbis
982 1731 1134 1763 afficiat?
1171 1739 1226 1763 aut
1251 1733 1330 1775 quid
1360 1732 1496 1771 mirum,
1530 1733 1557 1765 si
1579 1733 1615 1765 id

849 1788 867 1809 a
903 1776 1033 1808 nemine
1074 1776 1251 1819 postulet?
1309 1777 1397 1809 Hinc
1437 1778 1616 1810 delendum

850 1828 962 1853 censet
974 1821 1110 1853 verbum
1131 1824 1339 1860 voluptatem:
1363 1822 1397 1853 in
1417 1833 1513 1864 quam
1534 1834 1614 1854 sen-

847 1866 986 1897 tentiam
1007 1865 1228 1896 discesserunt
1248 1868 1415 1905 Davisius,
1440 1869 1614 1907 Schiztzius,

852 1912 978 1950 Wolfius
996 1909 1030 1939 in
1050 1909 1101 1940 ed.
1115 1911 1155 1948 1.,
1182 1912 1327 1949 Treyder,
1350 1913 1484 1942 Wesenb.
1502 1913 1572 1943 Em.
1586 1913 1613 1944 I.

848 1966 880 1997 p.
897 1952 928 1986 4.
956 1956 1088 1987 Orellius
1106 1953 1197 1985 uncis
1217 1954 1329 1985 cinxit.
1364 1958 1408 1986 At
1428 1967 1508 1987 vero
1528 1956 1612 1987 seri-

848 2005 945 2041 ptura
977 1998 1110 2039 vulgata
1146 2009 1212 2029 non
1246 2005 1373 2030 temere
1404 2000 1614 2034 sollicitanda

849 2050 909 2075 est.
958 2043 1121 2075 Nimirum
1153 2045 1308 2074 Bentleius
1339 2043 1372 2074 in
1405 2055 1445 2075 eo
1479 2045 1611 2086 erravit,

845 2087 934 2131 quod
965 2087 1095 2130 putavit
1117 2087 1219 2119 verba
1249 2090 1360 2127 quibus
1380 2090 1535 2127 Epicurus
1557 2100 1612 2122 υο-

844 2135 994 2173 luptatem
1013 2135 1112 2173 afficit
1132 2132 1218 2164 hanc
1240 2132 1364 2164 habere
1385 2133 1472 2175 vim,
1504 2140 1540 2165 ut
1562 2134 1612 2166 si-

844 2177 1058 2219 gnificarent,
1094 2176 1191 2208 sicuti
1223 2177 1431 2220 voluptatem
1466 2179 1612 2210 omnium

844 2223 1008 2254 bonorum
1031 2222 1130 2253 finem
1151 2222 1191 2253 ab
1215 2221 1358 2264 Epicuro
1383 2222 1505 2254 dictam
1528 2235 1610 2262 esse,

844 2267 936 2298 sich.
949 2267 971 2300 l.
994 2267 1146 2298 dolorem
1167 2266 1311 2297 omnium
1329 2266 1492 2298 bonorum
1513 2267 1611 2299 finem

845 2311 970 2343 dictum
983 2323 1065 2343 esse.
1091 2314 1133 2342 At
1146 2311 1225 2342 nihil
1237 2310 1325 2342 aliud
1339 2310 1450 2342 dicere
1466 2311 1611 2343 voluisse

847 2356 978 2388 videtur
999 2356 1136 2392 Cicero,
1169 2355 1230 2386 nisi
1253 2355 1336 2386 hoc:
1374 2355 1451 2387 Non
1476 2357 1610 2398 postulo

846 2412 865 2432 a
888 2407 944 2442 te,
979 2407 1015 2432 ut
1047 2411 1119 2432 cum
1143 2399 1283 2440 Epicuro
1315 2398 1358 2429 de
1380 2398 1497 2431 dolore
1522 2400 1611 2432 idem

847 2445 1026 2483 exclames,
1052 2443 1143 2486 quod
1164 2444 1206 2474 de
1229 2443 1420 2485 voluptate,
1445 2456 1490 2476 sc.
1515 2455 1612 2485 quam

846 2499 942 2521 suave
973 2493 1015 2521 est
1046 2490 1111 2519 hoc.
1166 2487 1234 2530 (Cf.
1266 2487 1354 2519 infra
1384 2489 1423 2521 V.
1451 2488 1513 2529 10,
1537 2489 1608 2532 31.)

846 2534 932 2565 Nam
954 2532 1086 2575 Epicuri
1113 2532 1220 2564 oratio
1253 2532 1468 2565 vehementer
1499 2545 1611 2567 secum

844 2584 978 2620 pugnat.
1028 2576 1157 2608 Etenim
1181 2576 1236 2620 qui
1256 2576 1336 2608 alias
1358 2577 1400 2609 de
1424 2578 1608 2621 voluptate,

845 2633 908 2663 qua
935 2620 1174 2663 perfundatur,
1209 2621 1371 2654 exclamat
1394 2633 1491 2662 quam
1513 2634 1609 2656 suave

843 2670 884 2698 est
907 2667 984 2698 hoc!
1020 2665 1188 2708 quomodo
1219 2665 1308 2697 idem
1339 2678 1427 2699 nunc
1459 2667 1610 2700 dolorem

842 2710 959 2741 iisdem
980 2710 1087 2741 verbis
1108 2710 1242 2742 afficere
1263 2711 1403 2753 potest?
1437 2711 1606 2754 Epicurus,

843 2755 944 2786 homo
969 2755 1184 2797 voluptarius,
1206 2768 1225 2787 a
1248 2762 1282 2787 te
1305 2756 1428 2798 aliquid
1449 2756 1606 2798 postulat,

845 2799 935 2842 quod
946 2811 988 2831 ne
999 2799 1022 2830 ii
1035 2799 1166 2842 quidem
1180 2800 1381 2843 philosophi,
1404 2800 1458 2843 qui
1477 2811 1608 2832 mascu—

843 2844 909 2875 lam
929 2855 968 2876 ac
988 2844 1112 2876 fortem
1134 2852 1316 2887 sequuntur
1337 2844 1546 2876 sententiam.
1562 2861 1609 2868 —

844 2890 908 2921 Pro
930 2891 1055 2929 afficias
1074 2889 1161 2921 male
1183 2892 1304 2922 Tc'iuber
1325 2889 1502 2931 legendum
1525 2899 1608 2920 con-

843 2933 922 2965 iecit
943 2935 1082 2974 efficias:
1115 2934 1203 2977 quod
1227 2934 1352 2976 recepit
1375 2935 1517 2973 ΤιέοΙιεν,
1552 2933 1609 2966 in-

1187 2981 1276 3019 15*
