1863 3221
337 148 392 189 20
945 149 1289 181 PROLEGOMENA.

342 249 501 289 parare,
532 235 572 272 h.
601 247 631 271 e.
660 231 765 270 ratio
790 230 1044 268 temeritatem
1069 243 1251 267 coercere
1272 229 1398 268 debet.
1457 231 1552 269 'fres
1577 230 1722 282 gradus
1742 231 1863 283 imper

344 304 508 343 rationis
531 303 571 339 in
599 299 873 346 temeritatem,
905 297 967 335 vel
989 304 1035 335 ut
1058 297 1206 334 domini
1234 297 1276 334 in
1301 310 1455 346 servos,
1495 299 1553 335 vel
1580 305 1626 335 ut
1647 299 1861 349 imperator

346 375 384 409 in
413 371 594 416 militem,
623 367 687 404 vel
716 372 763 403 ut
792 365 966 416 parentis
998 365 1039 401 in
1069 364 1206 402 filium.
1253 378 1284 401 c.
1310 368 1376 401 21.
1404 369 1470 402 22.
1499 364 1540 416 5.
1560 369 1626 403 51.

456 437 498 490 β)
528 438 713 486 Propone
737 433 868 470 animo
890 432 1035 483 species
1059 431 1244 470 honestas
1272 431 1472 480 virorum,
1512 432 1581 481 qui
1606 433 1767 471 sortiter
1791 435 1863 473 tul(

344 513 442 544 runt
470 505 639 542 dolores.
687 516 718 539 e.
741 505 808 539 22.
837 498 877 551 5.
896 505 962 538 52.
989 504 1054 538 55.

453 569 491 624 y)
522 570 680 621 Cogita,
719 568 817 618 quid
841 567 1079 604 fortitudine
1109 573 1146 604 et
1181 566 1296 603 animi
1329 567 1599 617 magnitudine
1628 567 1863 619 dignissimm

344 641 406 678 sit.
467 639 628 676 Animus
653 637 876 674 intentione
902 649 972 672 sua
997 634 1157 685 depellit
1181 647 1359 685 pressum
1385 648 1535 671 omnem
1558 635 1801 685 ponderum,
1832 650 1863 674 r(

343 708 524 745 missione
546 712 675 742 autem
698 704 753 740 sic
776 709 942 753 urgetur
954 701 974 750 ,’
993 708 1040 738 ut
1062 715 1101 738 se
1123 708 1291 751 nequeat
1321 702 1522 739 extollere.
1581 701 1816 740 Adhibenda
1843 717 1861 741 e

343 775 465 825 igitur
488 774 607 810 animi
630 770 852 816 contentio,
886 769 996 806 cuius
1020 775 1066 805 ut
1092 769 1133 805 in
1159 782 1346 820 corpore,
1376 769 1432 806 sic
1455 769 1494 805 in
1523 769 1654 806 animo
1678 783 1815 821 magna
1838 785 1863 809 v

339 844 402 879 sit.
448 855 480 878 c.
503 844 568 877 22.
600 837 639 889 5.
664 842 729 876 55.
762 843 864 873 extr.
896 850 928 872 c.
955 840 1021 874 23.
1052 834 1092 885 5.
1119 838 1184 873 54.

454 906 492 957 ὁ)
524 906 680 956 Cogita,
726 917 842 953 qnam
868 903 998 953 turpis
1023 903 1074 940 sit
1104 902 1192 940 viro
1215 903 1380 952 gemitus
1415 902 1694 940 elamentabilis
1727 909 1764 940 et
1786 904 1863 942 fleti

339 974 558 1021 muliebris,
590 987 621 1009 c.
641 976 708 1010 25.
737 970 776 1022 5.
795 975 860 1008 55.
884 974 949 1008 56.
981 985 1013 1007 c.
1031 974 1097 1008 24.
1129 968 1168 1020 5.
1187 974 1253 1008 57.
1286 976 1443 1018 contra,
1475 983 1591 1020 quam
1610 969 1818 1007 honestum
1836 972 1863 1009 si

339 1043 515 1080 dolorem
537 1040 688 1090 placide
709 1046 826 1088 atque
847 1038 976 1074 sedate
997 1038 1112 1074 serre.
1145 1051 1177 1074 c.
1202 1040 1269 1074 24.
1298 1036 1338 1088 5.
1359 1041 1424 1074 58.
1447 1040 1512 1074 59.
1573 1037 1658 1074 Hoc
1680 1038 1802 1088 igitur
1824 1039 1863 1076 ti]

340 1121 538 1161 propone:
570 1106 866 1156 amplitudinem
888 1105 1020 1152 animi,
1051 1118 1149 1154 quae
1167 1105 1333 1140 maxime
1354 1104 1495 1140 eminet
1513 1105 1806 1142 contemnendis
1824 1106 1863 1143 d<

339 1176 507 1222 loribus,
548 1187 661 1210 unam
684 1185 762 1209 esse
786 1172 958 1208 onmium
980 1185 1060 1208 rem
1081 1171 1399 1221 pulcherrimam.
1432 1185 1464 1207 c.
1486 1175 1554 1207 25.
1576 1175 1642 1208 26.
1702 1172 1805 1209 Haec
1824 1186 1863 1210 at

339 1252 414 1282 tem
436 1241 628 1294 patientia
649 1240 833 1277 dolorum
860 1239 898 1275 in
920 1238 1025 1275 omni
1045 1251 1185 1288 genere
1204 1238 1443 1287 aequabilem
1464 1251 1502 1274 se
1522 1238 1727 1288 praebeat,
1758 1240 1784 1276 i.
1803 1253 1834 1277 e.
1853 1254 1863 1276 1

338 1312 422 1349 aliis
442 1311 483 1346 in
504 1308 708 1346 doloribus
731 1306 890 1352 fortior,
922 1306 962 1342 in
982 1306 1068 1342 aliis
1086 1306 1213 1341 minus
1231 1305 1346 1341 fortis
1367 1304 1433 1341 sis.
1492 1306 1599 1353 Nam,
1627 1306 1733 1354 quod
1753 1320 1773 1342 a
1794 1321 1858 1344 cer

339 1379 492 1416 ratione
519 1374 803 1426 proficiscitur,
841 1374 882 1409 in
912 1372 1016 1408 omni
1044 1385 1182 1423 genere
1213 1371 1412 1421 aequabile
1434 1384 1512 1408 esse
1533 1372 1666 1420 debet3
1704 1373 1758 1410 ita
1778 1375 1859 1412 sort

339 1446 462 1493 tudo,
494 1459 516 1481 a
534 1449 648 1480 certa
673 1441 828 1478 ratione
855 1440 1050 1490 prosecta,
1081 1439 1122 1476 in
1148 1439 1251 1475 omni
1275 1452 1412 1488 genere
1440 1439 1624 1475 dolorum
1645 1439 1803 1476 eandem
1823 1440 1863 1478 liz

340 1514 431 1551 bere
462 1512 576 1549 debet
607 1510 698 1547 vim.
728 1522 760 1545 c.
783 1512 850 1545 27.
879 1505 920 1557 5.
946 1510 1013 1544 65.

455 1578 519 1616 ΠΙ.
579 1578 797 1613 Cosemsm
816 1587 953 1611 'forms
970 1587 1280 1610 DtsPUTATIONIS.
1340 1573 1449 1620 Quae
1472 1586 1589 1622 quum
1610 1573 1665 1610 ita
1680 1574 1777 1622 sint,
1809 1577 1863 1613 exi

340 1647 495 1684 stimare
521 1645 722 1690 debemus,
755 1642 953 1689 dolorem,
992 1641 1142 1677 etiamsi
1169 1641 1311 1677 malum
1339 1641 1408 1688 sit,
1442 1640 1636 1677 tantulum
1657 1647 1782 1679 tamen
1810 1656 1863 1680 ess

345 1721 388 1752 ut
412 1728 431 1750 a
458 1713 610 1750 virtute
638 1712 691 1747 ita
718 1711 937 1755 obruatur,
980 1715 1024 1745 ut
1050 1721 1242 1757 nusquam
1271 1714 1480 1757 appareat,
1520 1708 1752 1758 praesertim
1779 1724 1863 1759 quu.

347 1786 526 1830 paratum
545 1780 596 1814 sit
619 1778 716 1814 illud
737 1791 783 1813 ex
804 1776 985 1813 hesterna
1003 1776 1271 1825 disputatione
1292 1775 1338 1812 de
1358 1775 1640 1812 contemnenda
1659 1783 1784 1814 morte
1802 1791 1863 1828 pei

345 1847 506 1896 sugium.
540 1861 572 1881 (t.
597 1849 661 1883 27.
692 1842 730 1894 5.
756 1847 822 1881 66.
849 1846 916 1880 67.

415 2176 421 2178 >
465 2153 1078 2200 TUSCULANARUM
1132 2151 1767 2200 DISPUTATNJNUM

967 2254 1081 2284 LIBRI
1108 2254 1270 2292 TERTH,

731 2329 798 2363 QUI
818 2330 896 2356 EST
916 2330 968 2356 DE
986 2329 1191 2356 LEMENDA
1212 2329 1501 2357 AEGRITUDINE.

920 2402 1323 2438 CONSPECTUS.

451 2518 475 2552 Ι.
506 2517 747 2552 ΡηοοΕΜΙυΜ
763 2519 946 2551 versatur
965 2513 1006 2549 in
1024 2512 1208 2550 laudibus
1224 2512 1520 2564 philosophiae:
1553 2527 1651 2563 quae
1668 2527 1787 2564 quum
1805 2527 1862 2552 me

335 2583 465 2619 dicina
489 2581 603 2618 antimi
629 2582 700 2628 sit,
740 2594 860 2630 eaque
882 2580 921 2617 in
945 2586 1136 2631 potestate
1159 2587 1295 2617 nostra
1324 2581 1417 2628 sita,
1455 2581 1667 2617 dolendum
1689 2594 1767 2618 esse
1789 2581 1863 2619 dici

333 2650 488 2696 Cicero,
534 2647 748 2684 medicinae
777 2648 957 2697 corporis
991 2647 1155 2684 multum
1197 2654 1235 2685 et
1266 2647 1429 2684 honoris
1462 2646 1599 2684 haberi
1630 2654 1668 2685 et
1701 2648 1862 2699 tempori

334 2716 474 2763 tribui,
505 2715 608 2751 illam
631 2720 757 2750 autem
776 2713 893 2749 animi
916 2714 1144 2751 medicinam
1166 2715 1360 2752 contemni
1382 2721 1418 2751 et
1442 2715 1594 2765 negligi.
1653 2730 1686 2752 c.
1715 2718 1750 2752 1.
1781 2713 1822 2765 5.
1847 2719 1860 2753 1

330 2783 494 2819 Caussae
519 2782 748 2818 morborum
768 2780 885 2816 animi
906 2781 1081 2818 breviter
1099 2781 1422 2819 dinumerantur:
1455 2795 1642 2830 perversa
1662 2781 1863 2822 iuventuti

327 2849 508 2886 educatio
532 2855 570 2886 et
590 2846 809 2894 institutio,
840 2846 958 2883 lectio
980 2855 1205 2896 poetarum,
1233 2848 1357 2899 gloria
1379 2848 1532 2885 etfama
1552 2848 1777 2899 popularis,
1808 2861 1861 2899 peu

325 2917 462 2955 cuniae
484 2915 697 2967 cupiditas,
728 2913 982 2962 voluptatum
1000 2914 1136 2952 libido.
1165 2914 1205 2966 5.
1223 2919 1261 2952 2.
1281 2929 1313 2952 c.
1330 2919 1367 2952 2.
1397 2913 1438 2965 5.
1455 2919 1495 2952 5.
1515 2919 1552 2953 4.
1612 2916 1744 2953 Morbi
1761 2915 1863 2953 anirr⁴

322 2991 359 3020 et
382 2983 682 3034 perniciosiores
705 2987 743 3019 et
761 2980 897 3030 plures
921 2987 1033 3029 sunt,
1074 2995 1190 3031 quam
1209 2982 1403 3033 corporis.
1468 2982 1630 3020 Illorum
1654 2982 1779 3033 igitur
1804 2974 1863 3026 cui

1859 3048 1862 3101 Ι

1853 3134 1860 3221 l
