1863 3221
215 76 297 118 394

215 173 290 206 tem
323 166 645 220 fragilitatemque
681 162 958 202 extimescere.
1020 160 1176 202 Vereor
1199 161 1326 212 enim,
1369 175 1417 202 ne
1449 169 1609 213 natura,
1652 176 1767 216 quum

215 253 379 293 corpora
407 238 516 277 nobis
545 236 696 276 infirma
719 233 890 274 dedisset
911 234 1035 288 iisque
1059 241 1097 274 et
1117 233 1272 274 morbos
1292 233 1526 275 insanabiles
1550 243 1588 275 et
1611 235 1767 275 dolores

821 84 985 115 Lisseu
1012 86 1049 115 v.
1073 83 1114 122 2,
1140 82 1169 114 5.

216 311 481 352 intolerabiles
507 307 774 357 adiunxisset,
816 307 965 347 animos
993 320 1143 360 quoque
1168 307 1316 346 dederit
1338 313 1376 346 et
1398 321 1602 362 corporum
1628 308 1769 347 dolori-

215 384 286 424 bus
310 389 568 436 congruentes
596 386 644 428 fet
681 380 887 434 separatim
920 380 1002 420 suis
1027 379 1236 433 angoribus
1261 386 1300 419 et
1325 379 1512 420 molestiis
1536 380 1766 434 implicatos.

216 462 256 496 lt.
293 454 370 496 Sed
396 455 466 494 in⁷
493 455 564 493 lloc
589 467 650 494 me
676 453 758 507 ipse
787 453 959 507 castigo,
994 452 1093 505 quod
1119 466 1170 491 ex
1198 452 1361 492 aliorum
1390 459 1430 492 et
1453 466 1504 492 ex
1534 459 1666 492 nostra
1691 453 1770 492 sor-

1702 523 1772 565 Illa

215 600 341 650 enim,
383 600 415 640 si
445 600 558 640 modo
584 606 645 640 est
675 600 752 640 ulla
783 599 931 650 virtus,
977 612 1090 652 quam
1115 598 1392 638 dubitationem
1418 598 1632 639 avunculus
1668 604 1770 648 tuus,

215 535 321 568 tasse
342 527 499 567 mollitia
514 558 524 577 ‚
558 540 637 567 non
656 540 710 566 ex
729 526 811 581 ipsa
835 526 978 566 virtute
992 557 1002 576 ,
1037 526 1082 565 de
1101 525 1256 566 virtutis
1277 525 1418 565 robore
1443 525 1641 565 existimo.

214 671 360 723 Brute,
406 673 582 723 sustulit,
625 672 776 723 omnia,
818 685 916 726 quae
950 672 1091 712 cadere
1119 671 1157 711 in
1187 671 1379 711 hominem
1413 678 1596 725 possunt,
1641 670 1775 711 subter

215 759 259 786 se
282 745 397 786 habet
415 759 538 800 eaque
558 745 776 800 despiciens
799 759 912 785 casus
932 744 1148 785 contemnit
1167 744 1356 784 humanos
1377 744 1564 798 culpaque
1587 744 1688 784 omni
1711 757 1775 784 ca-

214 832 307 859 rens
329 825 484 873 praeter
502 832 545 858 se
568 819 688 873 ipsam
714 818 808 857 nihil
834 825 968 858 censet
985 818 1030 857 ad
1050 831 1092 857 se
1115 818 1325 872 pertinere.
1387 817 1475 858 Nos
1497 824 1625 857 autem
1646 816 1772 856 omnia

215 891 396 932 adversa·
420 906 532 945 quum
553 894 569 917 8
601 891 799 931 venientia
833 897 937 930 metu
972 897 1185 944 augentes,
1229 897 1307 930 tum
1342 904 1521 930 maerore
1554 889 1773 945 praesentia

215 977 344 1004 rerum
377 971 576 1013 naturam,
611 978 722 1017 quam
756 977 929 1003 errorem
963 970 1162 1013 nostrum,
1197 964 1381 1003 damnare
1413 963 1616 1003 malumus.

328 1035 384 1076 Il.
420 1043 460 1076 5.
496 1035 574 1077 Sed
596 1043 634 1076 et
654 1035 765 1076 huius
787 1037 921 1091 culpae
943 1043 979 1075 et
1000 1042 1222 1090 ceterorum
1244 1036 1426 1085 vitiorum
1453 1043 1776 1091 peccato-rumque

215 1116 439 1159 nostrorum
463 1109 587 1150 omnis
612 1124 633 1149 a
656 1109 894 1164 philosophia
913 1109 1077 1163 petenda
1101 1109 1293 1149 correctio
1313 1116 1387 1149 est.
1444 1107 1567 1150 Cuius
1588 1110 1628 1150 in
1649 1110 1773 1150 sinum

216 1198 332 1237 quum
369 1198 389 1223 a
419 1183 552 1238 primis
590 1182 830 1237 temporibus
865 1183 1004 1222 aetatis
1042 1190 1174 1224 nostra
1216 1183 1396 1224 voluntas
1431 1183 1674 1238 studiumque
1704 1197 1774 1224 nos

217 1257 518 1311 compulisset¹⁷
567 1256 624 1297 his
651 1256 895 1310 gravissimis
930 1256 1084 1296 casibus
1120 1257 1160 1296 in
1198 1257 1363 1296 eundem
1399 1264 1575 1311 portum,
1621 1271 1673 1297 ex
1699 1271 1774 1311 quo

217 1343 371 1370 eramus
392 1331 566 1384 egressi,
603 1343 738 1383 magna
760 1329 893 1369 iactati
926 1337 1154 1384 tempestate
1183 1330 1442 1383 confugimus.
1508 1328 1542 1370 O
1571 1330 1675 1370 vitae
1695 1330 1777 1384 phi-

217 1403 391 1457 losophia
411 1403 511 1442 dux!
549 1417 571 1442 o
593 1402 749 1442 virtutis
767 1402 989 1456 indagatrix
1007 1403 1317 1457 expultrixque2
1343 1402 1549 1443 vitiorum!
1586 1403 1672 1456 quid
1701 1417 1775 1443 non

217 1475 331 1514 modo
353 1489 446 1525 nos,
481 1475 547 1515 sed
571 1475 728 1514 omnino
752 1475 832 1514 vita
853 1474 1049 1514 hominum
1071 1475 1155 1515 sine
1178 1482 1216 1515 te
1239 1488 1328 1515 esse
1350 1475 1564 1529 potuisset?
1625 1475 1689 1515 Tu
1712 1489 1776 1516 ur—

217 1547 287 1588 bes
314 1548 522 1602 peperisti,
566 1555 605 1588 tu
630 1547 837 1602 dissipatos
867 1547 1043 1587 homines
1076 1547 1115 1587 in
1141 1548 1367 1588 societatem
1401 1548 1504 1589 vitae
1534 1549 1775 1600 convocasti,

309 1652 330 1687 7
358 1655 415 1685 Gr.
443 1654 530 1686 Gud.
554 1656 595 1687 ΙΙ.
620 1666 685 1687 om.
712 1657 763 1694 in,·
800 1655 887 1686 Non.
912 1666 946 1697 p.
970 1653 1046 1686 251.
1067 1656 1122 1686 hoc
1145 1657 1175 1686 in
1196 1665 1253 1686 me.
1314 1652 1335 1686 8
1359 1654 1414 1686 Sic
1439 1656 1476 1686 D.
1498 1655 1605 1694 solus,
1642 1666 1737 1697 quem
1762 1666 1779 1686 e

218 1710 304 1730 rece.
325 1700 410 1730 Mos.
432 1706 465 1730 et
486 1701 542 1731 Tr.
568 1707 657 1730 recte
683 1699 786 1731 secuti
809 1706 895 1731 sunt.
942 1701 982 1731 V.
1006 1698 1047 1729 ad
1068 1701 1106 1731 V.
1128 1699 1187 1737 25,
1214 1698 1268 1733 72.
1318 1701 1356 1730 ll.
1409 1699 1423 1730 1
1451 1712 1480 1733 ν,
1508 1700 1591 1731 Adn.
1640 1698 1661 1731 2
1684 1700 1721 1731 R.
1745 1701 1778 1731 P.

219 1743 305 1776 Gud.
321 1743 350 1774 1.
382 1743 493 1775 Duisb.
514 1747 733 1784 excultrixque.
770 1746 893 1786 inepte.
931 1743 1106 1785 Vulgatum
1129 1751 1311 1786 agnoscunt
1330 1744 1428 1775 etiarn
1443 1745 1570 1787 Apulei.
1596 1745 1637 1776 de
1656 1743 1777 1776 mundo

219 1800 245 1819 c.
271 1786 299 1819 1.
324 1788 476 1821 Lactant.
503 1788 576 1819 Div.
602 1790 681 1819 lust.
703 1790 770 1828 Ill,
799 1788 851 1820 13.
876 1795 909 1819 et
935 1788 1088 1821 Priscian.
1111 1789 1142 1820 ὅ.
1167 1789 1229 1820 col.
1256 1787 1341 1828 754,
1368 1789 1415 1820 uti
1437 1789 1536 1821 docet
1561 1792 1599 1822 D.

219 1869 288 1890 cam
312 1858 412 1890 miser
436 1877 497 1899 —-,
533 1858 592 1890 sed
620 1864 708 1890 certe
732 1860 893 1890 exercitus.
941 1856 981 1888 ad

216 1903 307 1934 Fam.
329 1904 406 1942 Xll,
428 1901 466 1935 4:
493 1915 579 1935 nunc
601 1915 652 1934 me
676 1903 832 1945 reliquiae
855 1909 983 1933 vestrae

217 1952 366 1979 exercent.
413 1949 582 1979 Sallustius
609 1949 703 1979 Catil.
731 1949 834 1979 c.Xl.
859 1947 981 1989 princ.:

217 1992 283 2023 Sed
307 1993 412 2034 primo
434 1994 535 2034 magis
558 1993 703 2029 ambitio,
730 2004 826 2034 quam
847 1992 983 2023 avaritia

219 2036 345 2067 animos
366 2037 533 2067 hominum
556 2040 713 2068 exercebat
736 2037 754 2067 i.
774 2048 801 2067 e.
825 2036 982 2077 agitabat.

287 2083 408 2111 animos
439 2082 570 2123 quoque]
610 2082 649 2113 H.
677 2092 704 2111 e.
743 2081 891 2119 animos,
928 2081 981 2122 qni

219 2135 285 2155 non
301 2124 406 2155 solum
423 2126 570 2166 corporis
588 2125 756 2156 doloribus
781 2125 825 2166 (li.
838 2137 865 2155 e.
885 2137 982 2167 quum

220 2179 338 2210 corpus
373 2169 465 2200 dolet
479 2170 500 2208 ,)
544 2170 628 2200 male
665 2169 876 2207 afficiuntur,
925 2169 983 2200 sed

219 2212 319 2244 etiam
352 2213 505 2255 proprios
542 2213 701 2256 quosdam
736 2220 768 2245 et
803 2213 982 2255 peculiares

217 2257 342 2288 habent
373 2258 524 2297 dolores,
563 2259 609 2289 uti
644 2258 884 2300 aegritudinem
919 2265 980 2289 etc.

219 2301 353 2333 Animus
373 2302 493 2333 dicitur
516 2314 695 2345 congruere
716 2303 862 2344 corporis
883 2303 982 2334 dolo-

218 2346 325 2385 ribus,
359 2347 481 2390 quippe
513 2348 567 2390 qui
591 2347 713 2379 eisdem
735 2347 830 2378 simul
853 2347 983 2379 dolori—

219 2390 298 2429 bus,
335 2391 449 2434 quibus
473 2402 589 2434 corpus
611 2393 792 2430 cruciatur,
820 2392 904 2423 male
927 2392 981 2423 af—

219 2434 366 2474 ficiatur3
390 2447 488 2479 quum
509 2449 627 2479 corpus
646 2437 748 2475 dolet,
773 2437 866 2468 dolet
884 2437 982 2468 etiam

219 2478 355 2513 animus.
405 2480 605 2513 coniecturis
628 2482 728 2523 igitur
748 2482 892 2513 virorum
917 2481 982 2513 do-

221 2529 347 2555 ntorum
371 2526 584 2566 supersedere
606 2538 788 2569 possumus.
827 2527 984 2558 Similiter

219 2566 309 2599 infra
333 2580 360 2600 c.
374 2568 436 2606 24,
461 2570 523 2602 69:
552 2583 649 2613 quum
674 2590 716 2595 —
738 2571 845 2603 sidera
863 2590 908 2595 ——-
928 2571 982 2603 vi-

222 2611 309 2643 derit
329 2631 367 2636 —
389 2624 459 2644 cum
482 2614 548 2645 eius
570 2616 668 2656 ipsius
694 2618 751 2658 (sc.
774 2616 866 2657 caeli)
890 2623 982 2647 motu

220 2667 387 2697 congruere
406 2657 426 2689 i.
440 2669 466 2688 e.
488 2658 581 2689 simul
605 2671 677 2690 cum
698 2672 736 2692 eo
758 2661 895 2692 moveri.
931 2661 982 2692 Cf.

224 2702 384 2741 Wopkens.
408 2703 519 2734 Lectt.
541 2703 627 2735 Tull.
655 2705 688 2743 1,
717 2704 766 2736 19.
794 2717 826 2747 p.
845 2703 917 2736 144.
941 2706 983 2736 H.

291 2747 320 2788 §.
341 2744 373 2778 4.
420 2748 592 2778 avunculus
615 2748 698 2790 tuus]
737 2749 818 2780 Cato
842 2749 982 2781 Uticen-

221 2789 283 2828 sis,
307 2801 444 2832 magnae
469 2791 517 2821 vir
540 2791 680 2824 virtutis.
718 2794 756 2823 V.
784 2793 885 2825 lndic.
909 2794 984 2826 hist.

222 2846 253 2865 v.
279 2837 400 2867 Brutus.

290 2881 441 2919 culpaque
465 2898 503 2903 -
523 2880 644 2922 carens]
671 2881 709 2912 V.
735 2880 777 2911 ad
796 2882 820 2912 Ι.
841 2881 906 2924 36,
930 2882 983 2915 88.

293 2923 368 2955 CAP.
394 2925 431 2955 11.
469 2924 496 2966 6.
523 2925 551 2956 5.
601 2925 806 2967 compulisset]
846 2925 899 2957 Sic
931 2929 984 2958 Or.

1020 1868 1047 1888 c.
1074 1856 1220 1899 plurimis
1255 1857 1352 1891 codd.
1376 1863 1409 1889 et
1433 1857 1585 1900 optimis,
1621 1863 1656 1887 nt
1680 1857 1717 1889 R.
1743 1858 1777 1889 P.

1020 1902 1105 1933 Gud.
1126 1903 1153 1934 l.
1179 1903 1247 1940 Gr.,
1274 1909 1307 1933 et
1332 1902 1457 1945 aliquot
1481 1902 1554 1934 edd.
1580 1909 1659 1934 vett.
1710 1903 1778 1933 Da—

1018 1947 1116 1978 visius
1141 1947 1307 1989 rescripsit
1330 1950 1521 1987 contulisset,
1557 1947 1603 1978 uti
1626 1947 1658 1978 in
1683 1947 1779 1978 codd.

1019 1992 1093 2034 aliq.
1116 1999 1148 2022 et
1169 1992 1278 2022 multis
1298 1992 1372 2024 edd.
1391 1999 1471 2024 vett.
1493 1992 1622 2034 legitur,
1647 1997 1680 2023 et
1703 1991 1777 2034 qui—

1019 2036 1092 2067 dem
1127 2037 1188 2068 hae
1221 2036 1262 2067 de
1295 2049 1425 2075 caussa,
1463 2037 1550 2079 quod
1578 2037 1691 2068 Cicero
1723 2048 1779 2068 sua

1018 2087 1136 2122 sponte
1159 2081 1387 2124 philosophiae
1408 2093 1442 2113 se
1463 2082 1617 2118 dedisset,
1644 2081 1778 2112 verbum

1018 2132 1127 2156 autem
1158 2129 1358 2165 compellendi
1381 2126 1422 2157 de
1447 2137 1484 2156 eo
1509 2126 1692 2163 diceretur,
1731 2126 1779 2157 cui

1018 2177 1072 2201 aut
1105 2170 1252 2211 corporis
1277 2171 1324 2201 vis
1354 2177 1409 2201 aut
1432 2170 1569 2201 rationis
1601 2171 1780 2201 adhibere-

1017 2221 1081 2245 tur.
1138 2215 1209 2255 Ego
1246 2226 1324 2245 vero
1359 2215 1572 2245 vehementer
1606 2215 1779 2253 addubito,

1017 2270 1094 2290 num
1119 2259 1239 2289 Latine
1275 2259 1340 2290 dici
1376 2260 1498 2300 possit:
1537 2269 1606 2290 mea
1638 2262 1781 2290 voluntas

1016 2305 1212 2343 studiumque
1236 2314 1283 2335 me
1305 2307 1430 2335 contulit
1451 2306 1481 2335 in
1504 2305 1716 2343 philosophiae
1739 2306 1780 2335 si-

1017 2358 1111 2387 vum,
1148 2359 1332 2390 quanquam
1359 2355 1447 2379 reete
1481 2348 1619 2380 dicitur:
1655 2358 1709 2388 e90
1733 2357 1780 2379 'me

1016 2395 1129 2424 contuli
1162 2394 1205 2424 ad
1237 2395 1475 2432 philosophiam.
1533 2393 1607 2424 Huc
1640 2392 1778 2431 accedit,

1018 2437 1107 2480 quod
1140 2438 1239 2468 verba
1271 2441 1377 2469 nostra
1411 2439 1555 2469 voluntas
1587 2439 1781 2477 studiumque

1017 2488 1130 2523 aperte
1155 2482 1394 2521 demonstrant,
1418 2482 1563 2513 Tullium
1584 2493 1650 2513 non
1674 2482 1705 2512 vi
1728 2481 1779 2511 vel

1017 2527 1212 2558 necessitate
1238 2526 1377 2569 quadam
1402 2533 1563 2565 coactum,
1586 2526 1645 2557 sed
1665 2525 1779 2556 intimo

1018 2571 1160 2614 quodam
1186 2571 1284 2602 animi
1306 2571 1424 2602 ardore
1447 2571 1604 2612 agitatum
1628 2570 1780 2612 philoso—

1017 2616 1114 2657 phiae
1135 2616 1244 2647 studio
1270 2627 1304 2646 se
1329 2615 1511 2646 tradidisse.
1557 2615 1678 2646 Contra
1704 2626 1780 2645 ver-

1017 2661 1095 2691 bum
1125 2662 1325 2701 compellendi
1356 2660 1420 2691 hoc
1448 2659 1524 2691 loco
1557 2665 1590 2690 et
1621 2659 1780 2701 exquisite

1020 2711 1051 2735 et
1073 2705 1218 2747 graviter
1238 2704 1382 2747 positum
1405 2703 1535 2736 videtur
1555 2703 1597 2735 ad
1619 2715 1778 2735 summum

1020 2750 1404 2792 vehementissimumque
1416 2748 1514 2780 animi
1526 2748 1693 2790 impetum,
1716 2759 1779 2791 quo

1022 2794 1136 2826 Cicero
1167 2794 1208 2826 ad
1239 2793 1466 2836 philosophiae
1498 2793 1639 2824 studium
1665 2793 1780 2825 defer-

1020 2846 1120 2877 retur,
1146 2838 1402 2880 exprimendum.
1453 2838 1499 2868 De
1521 2849 1555 2868 re
1578 2838 1647 2879 ipsa
1670 2850 1699 2869 v.
1721 2849 1779 2870 nos

1020 2884 1052 2914 in
1078 2884 1162 2915 libro
1189 2883 1220 2914 d.
1244 2895 1275 2925 p.
1297 2881 1350 2915 40.
1375 2889 1408 2913 et
1429 2880 1482 2915 44.
1507 2890 1539 2913 et
1562 2882 1605 2915 65
1620 2895 1665 2925 sq.

1088 2931 1135 2960 his
1146 2938 1234 2968 yrav.
1248 2928 1383 2969 casibus]
1407 2927 1590 2958 pronomen
1612 2930 1670 2967 hic,
1693 2927 1780 2969 qnod
