1832 3137
1535 63 1614 108 407

227 148 331 190 Nam
356 149 432 190 ista
456 149 549 190 mihi
572 157 611 190 et
640 164 724 191 cum
751 149 949 191 Antiocho
974 165 1091 206 saepe
1115 158 1155 192 et
1182 166 1268 193 cum
1293 152 1518 194 Aristone2
1543 168 1613 195 nu-

649 71 816 104 mana
842 72 881 105 v.
906 70 948 112 8,
971 71 1028 106 23.

65 152 168 192 loco.

62 237 155 278 per,
196 237 308 277 quum
335 222 502 264 Athenis
530 223 740 278 imperator
767 225 863 279 apud
893 238 977 264 eum
1005 226 1260 278 deversarer,
1302 226 1494 268 dissensio
1522 228 1608 269 fuit.

60 295 160 337 Mihi
185 297 287 337 enim
312 311 388 336 non
407 296 611 337 videbatur
634 297 832 351 quisquam
856 311 944 338 esse
968 298 1104 339 beatus
1129 313 1267 354 posse,
1301 315 1415 354 quum
1436 300 1474 341 in
1501 302 1609 342 malis

62 376 191 420 esset3
225 370 263 409 in
290 370 400 410 malis
425 377 551 410 autem
581 371 794 425 sapientem
819 384 906 411 esse
932 385 1072 425 posse,
1115 372 1146 412 si
1171 380 1303 414 essent
1329 374 1404 414 ulla
1435 375 1610 430 corporis

518 442 758 484 Dicebantur
777 444 870 484 haec
884 475 894 494 ,
929 458 1027 498 quae
1048 446 1312 500 scriptitavit2
1336 447 1450 488 etiam
1471 447 1611 489 Antio-

61 517 156 557 chus
176 516 272 557 loc-is
291 516 478 571 pluribus,
498 517 678 557 virtutem
695 517 818 572 ipsam
835 530 904 571 per
919 531 963 557 se
979 517 1129 557 beatam
1145 519 1262 560 vitam
1281 521 1433 561 efficere
1449 525 1609 576 posse-⁹⁶,

60 450 127 483 aut
145 444 322 483 fortunae
341 443 456 483 mala.

60 603 186 644 neque
219 597 346 630 tamen
375 590 658 642 beatissimam3
702 590 839 631 deinde
877 603 929 630 ex
957 591 1135 632 maiore4
1170 600 1277 646 parte
1314 594 1517 649 plerasque
1546 609 1610 636 res
1649 592 1655 598 ¹

60 663 274 713 nominari,
315 664 429 704 etiam
461 664 494 704 si
532 664 660 717 quae4
687 677 775 718 pars
805 663 983 714 abesset,
1031 671 1072 704 ut
1092 666 1222 715 vires,
1264 673 1305 706 ut
1332 667 1608 719 valetudinem,

60 743 101 776 ut
130 737 306 787 divitias,
351 743 392 776 ut
431 736 642 786 honorem,
685 744 727 776 ut
758 735 943 790 gloriam,
987 751 1086 791 quae
1123 752 1294 792 genere,
1335 753 1411 779 non
1449 755 1610 781 numero
1648 742 1657 761 ”

57 816 334 860 cernerentur,
381 809 472 848 item
512 809 662 849 beatam
697 809 840 860 vitam,
885 810 1003 850 etiam
1037 811 1071 851 si
1106 825 1158 851 ex
1198 811 1325 866 aliqua
1360 820 1469 867 parte
1505 814 1610 854 clau-

57 883 216 933 deret4,
239 889 368 922 tamen
387 895 440 922 ex
456 882 574 922 multo
596 883 742 922 maiore
762 890 871 937 parte
891 883 1068 924 obtinere
1087 899 1228 925 nomen
1244 899 1371 925 suum.
1406 893 1474 926 25.
1502 886 1610 928 Haec

57 970 159 996 nunc
179 955 386 996 enucleare
402 970 478 996 non
497 955 549 995 ita
566 969 728 996 necesse
749 964 823 1007 est,
858 971 1076 1011 quanquam
1101 973 1179 998 non
1200 959 1513 1000 constantissime
1536 961 1608 1001 dici

143 1050 166 1084 3
189 1052 245 1083 Tr.
263 1061 362 1091 posse,
386 1051 475 1094 quod
501 1062 539 1082 ex
560 1051 717 1094 Krarupii
745 1052 823 1095 (non
846 1052 925 1083 item
949 1052 1117 1090 Gudiana3
1140 1065 1171 1086 v.
1187 1055 1280 1088 Wes.
1306 1055 1377 1086 Em.
1402 1056 1457 1087 111.
1482 1067 1515 1098 p.
1542 1054 1607 1099 19.)

57 1096 234 1129 collatione
256 1097 294 1127 R.
316 1107 382 1127 non
403 1096 513 1135 habet,
538 1096 627 1128 uncis
650 1096 767 1135 cinxit5
792 1103 825 1128 at
846 1097 925 1129 nihil
947 1098 1157 1131 movendum.
1206 1099 1256 1131 Cf.
1281 1099 1395 1143 paullo
1415 1107 1514 1132 ante:
1541 1113 1607 1133 non

57 1154 89 1173 v.
111 1153 142 1185 q.
169 1153 238 1173 esse
261 1141 375 1173 beatus
394 1151 504 1181 posse·
538 1139 560 1173 4
584 1153 614 1173 v.
636 1141 720 1174 Adn.

54 1208 233 1241 multorum
255 1208 520 1252 optimorumque
550 1208 644 1240 codd.
669 1209 815 1252 scriptu—

55 1266 111 1286 rae
136 1254 270 1286 ducunt.
318 1255 404 1285 Nam
428 1255 466 1285 R.
490 1255 523 1286 P.
547 1254 631 1285 Gud.
656 1256 694 1286 ll.
720 1254 815 1286 exhi—

55 1299 136 1330 bent
158 1309 236 1340 quae
257 1302 421 1339 scripta
444 1301 501 1331 sit
525 1302 628 1339 eliam,
650 1305 717 1330 tres
734 1302 814 1331 Oxx.

58 1343 143 1376 Gud.
166 1346 198 1376 2.
235 1344 346 1376 Duisb.
378 1343 482 1375 Rehd.
518 1355 619 1385 marg.
654 1344 705 1377 Cr.
738 1344 812 1375 edd.

55 1389 142 1421 vict.
168 1389 322 1431 (fortasse
342 1388 443 1431 igitur
465 1389 537 1420 cod.
559 1389 651 1429 Vat.)
675 1395 708 1420 et
732 1390 814 1421 Rob.

55 1433 168 1477 Steph.
199 1444 228 1474 q.
252 1437 366 1474 scripta
390 1438 460 1466 sunt
486 1436 598 1465 etiam:
635 1445 716 1476 quae
740 1435 815 1477 qui-

55 1479 130 1511 dem
155 1479 360 1522 corruptelae
384 1479 507 1510 nullum
531 1479 726 1521 explicatum
753 1481 815 1511 ha-

53 1524 192 1566 berent,
224 1524 251 1555 si
280 1524 312 1556 in
343 1524 525 1567 archetypo
556 1524 676 1555 lectum
700 1525 814 1556 fuisset

51 1582 182 1619 scripsit.
229 1581 278 1611 Ex
302 1592 408 1622 comp.
432 1582 592 1620 scriptae-it
614 1580 712 1611 facile
737 1580 815 1612 oriri

53 1625 164 1668 potuit
193 1627 310 1664 scripta
341 1628 389 1657 sic.
438 1628 545 1667 Atque
575 1625 709 1655 verbum
743 1626 814 1656 fre-

56 1670 280 1713 queritativum
305 1670 435 1712 egregie
458 1669 499 1701 ad
521 1682 550 1700 v.
579 1672 652 1702 locis
671 1672 813 1710 pluribus

55 1714 204 1758 quadrat.
253 1715 342 1746 Idem
377 1727 484 1757 comp.
522 1716 610 1746 Brut.
638 1714 700 1754 46,
730 1715 810 1747 169:

55 1760 110 1803 qni
129 1763 314 1800 scriptitavit
343 1760 508 1791 orationes
533 1760 663 1797 multis,
699 1766 812 1791 orator

52 1805 123 1848 ipse
154 1817 315 1848 nunquam
342 1805 414 1837 fuit.
463 1805 544 1836 lbid.
570 1805 622 1843 77,
648 1804 723 1838 267.
771 1805 812 1835 (le

54 1852 109 1882 Or.
134 1852 174 1882 11.
197 1852 259 1888 23,
281 1851 343 1884 97:
378 1862 419 1881 ne
442 1857 476 1881 te
500 1849 649 1892 quidem,
676 1850 810 1887 Antoni,

52 1896 189 1927 multum
211 1898 398 1935 scriptitasse
419 1895 579 1933 arbitror,
606 1895 659 1925 ubi
682 1897 812 1926 Ellendt.

53 1953 86 1983 p.
102 1942 177 1973 220.
202 1940 277 1971 Vol.
296 1942 332 1971 ll.
363 1941 537 1979 observat,
573 1951 612 1970 eo
636 1939 736 1971 verbo
760 1940 812 1970 vi-

52 1985 122 2017 deri
145 1985 284 2017 maxime
307 1985 519 2028 scriptionem
543 1984 600 2015 otii
630 1991 663 2015 et
686 1984 813 2016 exerci-

53 2030 145 2062 tandi
165 2029 306 2072 ingenii,
343 2042 408 2061 non
432 2030 636 2072 negotiosam
659 2037 691 2060 et
711 2029 814 2061 officii

53 2075 238 2118 significari.
260 2074 302 2106 ad
323 2078 390 2106 Att.
413 2075 445 2116 7,
469 2077 518 2108 12.
541 2081 639 2106 extu:
663 2074 755 2114 haec,
781 2082 814 2106 et

53 2120 79 2152 si
101 2120 179 2163 quid
202 2120 308 2157 aliud,
343 2120 386 2151 ad
415 2131 466 2151 me
491 2120 612 2151 scribas
638 2119 736 2151 velim
760 2120 812 2151 vel

52 2165 159 2209 potius
181 2168 340 2205 scriptiles.

118 2210 241 2254 deinde]
278 2211 388 2241 Virtus
423 2210 543 2242 dicitur
576 2209 707 2253 quidem
742 2210 810 2252 ipsa

52 2268 114 2299 per
133 2267 167 2287 se
190 2256 320 2287 beatam
341 2256 442 2288 vitam
464 2255 615 2295 efficere,
641 2255 714 2298 quia
738 2267 808 2286 ma·-

52 2301 124 2333 iore
146 2312 184 2332 ex
208 2307 300 2343 parte
323 2313 394 2332 eam
416 2300 532 2337 affert3
566 2312 679 2332 revera
701 2307 811 2331 autem

53 2346 124 2388 ipsa
141 2357 200 2387 per
214 2357 249 2377 56
267 2357 332 2376 non
351 2345 455 2376 efficit
473 2345 602 2376 beatam
619 2345 729 2381 vitam,
754 2345 812 2376 sed

52 2398 123 2421 tum
143 2390 271 2421 demum
287 2390 383 2421 beata
399 2390 467 2420 vita
486 2396 546 2428 est,
571 2401 668 2432 quum
685 2389 726 2420 ad
743 2389 812 2420 vir-

52 2443 157 2467 tutem
182 2435 280 2466 etiam
306 2434 452 2476 corporis
485 2441 517 2465 et
550 2434 702 2465 fortunae
726 2435 812 2465 bona

53 2487 270 2512 accesserunt.
333 2479 488 2511 Similiter
533 2478 648 2521 aliquis
695 2479 813 2511 dicitnr

53 2526 177 2568 optima
200 2525 246 2556 nti
270 2525 467 2559 valetudine.
493 2523 518 2555 si
540 2524 710 2555 maximam
734 2536 811 2566 par-

54 2578 120 2602 tem
145 2571 231 2601 bona
256 2578 325 2606 est3
351 2570 499 2601 similiter
519 2568 634 2611 aliquis
659 2568 762 2606 (lives,
785 2568 811 2599 si

55 2616 164 2647 multis
189 2616 306 2658 opibus
336 2615 456 2658 gaudet
480 2621 541 2646 etc.
590 2614 678 2644 Haec
703 2614 811 2645 omnia

55 2661 139 2692 enim
159 2670 266 2701 genere
299 2663 343 2702 (v.
365 2660 441 2691 adn.
463 2660 543 2703 seq.)
574 2658 809 2696 existimantur,

55 2716 122 2737 non
156 2706 254 2747 pleno
288 2705 485 2748 singularum
520 2704 661 2747 partium
696 2704 810 2746 quibus

56 2750 112 2781 illa
133 2758 282 2782 constare
302 2751 424 2782 debent
444 2761 588 2781 numero.
615 2749 724 2780 Virtus
745 2749 810 2791 igi-

56 2802 129 2833 tur,
156 2795 280 2827 etiamsi
304 2796 374 2839 ipsa
396 2807 454 2838 per
479 2807 513 2826 se
537 2795 635 2826 vitam
661 2794 810 2825 omnibus

55 2839 197 2871 numeris
219 2841 427 2884 partibusque
441 2841 570 2872 beatam
591 2839 722 2871 efficere
744 2851 810 2870 non

56 2884 174 2927 possit,
196 2891 316 2923 tamen,
337 2897 435 2928 quum
454 2885 495 2917 ad
515 2897 586 2917 eam
606 2885 713 2916 valeat
734 2884 810 2926 plu-

59 2929 192 2969 rimum,
226 2929 358 2963 efficere
390 2942 487 2973 posse
517 2930 647 2962 dicitur.
695 2929 746 2961 Cf.
771 2928 812 2961 de

849 1209 921 1244 Fin.
946 1210 986 1242 V.
1011 1210 1073 1248 30,
1098 1209 1152 1243 92.
1208 1212 1364 1251 Terram,
1398 1212 1477 1244 mihi
1502 1213 1608 1253 crede,

850 1266 887 1286 ea
910 1255 987 1286 lanx
1012 1257 1069 1298 (sc.
1092 1255 1123 1286 in
1146 1267 1207 1299 qua
1231 1263 1281 1288 est
1300 1257 1430 1289 virtutis
1451 1258 1609 1300 amplitu-

850 1299 907 1342 do)
932 1307 965 1331 et
987 1300 1088 1332 maria
1111 1300 1291 1343 deprimet3
1316 1314 1444 1345 semper
1464 1304 1549 1335 enim
1569 1315 1606 1335 ex

850 1356 901 1383 eo,
928 1345 1015 1387 quod
1037 1345 1192 1377 maximas
1212 1353 1322 1389 partes
1346 1348 1492 1380 continet
1513 1349 1608 1380 latis-

849 1390 996 1432 simeque
1029 1390 1194 1429 funditur,
1231 1398 1303 1423 tota
1336 1404 1387 1424 res
1412 1393 1606 1435 appellatur.

850 1435 994 1466 Dicimus
1015 1435 1155 1478 aliquem
1172 1436 1276 1468 hilare
1297 1437 1424 1476 vivere3
1450 1438 1558 1480 igitur,
1583 1438 1608 1469 si

850 1480 950 1511 semel
984 1480 1113 1512 tristior
1144 1481 1280 1513 effectus
1312 1489 1381 1523 est,
1415 1482 1518 1515 hilara
1542 1483 1609 1516 vita

848 1525 965 1557 amissa
990 1525 1066 1557 est?

917 1591 954 1613 ex
978 1584 1108 1623 maiore]
1145 1583 1231 1614 Gud.
1255 1584 1285 1616 2.
1310 1583 1421 1615 Duisb.
1445 1585 1549 1619 Marb.
1575 1591 1608 1616 et

849 1626 925 1658 edd.
947 1633 1029 1658 vett.
1052 1635 1128 1659 ante
1150 1629 1256 1661 Gebh.
1282 1628 1456 1671 pleraeque
1479 1640 1516 1662 ex
1540 1641 1608 1661 mav

846 1674 923 1704 iori:
949 1683 1030 1714 quae
1055 1673 1161 1704 forma
1183 1673 1311 1716 saepius
1334 1674 1365 1704 in
1392 1674 1607 1706 deterioribus

849 1716 946 1749 codd.
974 1717 1113 1759 legitur,
1148 1718 1207 1750 sed
1240 1730 1258 1749 a
1285 1719 1450 1750 Ciceronis
1484 1732 1607 1763 aequa-

846 1761 989 1804 liumque
1011 1774 1068 1793 usu
1091 1763 1257 1795 abhorret.
1293 1764 1332 1795 V.
1353 1774 1411 1795 nos
1432 1764 1464 1795 in
1488 1765 1544 1796 Gr.
1568 1766 1606 1798 L.

848 1808 877 1849 §.
902 1807 962 1847 19,
986 1809 1018 1839 Ξ).
1038 1806 1085 1848 4).

916 1865 942 1893 si
964 1873 1042 1902 quae
1063 1864 1152 1906 pars]
1178 1863 1232 1895 Sic
1251 1866 1305 1895 Or.
1327 1876 1353 1896 c.
1369 1865 1407 1896 R.
1421 1866 1455 1896 P.
1479 1865 1563 1897 Gud.
1579 1866 1607 1898 1.

850 1908 889 1937 11.
914 1907 945 1938 b.
974 1908 1084 1939 Duisb.
1121 1920 1181 1951 pro
1207 1909 1294 1952 vulg.
1319 1912 1345 1941 si
1369 1920 1441 1949 qua.
1491 1910 1606 1953 Aptius

848 1952 879 1983 h.
899 1952 921 1983 l.
946 1959 995 1983 est
1023 1955 1049 1984 si
1069 1964 1148 1994 quae
1166 1964 1262 1993 pars;
1296 1954 1496 1996 significatur
1520 1955 1606 1987 enim

849 2004 936 2028 certa
962 2009 1057 2040 pars,
1094 2010 1177 2040 quae
1204 1999 1245 2029 ad
1270 2011 1338 2031 rem
1362 2000 1516 2042 pertinet.
1562 2002 1604 2033 V.

847 2042 1013 2074 Adnotata
1037 2043 1069 2074 in
1094 2045 1150 2075 JV.
1179 2042 1238 2083 14,
1264 2044 1318 2077 33.

913 2108 1040 2139 genere,
1074 2110 1134 2131 non
1162 2102 1303 2141 numero]
1342 2104 1454 2133 Genere
1488 2108 1537 2133 est
1561 2112 1606 2142 re,

844 2146 974 2183 propria
997 2147 1110 2176 visua
1145 2146 1364 2187 (wmensttch),
1400 2153 1435 2177 ut
1469 2146 1509 2177 de
1535 2153 1604 2189 opt.

847 2200 920 2230 gen.
939 2200 986 2220 or.
1009 2190 1037 2228 δ.
1051 2188 1089 2221 4:
1115 2201 1176 2222 ποη
1196 2201 1314 2230 9enere,
1335 2193 1388 2223 sed
1405 2194 1518 2231 gradu.
1553 2192 1603 2223 Cf.

845 2236 942 2266 Beier.
965 2234 1006 2265 ad
1030 2234 1124 2266 offic.
1150 2236 1191 2268 ll.
1216 2235 1256 2274 3,
1282 2237 1331 2267 10.
1358 2247 1389 2278 p.
1405 2236 1458 2268 23.

915 2290 1084 2333 clauderet]
1109 2290 1163 2321 Sic
1189 2292 1242 2321 Or.
1269 2303 1294 2321 c.
1315 2291 1352 2321 R.
1367 2292 1400 2322 P.
1422 2293 1495 2322 Vat.
1519 2292 1602 2323 Gud.

850 2336 877 2368 l.
900 2336 939 2365 ll.
973 2335 1069 2366 Fabr.
1103 2334 1229 2365 duobus
1254 2335 1332 2366 Pall.
1360 2335 1470 2367 Duisb.
1501 2336 1604 2368 Rehd.

846 2380 949 2411 tribus
971 2381 1050 2410 Oxx.
1077 2391 1137 2422 pro
1162 2380 1247 2421 vulg.
1272 2382 1480 2412 claudicaret:
1515 2382 1602 2424 quod

846 2425 915 2456 sine
937 2424 1036 2455 dubio
1057 2437 1074 2455 a
1100 2424 1305 2456 librariorum
1336 2425 1463 2457 inscitia
1485 2427 1603 2468 profe-

848 2478 934 2501 ctum
969 2476 1028 2499 est.
1078 2470 1128 2500 Cf.
1164 2470 1252 2501 Brut.
1279 2468 1340 2508 59,
1364 2468 1447 2502 214:
1486 2471 1539 2503 ubi
1570 2484 1601 2502 v.

846 2516 1000 2553 Ellendt,
1036 2516 1089 2544 Or.
1118 2515 1179 2551 51,
1210 2513 1289 2548 179:
1329 2515 1406 2557 quid
1441 2522 1509 2553 est,
1547 2528 1603 2548 cur

847 2561 989 2591 claudere
1019 2565 1073 2589 aut
1098 2559 1246 2591 insistere
1271 2560 1453 2592 orationem
1477 2561 1602 2594 malint.

848 2605 886 2634 V.
913 2605 1040 2643 Dacis„
1063 2603 1115 2646 qui
1139 2607 1162 2636 1.
1182 2607 1234 2637 Fr.
1257 2607 1445 2638 Gronovium
1466 2606 1507 2638 ad
1533 2607 1600 2638 Liv.

845 2648 898 2686 3¹2,
923 2648 976 2681 39.
1004 2650 1154 2680 conferre
1178 2649 1276 2687 iubet,
1302 2658 1334 2682 et
1357 2653 1515 2684 Ruhnken.
1540 2651 1601 2682 Di-

846 2700 922 2726 ctat.
946 2693 978 2724 in
1003 2695 1135 2726 Terent.
1161 2694 1261 2726 Andr.
1287 2696 1344 2727 HI.
1367 2696 1406 2735 3,
1433 2694 1485 2728 41.

914 2750 1007 2791 5:23.
1044 2761 1104 2782 non
1123 2753 1167 2782 ita
1186 2761 1303 2783 necesse
1325 2754 1380 2793 est]
1407 2753 1448 2782 H.
1465 2763 1493 2782 e.
1516 2752 1597 2782 haec

845 2806 931 2826 nunc
955 2796 1124 2827 enucleare
1147 2807 1208 2828 non
1233 2800 1275 2828 ila
1300 2808 1432 2828 necesse
1457 2804 1524 2832 est,
1562 2802 1597 2826 ut

846 2851 884 2871 ea
918 2840 1017 2872 modo
1050 2841 1217 2873 enucleate
1251 2841 1396 2884 exposui.
1453 2840 1595 2871 Voculae

844 2896 906 2917 uon
926 2888 991 2925 ita,
1025 2897 1095 2917 cum
1118 2887 1219 2918 verbo
1251 2893 1306 2917 aut
1328 2885 1497 2917 adiectivis
1520 2885 1595 2915 iun-

847 2937 938 2968 ctae,
971 2931 1058 2974 apud
1084 2931 1272 2963 Ciceronem
1298 2929 1431 2973 proprio
1455 2929 1597 2972 quodam
