1832 3137
1522 104 1605 147 235

50 193 280 237 emissiones
311 193 477 244 babent,
519 208 593 248 quo
626 201 716 234 sunt
750 202 931 235 contenta
964 201 1078 249 atque
1112 194 1277 235 adducta
1307 194 1603 245 vehementiusg

628 116 792 148 LIBER
818 117 858 148 ll.
884 115 946 157 24,
971 116 1025 149 58.

49 269 105 309 sic
125 282 228 318 vox,
262 268 318 307 sic
337 281 474 308 cursus
489 298 499 318 ,
533 267 590 307 sie
613 268 722 322 plaga
743 267 814 307 boe
836 269 1019 320 gravior,
1054 271 1201 322 quum²
1228 275 1288 308 est
1305 267 1424 308 missa
1445 275 1606 307 eonten-

48 341 138 382 tius.
202 338 324 382 Cuius
347 341 609 380 contentionis
633 355 747 394 quum
773 347 877 380 tanta
899 341 959 380 vis
985 342 1054 391 sit,
1089 342 1119 381 si
1144 341 1311 396 gemitus
1336 341 1374 381 in
1401 341 1534 381 dolore
1560 342 1604 380 ad

46 414 348 455 confirmandum
375 414 541 454 animum
565 413 734 463 valebit,
769 420 943 463 uten1ur3
978 414 1037 453 sin
1066 416 1138 454 erit
1162 415 1225 455 ille
1248 414 1413 469 gemitus
1438 415 1606 454 elamen-

46 488 234 538 tabilis³‚
279 488 310 527 si
343 487 584 538 imbecillus,
628 487 661 527 si
685 486 882 536 abiectus,
926 487 957 526 si
990 487 1149 537 flebilis,
1195 489 1228 528 ei
1263 489 1325 542 qni
1362 502 1403 529 se
1439 488 1603 538 dederit,

48 562 115 601 vix
141 575 228 601 eum
262 560 388 602 virum
422 561 603 601 dixerim.
668 558 743 612 Qui
783 559 934 613 quidem
967 560 1133 612 gemitus
1161 561 1193 600 si
1224 562 1431 602 levationis
1464 560 1604 614 aliquid

49 635 232 685 afferret,
275 641 404 674 tamen
433 634 678 683 videremus,
719 632 805 686 quid
835 640 941 672 esset
963 633 1073 673 fortis
1096 640 1135 672 et
1159 633 1323 673 animosi
1355 635 1450 685 viri3
1491 649 1606 687 quum

1504 705 1606 758 Quid

955 785 1024 819 58.
1077 778 1207 833 Atque
1239 779 1310 819 boc
1342 786 1605 833 praeceptum,

47 722 142 748 vero
165 707 259 748 nihil
280 707 481 747 imminuat
507 706 651 746 doloris
666 737 676 756 ‚
707 720 778 746 eur
800 707 944 746 frustra
970 713 1100 760 turpes
1128 720 1215 746 esse
1238 707 1443 747 volumus?

47 788 107 821 est
138 781 239 820 enim
271 780 362 820 fletu
393 779 572 820 muliebri
603 780 688 819 viro
720 778 896 833 turpius?

47 854 146 908 quod
167 854 212 894 de
238 853 372 893 dolore
395 854 520 902 datur,
555 859 659 907 patet
680 853 810 892 latius.
874 850 1066 893 Omnibus
1088 853 1189 893 enim
1212 853 1344 902 rebus,
1380 867 1456 892 non
1483 852 1606 892 solum

44 927 191 977 dolori⁷
225 926 340 966 simili
360 928 610 966 contentione
631 926 746 966 animi
773 926 1032 966 resistendum
1056 933 1129 966 est.
1194 924 1257 966 Ira
1280 926 1530 976 exardescit,
1564 926 1609 966 li-

46 1000 134 1041 bido
152 1001 392 1051 concitatum
420 999 458 1040 in
481 1001 645 1040 eandem
662 1013 791 1040 arcem
810 999 1110 1052 confugiendum
1131 1006 1207 1049 est,
1242 1000 1375 1039 eadem
1394 1007 1484 1039 sunt
1502 1013 1609 1039 arma

1548 1073 1608 1112 Ad

48 1147 248 1187 ferendum
276 1146 395 1199 igitur
426 1146 597 1185 dolorem
625 1146 772 1200 placide
804 1152 918 1199 atque
947 1146 1081 1185 sedate
1111 1145 1312 1200 plurimum
1346 1146 1496 1200 prolicit
1530 1153 1610 1184 toto

46 1074 251 1114 sumenda.
317 1071 393 1113 Sed
422 1072 603 1126 quoniam
632 1073 677 1112 de
707 1073 840 1112 dolore
865 1073 1080 1126 loquimur,
1122 1073 1183 1112 illa
1210 1073 1483 1112 omittamus4.

138 1241 160 1274 2
185 1241 237 1273 Sic
270 1242 337 1282 (aut
359 1242 445 1284 cum)
480 1242 518 1273 R.
543 1242 578 1274 P.
604 1241 689 1272 Gud.
715 1240 744 1272 1.
772 1242 812 1274 H.
834 1239 866 1272 2.
895 1244 974 1283 Aug.
1000 1240 1114 1273 Duisb.
1134 1241 1242 1273 Marb.
1268 1241 1371 1273 Rehd.
1404 1252 1484 1271 unus
1516 1240 1609 1271 Leirl.

49 1294 115 1319 tres
139 1290 218 1318 Oxx.
247 1293 281 1318 et
304 1286 400 1318 codd.
426 1287 526 1323 Dav.;
552 1297 611 1325 quo
636 1290 678 1317 est
701 1287 755 1318 Or.
781 1297 808 1317 c.
834 1285 920 1327 vulg.
968 1284 989 1317 3
1015 1286 1069 1317 Sic
1093 1288 1146 1317 Or.
1175 1298 1192 1317 e
1231 1286 1365 1328 optimis
1390 1286 1487 1317 codd.
1510 1286 1547 1316 R.
1575 1287 1609 1316 P.

47 1333 165 1376 (elem.)
191 1333 247 1363 Gr.
270 1331 356 1362 Gud.
373 1330 399 1361 l.
424 1331 506 1362 ll.b.
530 1330 684 1372 aliisque;
709 1338 758 1361 est
782 1327 870 1369 ἅπαξ
889 1329 1083 1373 kerone-rom
1112 1333 1319 1363 lamentabilis
1339 1330 1414 1362 edd.
1438 1337 1518 1362 vett.
1541 1331 1610 1361 fere

45 1388 158 1409 omnes
183 1383 217 1407 et
242 1375 337 1407 codd.
365 1374 558 1407 deteriores.
608 1375 629 1407 4
663 1376 699 1408 R.
725 1378 884 1415 omittam,
919 1375 1009 1418 quod
1038 1375 1109 1406 sino
1133 1375 1232 1407 dubio
1259 1388 1297 1407 ex
1324 1376 1497 1419 compend.
1521 1378 1609 1407 omit-

43 1425 122 1454 iam’
146 1428 254 1453 ortum
279 1427 338 1453 est.

113 1491 253 1521 omnibus
272 1490 411 1529 unyulis]
438 1489 656 1520 Proverbialis
678 1488 810 1520 dicendi

45 1534 188 1567 formula
212 1545 270 1576 pro
294 1536 435 1565 omnibus
457 1536 594 1574 viribus,
629 1537 720 1566 totius
743 1544 810 1566 cor-

41 1582 128 1620 poris
148 1582 355 1618 contentione,
389 1585 426 1609 ut
450 1579 533 1610 adeo
557 1590 699 1621 ungues,
731 1579 765 1610 h.
781 1591 809 1610 e.

45 1631 209 1656 extremae
247 1623 394 1666 corporis
427 1631 559 1666 partes,
584 1624 809 1656 intendantur.

48 1669 99 1700 Cf.
135 1671 308 1700 Forcellinii
340 1668 438 1700 Thes.
465 1669 572 1701 Latin.
609 1669 641 1700 h.
666 1681 696 1702 v,
757 1669 810 1700 Sic

47 1710 166 1748 ὄδοῦσι
186 1714 243 1746 καὶ
264 1709 372 1753 ὅνυξιε
409 1713 497 1745 cuius
526 1714 692 1757 proverbii
716 1714 809 1757 origo

47 1760 275 1792 Hemsterhusio
295 1758 337 1790 ad
360 1758 495 1792 Lucian.
514 1759 547 1790 in
563 1759 691 1802 Dialog.
708 1761 808 1791 Mort.

44 1805 86 1837 T.
105 1805 144 1835 ΙΙ.
167 1814 198 1845 p.
217 1802 293 1836 465.
317 1803 386 1846 Bip.
417 1804 599 1835 manavisse
632 1805 763 1835 videtur
790 1816 808 1835 a

44 1848 123 1880 feris
144 1848 278 1886 bestiis,
312 1860 394 1891 quae
417 1849 514 1880 armis
545 1861 562 1880 a
588 1856 701 1880 natura
724 1849 808 1880 datis

46 1894 94 1925 uti
113 1893 230 1925 solent.
258 1893 323 1924 Sed
340 1895 468 1925 Ursinus
490 1895 542 1936 (ex
557 1894 693 1937 antiquo
708 1894 808 1934 cod),

44 1940 236 1978 Lambinus,
268 1941 422 1970 Bentleius
446 1938 620 1980 legendum
644 1939 809 1970 arbitran—

45 1990 100 2015 tur
122 1985 317 2023 unyuiculis,
352 1983 426 2025 quia
445 1993 562 2014 nomen
586 1986 720 2025 ungulae
743 1995 808 2014 non

46 2027 175 2059 dicatur
200 2027 242 2058 de
265 2027 418 2059 homine:
458 2035 572 2060 contra
602 2041 698 2071 quam
733 2029 807 2070 opi·

46 2072 179 2104 nionem
212 2079 301 2104 recte
333 2073 465 2104 videtur
499 2076 630 2106 Orellius
664 2085 809 2112 monere,

46 2123 178 2160 tropum
203 2117 243 2148 ab
270 2118 381 2160 equis,
418 2117 473 2161 qui
506 2118 656 2150 omnibus
683 2118 810 2161 ungulis

48 2162 233 2200 enituntur,
270 2170 436 2206 sumptum
461 2174 542 2196 esse.
592 2164 706 2206 Neque
732 2175 810 2195 vero

45 2219 175 2250 semper
197 2210 331 2247 unyulas
353 2208 393 2239 ‹le
414 2207 491 2239 solis
516 2208 628 2239 bestiis
650 2209 809 2251 usurpari,

47 2252 255 2284 demonstrat
278 2255 426 2285 Davisius
460 2253 533 2284 coll.
560 2253 665 2285 Plaut.
692 2254 808 2285 Pseud.

47 2298 88 2329 H.
110 2299 151 2335 2,
174 2297 227 2329 47.
261 2299 317 2328 ΙΙΙ.
341 2299 381 2337 2,
404 2297 458 2330 63.
485 2298 622 2341 aliisque
652 2298 743 2330 locis.
767 2316 811 2322 -·

47 2341 103 2373 Sic
136 2342 235 2373 verba
268 2346 326 2373 toto
353 2346 472 2382 pectore
504 2343 670 2385 proverbii
702 2344 810 2375 locum

46 2392 173 2417 tenent.
231 2386 318 2417 Hinc
349 2386 390 2417 de
423 2388 524 2429 Legg.
552 2389 574 2418 1.
601 2388 659 2428 18,
684 2385 746 2420 49:
784 2387 811 2419 si

49 2441 114 2462 non
140 2430 209 2473 ipse
234 2430 355 2461 amicus
381 2442 439 2473 per
463 2443 497 2462 se
521 2438 648 2462 amatur
671 2436 731 2463 tolo
752 2443 809 2472 pe-

48 2479 149 2514 ctore,
174 2479 206 2506 ut
228 2477 361 2507 dicitnr:
392 2475 444 2506 ubi
470 2476 513 2507 cf.
539 2478 711 2508 Davisium.

115 2521 302 2562 asserviant]
331 2516 447 2560 ‘'Ano}
480 2517 672 2562 λεγόμενονε
712 2533 812 2563 quare

46 2567 199 2596 Bentleius
220 2576 237 2596 e
257 2567 379 2597 Davisii
401 2566 514 2597 codice
535 2565 598 2607 lega⁴
621 2565 690 2596 vult
711 2568 811 2598 deser-

48 2612 156 2649 viunt,
190 2616 224 2640 ut
246 2622 322 2641 vere
342 2610 481 2642 habetur
504 2610 535 2641 in
560 2609 655 2642 Vind.
678 2612 704 2641 l.
733 2614 812 2653 Aug.

49 2659 83 2684 et
103 2665 169 2685 uno
189 2657 320 2687 Davisii.
360 2658 491 2687 Orellius
513 2654 695 2697 suspicatur
716 2657 812 2686 inser-

48 2700 145 2730 vium.
195 2701 280 2731 Bene
301 2702 442 2732 Klotzius
462 2700 595 2731 verbum
616 2709 732 2731 asseri).
758 2700 812 2730 in-

49 2747 248 2784 terpretatur
270 2747 312 2776 sie
336 2749 538 2777 unterstiitzen
561 2746 638 2776 noch
661 2747 812 2776 nebenbei.

119 2787 213 2829 §.52
246 2791 308 2830 leye
332 2792 442 2830 Varia]
469 2792 534 2821 Lex
558 2792 651 2821 Varia
675 2789 739 2820 lata
762 2796 811 2820 est

52 2843 70 2861 2¹
93 2831 132 2870 Q
147 2832 245 2865 Vario
265 2834 426 2877 Hybrida,
452 2837 608 2874 Sucrone,
636 2834 810 2876 Hispaniae

52 2876 304 2909 Tan‘aconensis
333 2879 432 2918 urbe,
469 2879 627 2917 oriundo,
663 2879 738 2910 trib.
765 2879 809 2921 pl.

54 2922 91 2952 A.
115 2922 156 2951 U.
180 2922 360 2954 DCLXIH.
386 2926 450 2966 ffll.
472 2937 499 2956 a.
528 2924 616 2964 Chr.)
643 2923 684 2954 (le
706 2924 808 2955 maic-

52 2970 155 2996 state:
182 2977 244 3008 qua
264 2976 410 3000 sanetum
436 2976 495 3010 cst,
523 2976 557 3000 ut
581 2969 728 3011 quaestio
749 2969 810 3000 lia—

845 1489 980 1520 beretur
1001 1488 1042 1520 de
1063 1489 1120 1527 eis,
1146 1500 1284 1532 quorum
1306 1501 1406 1532 opera
1430 1489 1610 1521 consiliove

845 1534 925 1566 socii
955 1541 1067 1566 contra
1102 1535 1259 1577 populum
1286 1536 1378 1566 Rom.
1405 1547 1494 1566 arma
1519 1547 1610 1566 sum-

846 1579 998 1621 psissent.
1058 1581 1142 1611 Nam
1168 1591 1207 1611 eo
1232 1592 1319 1611 anno
1347 1581 1436 1611 Coss.
1464 1581 1502 1611 L.
1529 1580 1610 1612 Iulio

847 1625 996 1663 Caesare,
1023 1627 1054 1657 P.
1072 1625 1196 1656 Rutilio
1216 1626 1311 1667 Lupo
1334 1632 1442 1657 ortum
1466 1632 1515 1657 est
1537 1625 1611 1656 bel-

844 1670 910 1700 lum
932 1670 965 1701 iu
992 1670 1102 1708 ltalia,
1133 1671 1222 1713 quod
1247 1670 1396 1709 Sociale,
1422 1671 1609 1707 Marsicum,

845 1715 994 1747 Italicum
1018 1715 1215 1757 appellatur.
1255 1718 1414 1748 Ernestius
1435 1716 1504 1747 Ind.
1530 1717 1609 1757 Leg.

844 1760 865 1791 l.
888 1763 993 1792 Varia.
1029 1763 1171 1792 Klotzius
1192 1760 1224 1791 in
1246 1760 1330 1793 Add.
1353 1772 1384 1802 p.
1407 1762 1477 1793 108.
1500 1760 1612 1792 laudat

844 1807 884 1836 H.
908 1808 1063 1845 Meyerum
1097 1805 1130 1836 in
1153 1806 1316 1847 Fragmm.
1341 1812 1425 1837 orat.
1451 1806 1610 1837 Romanu.

844 1861 876 1892 p.
897 1849 974 1881 290.
1000 1850 1051 1881 ed.
1075 1851 1113 1880 H.

913 1896 1057 1933 lapidum
1074 1913 1108 1917 —
1132 1895 1276 1937 telorum]
1302 1894 1344 1925 Hi
1367 1894 1502 1936 genitivi
1525 1906 1611 1937 pen-

845 1938 925 1969 dent
950 1950 967 1969 a
991 1938 1198 1970 substantivo
1223 1941 1408 1971 emissiones.

911 1986 1008 2015 missa
1026 1985 1207 2024 contentius]
1232 1984 1375 2015 Verbum
1395 1986 1534 2016 mittendi
1553 1996 1612 2026 per

845 2039 978 2070 zeugma
993 2053 1000 2066 ‚
1027 2029 1115 2071 quod
1138 2028 1277 2067 dicitur,
1303 2028 1401 2060 etiam
1425 2029 1466 2059 ad
1487 2040 1611 2061 cursum

846 2073 985 2104 relatum
1020 2080 1078 2106 est.
1127 2074 1281 2104 Ceterum
1315 2073 1517 2105 monendum
1551 2081 1611 2111 est,

846 2130 911 2149 non
939 2118 1048 2150 omnia
1072 2119 1171 2150 verba
1200 2118 1286 2150 hanc
1318 2118 1450 2150 dicendi
1476 2119 1610 2161 figuram

846 2163 1020 2195 admittere
1046 2175 1163 2205 posse,
1199 2163 1258 2194 sed
1283 2175 1320 2195 ea
1347 2170 1491 2201 tantum,
1530 2176 1612 2206 quae

846 2215 879 2239 et
913 2209 1100 2250 generalem
1126 2216 1158 2240 et
1184 2207 1359 2250 specialem
1394 2209 1612 2250 significatio—

845 2265 919 2284 nem
945 2254 1087 2291 habeut,
1115 2260 1151 2284 ut
1172 2256 1289 2285 mittere
1312 2253 1452 2296 primum
1478 2253 1612 2284 omnino

846 2304 942 2330 notat
975 2309 1096 2330 movere
1126 2300 1247 2338 aliquid
1280 2300 1343 2329 loco
1376 2308 1450 2337 suo,
1492 2297 1613 2329 deinde

846 2354 907 2385 pro
935 2346 1089 2383 iaculari,
1125 2345 1258 2374 emittere
1289 2342 1434 2384 ponitur.
1485 2344 1523 2373 V.
1553 2354 1613 2373 nos

845 2388 878 2419 in
902 2388 958 2419 Gr.
983 2389 1018 2421 L.
1047 2390 1074 2430 ᾧ.
1097 2388 1175 2426 162,
1200 2388 1231 2418 2.
1282 2387 1332 2417 Cf.
1359 2386 1400 2417 ad
1420 2388 1458 2418 V.
1480 2386 1534 2426 23,
1557 2386 1610 2419 66.

847 2439 880 2464 et
904 2433 966 2470 31,
989 2433 1044 2465 257.

914 2479 964 2508 ille
996 2478 1127 2516 {jeminus
1160 2478 1396 2518 elamenlabilis]
1432 2478 1478 2508 Ut
1508 2478 1534 2519 ξ.
1558 2477 1610 2509 55.

848 2521 1012 2552 reiiciatur
1038 2520 1261 2552 Philocteteus
1287 2521 1343 2552 ille
1366 2521 1499 2554 clamor.
1538 2522 1611 2552 Non

848 2565 970 2603 eredo,
1005 2565 1093 2607 quod
1119 2568 1252 2598 Orellius
1275 2566 1458 2605 existimat,
1484 2567 1612 2609 signiti-

848 2610 913 2641 cari
949 2610 996 2641 his
1032 2610 1138 2641 verbis
1175 2623 1302 2642 versum
1339 2615 1458 2654 potitae
1496 2609 1612 2654 tragici

848 2654 1003 2686 Romanis
1027 2655 1241 2687 notissimum.
1290 2658 1340 2688 De
1360 2657 1494 2699 saepius
1512 2669 1611 2699 repe-

846 2699 908 2730 tita
929 2699 1160 2732 coniunctione
1182 2704 1219 2740 si,
1245 2701 1336 2733 nullo
1360 2701 1475 2733 addito
1498 2702 1612 2739 verbo,

846 2744 904 2775 sed
930 2756 967 2775 cx
992 2745 1269 2777 antecedentibus
1297 2746 1483 2789 supplendo
1511 2746 1611 2776 inulta

847 2801 864 2820 e
888 2789 1046 2821 Cicerone
1068 2791 1217 2833 exempla
1249 2791 1382 2834 collegit
1409 2793 1610 2829 Stiirenbury.

846 2833 888 2865 ad
913 2847 959 2868 or.
986 2846 1045 2878 pro
1070 2836 1168 2867 Arch.
1195 2848 1226 2878 p.
1244 2838 1297 2868 2⁴2.

915 2881 944 2923 ξ).
966 2881 1018 2912 58.
1063 2883 1112 2912 Ινα
1135 2883 1308 2913 exardescit
1330 2892 1393 2911 ·--.·
1430 2883 1461 2910 in
1482 2881 1612 2910 eandem

845 2935 875 2956 a.
897 2935 922 2956 c.
945 2926 1001 2965 est]
1028 2926 1067 2956 V.
1087 2925 1129 2956 ad
1155 2926 1204 2963 12,
1223 2928 1284 2957 225:
1314 2926 1403 2965 Rogo
1426 2924 1490 2955 hoc
1511 2923 1611 2955 idem.

847 2971 895 3001 De
918 2981 987 3012 seq.
1011 2973 1071 3002 tolo
1090 2974 1210 3009 pectore
1236 2981 1265 2999 v.
1292 2969 1330 2999 :ul
1358 2972 1385 3011 ᾗ,
1403 2968 1456 3001 56.
