<?xml version="1.0" encoding="UTF-8"?>
<!DOCTYPE html PUBLIC "-//W3C//DTD XHTML 1.0 Transitional//EN"
    "http://www.w3.org/TR/xhtml1/DTD/xhtml1-transitional.dtd">
<html xmlns="http://www.w3.org/1999/xhtml" xml:lang="en" lang="en">
 <head>
  <title>
</title>
<meta http-equiv="Content-Type" content="text/html;charset=utf-8" />
  <meta name='ocr-system' content='tesseract 3.04.00' />
  <meta name='ocr-capabilities' content='ocr_page ocr_carea ocr_par ocr_line ocrx_word'/>
</head>
<body>
  <div class='ocr_page' id='page_1' title='image "./tusculanaedisput00ciceuoft_0257.png"; bbox 0 0 1832 3137; ppageno 0'>
   <div class='ocr_carea' id='block_1_1' title="bbox 1535 117 1619 160">
    <p class='ocr_par' dir='ltr' id='par_1_1' title="bbox 1535 117 1619 160">
     <span class='ocr_line' id='line_1_1' title="bbox 1535 117 1619 160; baseline 0 0"><span class='ocrx_word' id='word_1_1' title='bbox 1535 117 1619 160; x_wconf 82' lang='lat'><strong>209</strong></span> 
     </span>
    </p>
   </div>
   <div class='ocr_carea' id='block_1_2' title="bbox 1174 205 1613 257">
    <p class='ocr_par' dir='ltr' id='par_1_2' title="bbox 1174 205 1613 257">
     <span class='ocr_line' id='line_1_2' title="bbox 1174 205 1613 257; baseline 0.007 -12"><span class='ocrx_word' id='word_1_2' title='bbox 1174 205 1323 246; x_wconf 87' lang='lat' dir='ltr'><strong>doleam</strong></span> <span class='ocrx_word' id='word_1_3' title='bbox 1335 237 1346 257; x_wconf 84' lang='lat'><strong>,</strong></span> <span class='ocrx_word' id='word_1_4' title='bbox 1387 219 1512 247; x_wconf 89' lang='lat' dir='ltr'><strong>necne</strong></span> <span class='ocrx_word' id='word_1_5' title='bbox 1547 208 1613 248; x_wconf 90' lang='lat' dir='ltr'><strong>do-</strong></span> 
     </span>
    </p>
   </div>
   <div class='ocr_carea' id='block_1_3' title="bbox 641 124 1043 165">
    <p class='ocr_par' dir='ltr' id='par_1_3' title="bbox 641 124 1043 165">
     <span class='ocr_line' id='line_1_3' title="bbox 641 124 1043 165; baseline 0.005 -9"><span class='ocrx_word' id='word_1_6' title='bbox 641 125 807 158; x_wconf 80' lang='lat' dir='ltr'>LIBER</span> <span class='ocrx_word' id='word_1_7' title='bbox 835 127 874 158; x_wconf 87' lang='grc'><strong>11.</strong></span> <span class='ocrx_word' id='word_1_8' title='bbox 902 124 964 165; x_wconf 84' lang='grc'><strong>13,</strong></span> <span class='ocrx_word' id='word_1_9' title='bbox 987 124 1043 158; x_wconf 84' lang='grc'><strong>30.</strong></span> 
     </span>
    </p>
   </div>
   <div class='ocr_carea' id='block_1_4' title="bbox 45 200 1612 696">
    <p class='ocr_par' dir='ltr' id='par_1_4' title="bbox 47 200 1612 546">
     <span class='ocr_line' id='line_1_4' title="bbox 53 200 1132 258; baseline 0 -13"><span class='ocrx_word' id='word_1_10' title='bbox 53 202 278 258; x_wconf 80' lang='lat' dir='ltr'><strong>nequitiam.</strong></span> <span class='ocrx_word' id='word_1_11' title='bbox 342 200 492 242; x_wconf 84' lang='lat' dir='ltr'><strong>Desine</strong></span> <span class='ocrx_word' id='word_1_12' title='bbox 527 202 563 242; x_wconf 89' lang='lat' dir='ltr'><strong>id</strong></span> <span class='ocrx_word' id='word_1_13' title='bbox 600 217 662 243; x_wconf 91' lang='lat' dir='ltr'><strong>me</strong></span> <span class='ocrx_word' id='word_1_14' title='bbox 699 204 865 255; x_wconf 64' lang='lat' dir='ltr'><strong>docet-eg</strong></span> <span class='ocrx_word' id='word_1_15' title='bbox 908 204 982 245; x_wconf 87' lang='lat' dir='ltr'><strong>hoc</strong></span> <span class='ocrx_word' id='word_1_16' title='bbox 1014 205 1132 256; x_wconf 88' lang='lat' dir='ltr'><strong>doce,</strong></span> 
     </span>
     <span class='ocr_line' id='line_1_5' title="bbox 52 275 1612 333; baseline 0.002 -16"><span class='ocrx_word' id='word_1_17' title='bbox 52 277 174 327; x_wconf 89' lang='lat' dir='ltr'><strong>leam,</strong></span> <span class='ocrx_word' id='word_1_18' title='bbox 220 275 315 316; x_wconf 90' lang='lat' dir='ltr'><strong>nihil</strong></span> <span class='ocrx_word' id='word_1_19' title='bbox 352 276 561 316; x_wconf 86' lang='lat' dir='ltr'><strong>interesse.</strong></span> <span class='ocrx_word' id='word_1_20' title='bbox 595 300 650 306; x_wconf 91' lang='lat'>—</span> <span class='ocrx_word' id='word_1_21' title='bbox 709 275 920 330; x_wconf 83' lang='lat' dir='ltr'><strong>Nunquam</strong></span> <span class='ocrx_word' id='word_1_22' title='bbox 959 277 1186 332; x_wconf 85' lang='lat' dir='ltr'><strong>quicquam,</strong></span> <span class='ocrx_word' id='word_1_23' title='bbox 1231 279 1376 333; x_wconf 88' lang='lat' dir='ltr'><strong>inquit,</strong></span> <span class='ocrx_word' id='word_1_24' title='bbox 1421 280 1467 319; x_wconf 82' lang='lat' dir='ltr'><strong>ad</strong></span> <span class='ocrx_word' id='word_1_25' title='bbox 1499 279 1612 321; x_wconf 88' lang='lat' dir='ltr'><strong>beate</strong></span> 
     </span>
     <span class='ocr_line' id='line_1_6' title="bbox 50 349 1612 405; baseline 0.004 -16"><span class='ocrx_word' id='word_1_26' title='bbox 50 349 202 404; x_wconf 88' lang='lat' dir='ltr'><strong>quidem</strong></span> <span class='ocrx_word' id='word_1_27' title='bbox 229 349 461 399; x_wconf 87' lang='lat' dir='ltr'><strong>vivendum,</strong></span> <span class='ocrx_word' id='word_1_28' title='bbox 497 350 595 403; x_wconf 86' lang='lat' dir='ltr'><strong>quod</strong></span> <span class='ocrx_word' id='word_1_29' title='bbox 629 357 689 390; x_wconf 91' lang='lat' dir='ltr'><strong>est</strong></span> <span class='ocrx_word' id='word_1_30' title='bbox 722 349 762 389; x_wconf 92' lang='lat' dir='ltr'><strong>in</strong></span> <span class='ocrx_word' id='word_1_31' title='bbox 789 363 866 390; x_wconf 85' lang='lat' dir='ltr'><strong>una</strong></span> <span class='ocrx_word' id='word_1_32' title='bbox 897 350 1041 391; x_wconf 88' lang='lat' dir='ltr'><strong>virtute</strong></span> <span class='ocrx_word' id='word_1_33' title='bbox 1069 351 1260 405; x_wconf 88' lang='lat' dir='ltr'><strong>positum,</strong></span> <span class='ocrx_word' id='word_1_34' title='bbox 1295 352 1361 392; x_wconf 85' lang='lat' dir='ltr'><strong>sed</strong></span> <span class='ocrx_word' id='word_1_35' title='bbox 1394 359 1454 393; x_wconf 88' lang='lat' dir='ltr'><strong>est</strong></span> <span class='ocrx_word' id='word_1_36' title='bbox 1484 360 1612 395; x_wconf 88' lang='lat' dir='ltr'><strong>tamen</strong></span> 
     </span>
     <span class='ocr_line' id='line_1_7' title="bbox 47 419 1609 482; baseline 0.003 -20"><span class='ocrx_word' id='word_1_37' title='bbox 47 423 318 463; x_wconf 87' lang='lat' dir='ltr'><strong>reiiciendum.</strong></span> <span class='ocrx_word' id='word_1_38' title='bbox 371 419 483 463; x_wconf 84' lang='lat' dir='ltr'><strong>Cur?</strong></span> <span class='ocrx_word' id='word_1_39' title='bbox 514 423 709 477; x_wconf 84' lang='lat' dir='ltr'><strong>Asperum</strong></span> <span class='ocrx_word' id='word_1_40' title='bbox 735 429 809 473; x_wconf 83' lang='lat' dir='ltr'><strong>est,</strong></span> <span class='ocrx_word' id='word_1_41' title='bbox 844 429 979 463; x_wconf 89' lang='lat' dir='ltr'><strong>contra</strong></span> <span class='ocrx_word' id='word_1_42' title='bbox 1005 430 1197 476; x_wconf 81' lang='lat' dir='ltr'><strong>naturam,</strong></span> <span class='ocrx_word' id='word_1_43' title='bbox 1233 426 1382 466; x_wconf 86' lang='lat' dir='ltr'><strong>difficile</strong></span> <span class='ocrx_word' id='word_1_44' title='bbox 1406 439 1609 482; x_wconf 86' lang='lat' dir='ltr'><strong>perpessu,</strong></span> 
     </span>
     <span class='ocr_line' id='line_1_8' title="bbox 48 495 370 546; baseline -0.006 -10"><span class='ocrx_word' id='word_1_45' title='bbox 48 495 183 546; x_wconf 87' lang='lat' dir='ltr'><strong>triste,</strong></span> <span class='ocrx_word' id='word_1_46' title='bbox 218 496 370 536; x_wconf 90' lang='lat' dir='ltr'><strong>durum.</strong></span> 
     </span>
    </p>

    <p class='ocr_par' dir='ltr' id='par_1_5' title="bbox 45 566 1084 696">
     <span class='ocr_line' id='line_1_9' title="bbox 159 566 1066 623; baseline 0 -15"><span class='ocrx_word' id='word_1_47' title='bbox 159 566 281 608; x_wconf 74' lang='lat' dir='ltr'><strong>XIII.</strong></span> <span class='ocrx_word' id='word_1_48' title='bbox 336 574 406 609; x_wconf 79' lang='lat'><strong>50.</strong></span> <span class='ocrx_word' id='word_1_49' title='bbox 444 568 551 609; x_wconf 88' lang='lat' dir='ltr'><strong>Haec</strong></span> <span class='ocrx_word' id='word_1_50' title='bbox 578 576 639 609; x_wconf 90' lang='lat' dir='ltr'><strong>est</strong></span> <span class='ocrx_word' id='word_1_51' title='bbox 663 568 773 623; x_wconf 88' lang='lat' dir='ltr'><strong>copia</strong></span> <span class='ocrx_word' id='word_1_52' title='bbox 797 568 1006 609; x_wconf 86' lang='lat' dir='ltr'><strong>verborum</strong></span> <span class='ocrx_word' id='word_1_53' title='bbox 1023 572 1037 595; x_wconf 84' lang='lat'><em>1</em></span> <span class='ocrx_word' id='word_1_54' title='bbox 1056 599 1066 619; x_wconf 90' lang='lat'>‚</span> 
     </span>
     <span class='ocr_line' id='line_1_10' title="bbox 45 641 1084 696; baseline 0 -15"><span class='ocrx_word' id='word_1_55' title='bbox 45 641 186 682; x_wconf 87' lang='lat' dir='ltr'><strong>malum</strong></span> <span class='ocrx_word' id='word_1_56' title='bbox 213 642 466 696; x_wconf 79' lang='lat' dir='ltr'><strong>appellamus,</strong></span> <span class='ocrx_word' id='word_1_57' title='bbox 500 642 536 682; x_wconf 90' lang='lat' dir='ltr'><strong>id</strong></span> <span class='ocrx_word' id='word_1_58' title='bbox 565 649 620 682; x_wconf 86' lang='lat' dir='ltr'><strong>tot</strong></span> <span class='ocrx_word' id='word_1_59' title='bbox 644 641 767 682; x_wconf 90' lang='lat' dir='ltr'><strong>modis</strong></span> <span class='ocrx_word' id='word_1_60' title='bbox 792 656 907 696; x_wconf 88' lang='lat' dir='ltr'><strong>posse</strong></span> <span class='ocrx_word' id='word_1_61' title='bbox 933 641 1084 682; x_wconf 79' lang='lat' dir='ltr'><strong>dicere!</strong></span> 
     </span>
    </p>
   </div>
   <div class='ocr_carea' id='block_1_5' title="bbox 42 570 1613 916">
    <p class='ocr_par' dir='ltr' id='par_1_6' title="bbox 1101 570 1611 623">
     <span class='ocr_line' id='line_1_11' title="bbox 1101 570 1611 623; baseline 0.012 -15"><span class='ocrx_word' id='word_1_62' title='bbox 1101 570 1201 623; x_wconf 89' lang='lat' dir='ltr'><strong>quod</strong></span> <span class='ocrx_word' id='word_1_63' title='bbox 1229 585 1364 612; x_wconf 86' lang='lat' dir='ltr'><strong>omnes</strong></span> <span class='ocrx_word' id='word_1_64' title='bbox 1389 587 1466 613; x_wconf 89' lang='lat' dir='ltr'><strong>uno</strong></span> <span class='ocrx_word' id='word_1_65' title='bbox 1490 573 1611 614; x_wconf 90' lang='lat' dir='ltr'><strong>verbo</strong></span> 
     </span>
    </p>

    <p class='ocr_par' dir='ltr' id='par_1_7' title="bbox 42 641 1613 916">
     <span class='ocr_line' id='line_1_12' title="bbox 1150 641 1609 697; baseline 0.009 -15"><span class='ocrx_word' id='word_1_66' title='bbox 1150 641 1300 684; x_wconf 83' lang='lat' dir='ltr'><strong>Definis</strong></span> <span class='ocrx_word' id='word_1_67' title='bbox 1328 652 1367 684; x_wconf 94' lang='lat' dir='ltr'><strong>tu</strong></span> <span class='ocrx_word' id='word_1_68' title='bbox 1392 645 1499 697; x_wconf 87' lang='lat' dir='ltr'><strong>mihi,</strong></span> <span class='ocrx_word' id='word_1_69' title='bbox 1534 661 1609 686; x_wconf 87' lang='lat' dir='ltr'><strong>non</strong></span> 
     </span>
     <span class='ocr_line' id='line_1_13' title="bbox 43 715 1608 771; baseline 0.003 -16"><span class='ocrx_word' id='word_1_70' title='bbox 43 715 146 755; x_wconf 89' lang='lat' dir='ltr'><strong>tollis</strong></span> <span class='ocrx_word' id='word_1_71' title='bbox 173 715 368 765; x_wconf 89' lang='lat' dir='ltr'><strong>dolorem,</strong></span> <span class='ocrx_word' id='word_1_72' title='bbox 405 730 519 769; x_wconf 87' lang='lat' dir='ltr'><strong>quum</strong></span> <span class='ocrx_word' id='word_1_73' title='bbox 547 715 641 755; x_wconf 88' lang='lat' dir='ltr'><strong>dicis</strong></span> <span class='ocrx_word' id='word_1_74' title='bbox 664 729 867 770; x_wconf 87' lang='lat' dir='ltr'><strong>asperum,</strong></span> <span class='ocrx_word' id='word_1_75' title='bbox 902 721 1039 755; x_wconf 88' lang='lat' dir='ltr'><strong>contra</strong></span> <span class='ocrx_word' id='word_1_76' title='bbox 1064 722 1264 767; x_wconf 87' lang='lat' dir='ltr'><strong>naturam,</strong></span> <span class='ocrx_word' id='word_1_77' title='bbox 1297 717 1366 757; x_wconf 84' lang='lat' dir='ltr'><strong>vix</strong></span> <span class='ocrx_word' id='word_1_78' title='bbox 1392 719 1490 771; x_wconf 85' lang='lat' dir='ltr'><strong>quod</strong></span> <span class='ocrx_word' id='word_1_79' title='bbox 1516 719 1608 759; x_wconf 84' lang='lat' dir='ltr'><strong>ferri</strong></span> 
     </span>
     <span class='ocr_line' id='line_1_14' title="bbox 42 787 1613 845; baseline 0.002 -17"><span class='ocrx_word' id='word_1_80' title='bbox 42 787 279 842; x_wconf 78' lang='lat' dir='ltr'><strong>tolerarique</strong></span> <span class='ocrx_word' id='word_1_81' title='bbox 310 788 456 842; x_wconf 66' lang='lat' dir='ltr'><strong>possit,</strong></span> <span class='ocrx_word' id='word_1_82' title='bbox 496 802 567 828; x_wconf 89' lang='lat' dir='ltr'><strong>uec</strong></span> <span class='ocrx_word' id='word_1_83' title='bbox 599 788 800 839; x_wconf 73' lang='lat' dir='ltr'><strong>mentiris,</strong></span> <span class='ocrx_word' id='word_1_84' title='bbox 835 789 902 828; x_wconf 89' lang='lat' dir='ltr'><strong>sed</strong></span> <span class='ocrx_word' id='word_1_85' title='bbox 936 802 978 828; x_wconf 88' lang='lat' dir='ltr'><strong>rc</strong></span> <span class='ocrx_word' id='word_1_86' title='bbox 1011 789 1265 829; x_wconf 77' lang='lat' dir='ltr'><strong>succumbere</strong></span> <span class='ocrx_word' id='word_1_87' title='bbox 1298 804 1374 830; x_wconf 90' lang='lat' dir='ltr'><strong>non</strong></span> <span class='ocrx_word' id='word_1_88' title='bbox 1408 791 1613 845; x_wconf 87' lang='lat' dir='ltr'><strong>oportebat</strong></span> 
     </span>
     <span class='ocr_line' id='line_1_15' title="bbox 43 861 1612 916; baseline 0.002 -14"><span class='ocrx_word' id='word_1_89' title='bbox 43 861 174 902; x_wconf 89' lang='lat' dir='ltr'><strong>verbis</strong></span> <span class='ocrx_word' id='word_1_90' title='bbox 205 861 463 915; x_wconf 73' lang='lat' dir='ltr'><strong>gloriantem,</strong></span> <span class='ocrx_word' id='word_1_91' title='bbox 508 862 633 901; x_wconf 82' lang='lat' dir='ltr'><strong>dum2</strong></span> <span class='ocrx_word' id='word_1_92' title='bbox 667 861 761 901; x_wconf 86' lang='lat' dir='ltr'><strong>nihil</strong></span> <span class='ocrx_word' id='word_1_93' title='bbox 792 861 959 912; x_wconf 90' lang='lat' dir='ltr'><strong>bonum,</strong></span> <span class='ocrx_word' id='word_1_94' title='bbox 1005 862 1077 902; x_wconf 86' lang='lat' dir='ltr'><strong>nisi</strong></span> <span class='ocrx_word' id='word_1_95' title='bbox 1110 863 1208 916; x_wconf 85' lang='lat' dir='ltr'><strong>quod</strong></span> <span class='ocrx_word' id='word_1_96' title='bbox 1243 862 1472 915; x_wconf 86' lang='lat' dir='ltr'><strong>honestum,</strong></span> <span class='ocrx_word' id='word_1_97' title='bbox 1518 864 1612 905; x_wconf 90' lang='lat' dir='ltr'><strong>nihil</strong></span> 
     </span>
    </p>
   </div>
   <div class='ocr_carea' id='block_1_6' title="bbox 1513 936 1609 978">
    <p class='ocr_par' dir='ltr' id='par_1_8' title="bbox 1513 936 1609 978">
     <span class='ocr_line' id='line_1_16' title="bbox 1513 936 1609 978; baseline 0 0"><span class='ocrx_word' id='word_1_98' title='bbox 1513 936 1609 978; x_wconf 83' lang='lat' dir='ltr'><strong>Illud</strong></span> 
     </span>
    </p>
   </div>
   <div class='ocr_carea' id='block_1_7' title="bbox 45 1008 1609 1063">
    <p class='ocr_par' dir='ltr' id='par_1_9' title="bbox 45 1008 1609 1063">
     <span class='ocr_line' id='line_1_17' title="bbox 45 1008 1609 1063; baseline 0.002 -15"><span class='ocrx_word' id='word_1_99' title='bbox 45 1015 85 1048; x_wconf 90' lang='lat' dir='ltr'><strong>et</strong></span> <span class='ocrx_word' id='word_1_100' title='bbox 106 1008 244 1048; x_wconf 87' lang='lat' dir='ltr'><strong>melius</strong></span> <span class='ocrx_word' id='word_1_101' title='bbox 269 1015 308 1048; x_wconf 89' lang='lat' dir='ltr'><strong>et</strong></span> <span class='ocrx_word' id='word_1_102' title='bbox 329 1008 479 1058; x_wconf 79' lang='lat' dir='ltr'><strong>verius,</strong></span> <span class='ocrx_word' id='word_1_103' title='bbox 514 1008 660 1059; x_wconf 87' lang='lat' dir='ltr'><strong>omnia,</strong></span> <span class='ocrx_word' id='word_1_104' title='bbox 696 1022 794 1062; x_wconf 84' lang='lat' dir='ltr'><strong>quae</strong></span> <span class='ocrx_word' id='word_1_105' title='bbox 820 1016 956 1049; x_wconf 87' lang='lat' dir='ltr'><strong>natura</strong></span> <span class='ocrx_word' id='word_1_106' title='bbox 983 1016 1215 1063; x_wconf 71' lang='lat' dir='ltr'><strong>aspernetur</strong></span> <span class='ocrx_word' id='word_1_107' title='bbox 1232 1013 1268 1059; x_wconf 81' lang='lat'><strong>3,</strong></span> <span class='ocrx_word' id='word_1_108' title='bbox 1302 1010 1339 1049; x_wconf 90' lang='lat' dir='ltr'><strong>iu</strong></span> <span class='ocrx_word' id='word_1_109' title='bbox 1365 1010 1475 1050; x_wconf 87' lang='lat' dir='ltr'><strong>malis</strong></span> <span class='ocrx_word' id='word_1_110' title='bbox 1496 1024 1609 1061; x_wconf 84' lang='lat' dir='ltr'><strong>esse;</strong></span> 
     </span>
    </p>
   </div>
   <div class='ocr_carea' id='block_1_8' title="bbox 43 933 1464 989">
    <p class='ocr_par' dir='ltr' id='par_1_10' title="bbox 43 933 1464 989">
     <span class='ocr_line' id='line_1_18' title="bbox 43 933 1464 989; baseline 0.002 -15"><span class='ocrx_word' id='word_1_111' title='bbox 43 935 200 985; x_wconf 87' lang='lat' dir='ltr'><strong>malum,</strong></span> <span class='ocrx_word' id='word_1_112' title='bbox 234 935 308 974; x_wconf 88' lang='lat' dir='ltr'><strong>nisi</strong></span> <span class='ocrx_word' id='word_1_113' title='bbox 334 935 434 988; x_wconf 89' lang='lat' dir='ltr'><strong>quod</strong></span> <span class='ocrx_word' id='word_1_114' title='bbox 459 941 585 989; x_wconf 81' lang='lat' dir='ltr'><strong>turpe.</strong></span> <span class='ocrx_word' id='word_1_115' title='bbox 642 933 791 989; x_wconf 81' lang='lat' dir='ltr'><strong>Optare</strong></span> <span class='ocrx_word' id='word_1_116' title='bbox 815 935 888 975; x_wconf 84' lang='lat' dir='ltr'><strong>hoc</strong></span> <span class='ocrx_word' id='word_1_117' title='bbox 913 935 1066 989; x_wconf 89' lang='lat' dir='ltr'><strong>quidem</strong></span> <span class='ocrx_word' id='word_1_118' title='bbox 1093 942 1168 986; x_wconf 88' lang='lat' dir='ltr'><strong>est,</strong></span> <span class='ocrx_word' id='word_1_119' title='bbox 1204 950 1281 976; x_wconf 87' lang='lat' dir='ltr'><strong>non</strong></span> <span class='ocrx_word' id='word_1_120' title='bbox 1306 937 1464 977; x_wconf 87' lang='lat' dir='ltr'><strong>docere.</strong></span> 
     </span>
    </p>
   </div>
   <div class='ocr_carea' id='block_1_9' title="bbox 45 1080 1611 1136">
    <p class='ocr_par' dir='ltr' id='par_1_11' title="bbox 45 1080 1611 1136">
     <span class='ocr_line' id='line_1_19' title="bbox 45 1080 1611 1136; baseline 0.002 -16"><span class='ocrx_word' id='word_1_121' title='bbox 45 1095 144 1135; x_wconf 82' lang='lat' dir='ltr'><strong>quae</strong></span> <span class='ocrx_word' id='word_1_122' title='bbox 166 1081 374 1131; x_wconf 79' lang='lat' dir='ltr'><strong>adsciscat,</strong></span> <span class='ocrx_word' id='word_1_123' title='bbox 407 1081 442 1120; x_wconf 90' lang='lat' dir='ltr'><strong>in</strong></span> <span class='ocrx_word' id='word_1_124' title='bbox 466 1081 593 1121; x_wconf 90' lang='lat' dir='ltr'><strong>bonis.</strong></span> <span class='ocrx_word' id='word_1_125' title='bbox 658 1080 744 1121; x_wconf 89' lang='lat' dir='ltr'><strong>Hoc</strong></span> <span class='ocrx_word' id='word_1_126' title='bbox 765 1081 890 1136; x_wconf 91' lang='lat' dir='ltr'><strong>posito</strong></span> <span class='ocrx_word' id='word_1_127' title='bbox 914 1088 952 1121; x_wconf 89' lang='lat' dir='ltr'><strong>et</strong></span> <span class='ocrx_word' id='word_1_128' title='bbox 971 1081 1180 1122; x_wconf 82' lang='lat' dir='ltr'><strong>verborum</strong></span> <span class='ocrx_word' id='word_1_129' title='bbox 1204 1083 1498 1123; x_wconf 81' lang='lat' dir='ltr'><strong>concertatione</strong></span> <span class='ocrx_word' id='word_1_130' title='bbox 1521 1083 1611 1123; x_wconf 93' lang='lat' dir='ltr'><strong>sub-</strong></span> 
     </span>
    </p>
   </div>
   <div class='ocr_carea' id='block_1_10' title="bbox 42 1144 1610 1211">
    <p class='ocr_par' dir='ltr' id='par_1_12' title="bbox 42 1144 1610 1211">
     <span class='ocr_line' id='line_1_20' title="bbox 42 1144 1610 1211; baseline 0.003 -17"><span class='ocrx_word' id='word_1_131' title='bbox 42 1155 135 1205; x_wconf 88' lang='lat' dir='ltr'><strong>lata,</strong></span> <span class='ocrx_word' id='word_1_132' title='bbox 167 1144 312 1194; x_wconf 73' lang='lat' dir='ltr'><strong>tautum</strong></span> <span class='ocrx_word' id='word_1_133' title='bbox 337 1161 464 1194; x_wconf 90' lang='lat' dir='ltr'><strong>tamen</strong></span> <span class='ocrx_word' id='word_1_134' title='bbox 487 1153 686 1194; x_wconf 78' lang='lat' dir='ltr'><strong>excellet4</strong></span> <span class='ocrx_word' id='word_1_135' title='bbox 717 1154 822 1205; x_wconf 86' lang='lat' dir='ltr'><strong>illud,</strong></span> <span class='ocrx_word' id='word_1_136' title='bbox 855 1155 954 1208; x_wconf 88' lang='lat' dir='ltr'><strong>quod</strong></span> <span class='ocrx_word' id='word_1_137' title='bbox 977 1161 1083 1195; x_wconf 90' lang='lat' dir='ltr'><strong>recte</strong></span> <span class='ocrx_word' id='word_1_138' title='bbox 1104 1154 1379 1209; x_wconf 82' lang='lat' dir='ltr'><strong>amplexantur</strong></span> <span class='ocrx_word' id='word_1_139' title='bbox 1400 1155 1480 1207; x_wconf 89' lang='lat' dir='ltr'><strong>isti,</strong></span> <span class='ocrx_word' id='word_1_140' title='bbox 1509 1157 1610 1211; x_wconf 89' lang='lat' dir='ltr'><strong>quod</strong></span> 
     </span>
    </p>
   </div>
   <div class='ocr_carea' id='block_1_11' title="bbox 41 1284 532 1370">
    <p class='ocr_par' dir='ltr' id='par_1_13' title="bbox 41 1284 522 1370">
     <span class='ocr_line' id='line_1_21' title="bbox 132 1284 227 1315; baseline 0 0"><span class='ocrx_word' id='word_1_141' title='bbox 132 1284 227 1315; x_wconf 84' lang='grc' dir='ltr'>ΧΠῙ.</span> 
     </span>
     <span class='ocr_line' id='line_1_22' title="bbox 41 1325 532 1370; baseline -0.002 -9"><span class='ocrx_word' id='word_1_142' title='bbox 41 1328 144 1361; x_wconf 82' lang='lat' dir='ltr'><strong>Acad.</strong></span> <span class='ocrx_word' id='word_1_143' title='bbox 168 1330 207 1359; x_wconf 92' lang='grc'><strong>11.</strong></span> <span class='ocrx_word' id='word_1_144' title='bbox 231 1326 295 1366; x_wconf 82' lang='lat'><strong>24,</strong></span> <span class='ocrx_word' id='word_1_145' title='bbox 321 1325 374 1359; x_wconf 78' lang='grc'><strong>78.</strong></span> <span class='ocrx_word' id='word_1_146' title='bbox 398 1339 430 1370; x_wconf 92' lang='lat' dir='ltr'><strong>p.</strong></span> <span class='ocrx_word' id='word_1_147' title='bbox 460 1327 532 1361; x_wconf 92' lang='lat'><strong>143.</strong></span> 
     </span>
    </p>
   </div>
   <div class='ocr_carea' id='block_1_12' title="bbox 279 1282 1609 1374">
    <p class='ocr_par' dir='ltr' id='par_1_14' title="bbox 279 1282 1609 1374">
     <span class='ocr_line' id='line_1_23' title="bbox 279 1282 1609 1323; baseline 0.003 -9"><span class='ocrx_word' id='word_1_148' title='bbox 279 1282 293 1314; x_wconf 90' lang='lat'>1</span> <span class='ocrx_word' id='word_1_149' title='bbox 321 1282 483 1314; x_wconf 81' lang='lat' dir='ltr'><strong>Plurimae</strong></span> <span class='ocrx_word' id='word_1_150' title='bbox 507 1283 581 1315; x_wconf 87' lang='lat' dir='ltr'><strong>edd.</strong></span> <span class='ocrx_word' id='word_1_151' title='bbox 609 1289 689 1315; x_wconf 85' lang='lat' dir='ltr'><strong>vett.</strong></span> <span class='ocrx_word' id='word_1_152' title='bbox 724 1285 799 1315; x_wconf 86' lang='lat' dir='ltr'><strong>haec</strong></span> <span class='ocrx_word' id='word_1_153' title='bbox 833 1285 924 1323; x_wconf 86' lang='lat' dir='ltr'><strong>copia</strong></span> <span class='ocrx_word' id='word_1_154' title='bbox 954 1286 1116 1316; x_wconf 83' lang='lat' dir='ltr'><strong>verborum</strong></span> <span class='ocrx_word' id='word_1_155' title='bbox 1145 1288 1197 1316; x_wconf 78' lang='lat' dir='ltr'><strong>est.</strong></span> <span class='ocrx_word' id='word_1_156' title='bbox 1244 1283 1344 1316; x_wconf 87' lang='lat' dir='ltr'><strong>Male.</strong></span> <span class='ocrx_word' id='word_1_157' title='bbox 1392 1286 1431 1317; x_wconf 93' lang='lat' dir='ltr'><strong>V</strong></span> <span class='ocrx_word' id='word_1_158' title='bbox 1456 1288 1544 1318; x_wconf 86' lang='lat' dir='ltr'><strong>Goer.</strong></span> <span class='ocrx_word' id='word_1_159' title='bbox 1567 1286 1609 1317; x_wconf 89' lang='lat' dir='ltr'><strong>ad</strong></span> 
     </span>
     <span class='ocr_line' id='line_1_24' title="bbox 589 1327 1609 1374; baseline 0.003 -15.009"><span class='ocrx_word' id='word_1_160' title='bbox 589 1327 610 1359; x_wconf 96' lang='grc'>2</span> <span class='ocrx_word' id='word_1_161' title='bbox 635 1340 663 1361; x_wconf 91' lang='lat' dir='ltr'><strong>v.</strong></span> <span class='ocrx_word' id='word_1_162' title='bbox 694 1328 777 1359; x_wconf 86' lang='lat' dir='ltr'><strong>Adn.</strong></span> <span class='ocrx_word' id='word_1_163' title='bbox 824 1327 846 1360; x_wconf 83' lang='lat'>3</span> <span class='ocrx_word' id='word_1_164' title='bbox 872 1328 926 1359; x_wconf 85' lang='lat' dir='ltr'><strong>Sic</strong></span> <span class='ocrx_word' id='word_1_165' title='bbox 949 1331 1002 1359; x_wconf 87' lang='lat' dir='ltr'><strong>Or.</strong></span> <span class='ocrx_word' id='word_1_166' title='bbox 1030 1341 1056 1360; x_wconf 94' lang='lat' dir='ltr'><strong>c.</strong></span> <span class='ocrx_word' id='word_1_167' title='bbox 1080 1328 1185 1360; x_wconf 83' lang='lat' dir='ltr'><strong>Rehd.</strong></span> <span class='ocrx_word' id='word_1_168' title='bbox 1211 1335 1245 1360; x_wconf 87' lang='lat' dir='ltr'><strong>et</strong></span> <span class='ocrx_word' id='word_1_169' title='bbox 1271 1329 1497 1373; x_wconf 77' lang='lat' dir='ltr'><strong>Gud.2.p1o</strong></span> <span class='ocrx_word' id='word_1_170' title='bbox 1521 1331 1609 1374; x_wconf 86' lang='lat' dir='ltr'><strong>vulg.</strong></span> 
     </span>
    </p>
   </div>
   <div class='ocr_carea' id='block_1_13' title="bbox 40 1372 1609 1418">
    <p class='ocr_par' dir='ltr' id='par_1_15' title="bbox 40 1372 1609 1418">
     <span class='ocr_line' id='line_1_25' title="bbox 40 1372 1609 1418; baseline 0.001 -13"><span class='ocrx_word' id='word_1_171' title='bbox 40 1378 236 1414; x_wconf 77' lang='lat' dir='ltr'><strong>aspernatur.</strong></span> <span class='ocrx_word' id='word_1_172' title='bbox 283 1372 386 1403; x_wconf 82' lang='lat' dir='ltr'><strong>Mirus</strong></span> <span class='ocrx_word' id='word_1_173' title='bbox 405 1383 518 1411; x_wconf 88' lang='lat' dir='ltr'><strong>error,</strong></span> <span class='ocrx_word' id='word_1_174' title='bbox 555 1384 653 1415; x_wconf 92' lang='lat' dir='ltr'><strong>quum</strong></span> <span class='ocrx_word' id='word_1_175' title='bbox 684 1375 840 1405; x_wconf 71' lang='lat' dir='ltr'><strong>adsciscat</strong></span> <span class='ocrx_word' id='word_1_176' title='bbox 864 1372 996 1415; x_wconf 85' lang='lat' dir='ltr'><strong>plurimi</strong></span> <span class='ocrx_word' id='word_1_177' title='bbox 1018 1373 1092 1404; x_wconf 87' lang='lat' dir='ltr'><strong>libri</strong></span> <span class='ocrx_word' id='word_1_178' title='bbox 1119 1380 1152 1404; x_wconf 89' lang='lat' dir='ltr'><strong>et</strong></span> <span class='ocrx_word' id='word_1_179' title='bbox 1175 1373 1291 1416; x_wconf 88' lang='lat' dir='ltr'><strong>scripti</strong></span> <span class='ocrx_word' id='word_1_180' title='bbox 1311 1381 1344 1404; x_wconf 91' lang='lat' dir='ltr'><strong>et</strong></span> <span class='ocrx_word' id='word_1_181' title='bbox 1369 1374 1449 1405; x_wconf 87' lang='lat' dir='ltr'><strong>editi</strong></span> <span class='ocrx_word' id='word_1_182' title='bbox 1471 1375 1609 1418; x_wconf 86' lang='lat' dir='ltr'><strong>optimi·-</strong></span> 
     </span>
    </p>
   </div>
   <div class='ocr_carea' id='block_1_14' title="bbox 39 1416 690 1461">
    <p class='ocr_par' dir='ltr' id='par_1_16' title="bbox 39 1416 690 1461">
     <span class='ocr_line' id='line_1_26' title="bbox 39 1416 690 1461; baseline -0.002 -12"><span class='ocrx_word' id='word_1_183' title='bbox 39 1430 124 1461; x_wconf 88' lang='lat' dir='ltr'><strong>que,</strong></span> <span class='ocrx_word' id='word_1_184' title='bbox 161 1425 195 1449; x_wconf 86' lang='lat' dir='ltr'><strong>ut</strong></span> <span class='ocrx_word' id='word_1_185' title='bbox 217 1419 256 1450; x_wconf 85' lang='lat' dir='ltr'><strong>R.</strong></span> <span class='ocrx_word' id='word_1_186' title='bbox 281 1417 367 1449; x_wconf 85' lang='lat' dir='ltr'><strong>Gud.</strong></span> <span class='ocrx_word' id='word_1_187' title='bbox 393 1416 421 1449; x_wconf 92' lang='lat'><strong>1.</strong></span> <span class='ocrx_word' id='word_1_188' title='bbox 444 1417 497 1456; x_wconf 88' lang='lat' dir='ltr'><strong>b.,</strong></span> <span class='ocrx_word' id='word_1_189' title='bbox 534 1417 690 1449; x_wconf 82' lang='lat' dir='ltr'><strong>habeant.</strong></span> 
     </span>
    </p>
   </div>
   <div class='ocr_carea' id='block_1_15' title="bbox 740 1416 1419 1460">
    <p class='ocr_par' dir='ltr' id='par_1_17' title="bbox 740 1416 1419 1460">
     <span class='ocr_line' id='line_1_27' title="bbox 740 1416 1419 1460; baseline 0.003 -12"><span class='ocrx_word' id='word_1_190' title='bbox 740 1416 760 1449; x_wconf 84' lang='lat'>4</span> <span class='ocrx_word' id='word_1_191' title='bbox 787 1417 883 1450; x_wconf 87' lang='lat' dir='ltr'><strong>Vind.</strong></span> <span class='ocrx_word' id='word_1_192' title='bbox 913 1417 941 1449; x_wconf 90' lang='lat'>1</span> <span class='ocrx_word' id='word_1_193' title='bbox 967 1417 1052 1449; x_wconf 89' lang='lat' dir='ltr'><strong>Gud.</strong></span> <span class='ocrx_word' id='word_1_194' title='bbox 1073 1416 1104 1449; x_wconf 88' lang='grc'><strong>2.</strong></span> <span class='ocrx_word' id='word_1_195' title='bbox 1140 1424 1173 1449; x_wconf 91' lang='lat' dir='ltr'><strong>et</strong></span> <span class='ocrx_word' id='word_1_196' title='bbox 1196 1429 1321 1460; x_wconf 84' lang='lat' dir='ltr'><strong>paucae</strong></span> <span class='ocrx_word' id='word_1_197' title='bbox 1344 1419 1419 1450; x_wconf 85' lang='lat' dir='ltr'><strong>edd.</strong></span> 
     </span>
    </p>
   </div>
   <div class='ocr_carea' id='block_1_16' title="bbox 1442 1420 1609 1452">
    <p class='ocr_par' dir='ltr' id='par_1_18' title="bbox 1442 1420 1609 1452">
     <span class='ocr_line' id='line_1_28' title="bbox 1442 1420 1609 1452; baseline 0.012 -2"><span class='ocrx_word' id='word_1_198' title='bbox 1442 1426 1524 1451; x_wconf 86' lang='lat' dir='ltr'><strong>vett.</strong></span> <span class='ocrx_word' id='word_1_199' title='bbox 1545 1420 1609 1452; x_wconf 84' lang='lat' dir='ltr'><strong>ha·-</strong></span> 
     </span>
    </p>
   </div>
   <div class='ocr_carea' id='block_1_17' title="bbox 40 1461 1454 1504">
    <p class='ocr_par' dir='ltr' id='par_1_19' title="bbox 40 1461 1454 1504">
     <span class='ocr_line' id='line_1_29' title="bbox 40 1461 1454 1504; baseline 0 -9"><span class='ocrx_word' id='word_1_200' title='bbox 40 1464 120 1495; x_wconf 90' lang='lat' dir='ltr'><strong>bent</strong></span> <span class='ocrx_word' id='word_1_201' title='bbox 143 1465 272 1495; x_wconf 73' lang='lat' dir='ltr'><strong>excellit.</strong></span> <span class='ocrx_word' id='word_1_202' title='bbox 320 1462 479 1493; x_wconf 85' lang='lat' dir='ltr'><strong>Futurum</strong></span> <span class='ocrx_word' id='word_1_203' title='bbox 502 1474 580 1494; x_wconf 91' lang='lat' dir='ltr'><strong>vere</strong></span> <span class='ocrx_word' id='word_1_204' title='bbox 606 1461 853 1494; x_wconf 85' lang='lat' dir='ltr'><strong>Ciceronianum</strong></span> <span class='ocrx_word' id='word_1_205' title='bbox 878 1469 939 1494; x_wconf 88' lang='lat' dir='ltr'><strong>est.</strong></span> <span class='ocrx_word' id='word_1_206' title='bbox 985 1464 1024 1495; x_wconf 90' lang='lat' dir='ltr'><strong>V.</strong></span> <span class='ocrx_word' id='word_1_207' title='bbox 1046 1462 1088 1494; x_wconf 89' lang='lat' dir='ltr'><strong>ad</strong></span> <span class='ocrx_word' id='word_1_208' title='bbox 1109 1474 1136 1494; x_wconf 90' lang='lat' dir='ltr'><strong>c.</strong></span> <span class='ocrx_word' id='word_1_209' title='bbox 1161 1462 1221 1502; x_wconf 89' lang='grc'><strong>15,</strong></span> <span class='ocrx_word' id='word_1_210' title='bbox 1247 1462 1310 1495; x_wconf 84' lang='lat'>35:</span> <span class='ocrx_word' id='word_1_211' title='bbox 1335 1465 1454 1504; x_wconf 74' lang='lat' dir='ltr'><strong>efficiet.</strong></span> 
     </span>
    </p>
   </div>
   <div class='ocr_carea' id='block_1_18' title="bbox 37 1541 809 3024">
    <p class='ocr_par' dir='ltr' id='par_1_20' title="bbox 39 1541 806 1629">
     <span class='ocr_line' id='line_1_30' title="bbox 39 1541 806 1584; baseline 0 -11"><span class='ocrx_word' id='word_1_212' title='bbox 39 1541 212 1573; x_wconf 84' lang='lat' dir='ltr'><strong>doctrinae</strong></span> <span class='ocrx_word' id='word_1_213' title='bbox 235 1547 364 1583; x_wconf 84' lang='lat' dir='ltr'><strong>partem</strong></span> <span class='ocrx_word' id='word_1_214' title='bbox 397 1547 587 1584; x_wconf 84' lang='lat' dir='ltr'><strong>persecutus</strong></span> <span class='ocrx_word' id='word_1_215' title='bbox 613 1548 663 1573; x_wconf 88' lang='lat' dir='ltr'><strong>est</strong></span> <span class='ocrx_word' id='word_1_216' title='bbox 689 1541 806 1574; x_wconf 89' lang='lat' dir='ltr'><strong>Cicero</strong></span> 
     </span>
     <span class='ocr_line' id='line_1_31' title="bbox 40 1586 349 1629; baseline -0.003 -11"><span class='ocrx_word' id='word_1_217' title='bbox 40 1586 111 1618; x_wconf 88' lang='lat' dir='ltr'><strong>Fin.</strong></span> <span class='ocrx_word' id='word_1_218' title='bbox 138 1588 193 1625; x_wconf 87' lang='lat' dir='ltr'><strong>IV,</strong></span> <span class='ocrx_word' id='word_1_219' title='bbox 224 1588 261 1618; x_wconf 91' lang='lat'><strong>15</strong></span> <span class='ocrx_word' id='word_1_220' title='bbox 277 1597 349 1629; x_wconf 93' lang='lat' dir='ltr'><strong>sqq.</strong></span> 
     </span>
    </p>

    <p class='ocr_par' dir='ltr' id='par_1_21' title="bbox 39 1631 808 1765">
     <span class='ocr_line' id='line_1_32' title="bbox 109 1631 808 1674; baseline 0.001 -12"><span class='ocrx_word' id='word_1_221' title='bbox 109 1631 295 1663; x_wconf 57' lang='lat' dir='ltr'><strong>maxim.</strong></span> <span class='ocrx_word' id='word_1_222' title='bbox 321 1633 349 1674; x_wconf 84' lang='lat'><strong>§.</strong></span> <span class='ocrx_word' id='word_1_223' title='bbox 369 1631 423 1664; x_wconf 84' lang='lat'><strong>30.</strong></span> <span class='ocrx_word' id='word_1_224' title='bbox 469 1634 524 1663; x_wconf 79' lang='lat' dir='ltr'><strong>vix</strong></span> <span class='ocrx_word' id='word_1_225' title='bbox 548 1633 645 1673; x_wconf 81' lang='lat' dir='ltr'><strong>quod]</strong></span> <span class='ocrx_word' id='word_1_226' title='bbox 670 1633 709 1664; x_wconf 95' lang='lat' dir='ltr'><strong>V.</strong></span> <span class='ocrx_word' id='word_1_227' title='bbox 736 1631 808 1663; x_wconf 87' lang='lat' dir='ltr'><strong>Ad-</strong></span> 
     </span>
     <span class='ocr_line' id='line_1_33' title="bbox 40 1676 807 1715; baseline 0.001 -7"><span class='ocrx_word' id='word_1_228' title='bbox 40 1683 147 1709; x_wconf 85' lang='lat' dir='ltr'><strong>notat.</strong></span> <span class='ocrx_word' id='word_1_229' title='bbox 173 1676 206 1707; x_wconf 90' lang='lat' dir='ltr'><strong>in</strong></span> <span class='ocrx_word' id='word_1_230' title='bbox 234 1677 290 1708; x_wconf 89' lang='grc' dir='ltr'>ΙΙΙ.</span> <span class='ocrx_word' id='word_1_231' title='bbox 317 1677 377 1715; x_wconf 85' lang='grc'><strong>15,</strong></span> <span class='ocrx_word' id='word_1_232' title='bbox 404 1676 466 1709; x_wconf 81' lang='lat'>32:</span> <span class='ocrx_word' id='word_1_233' title='bbox 502 1676 620 1708; x_wconf 87' lang='lat' dir='ltr'><strong>iisdem</strong></span> <span class='ocrx_word' id='word_1_234' title='bbox 645 1676 686 1708; x_wconf 90' lang='lat' dir='ltr'><strong>de</strong></span> <span class='ocrx_word' id='word_1_235' title='bbox 710 1677 807 1709; x_wconf 85' lang='lat' dir='ltr'><strong>rebus</strong></span> 
     </span>
     <span class='ocr_line' id='line_1_34' title="bbox 39 1721 138 1765; baseline 0.01 -13"><span class='ocrx_word' id='word_1_236' title='bbox 39 1721 138 1765; x_wconf 87' lang='lat' dir='ltr'><strong>quod.</strong></span> 
     </span>
    </p>

    <p class='ocr_par' dir='ltr' id='par_1_22' title="bbox 37 1766 807 2203">
     <span class='ocr_line' id='line_1_35' title="bbox 107 1766 805 1811; baseline -0.001 -12"><span class='ocrx_word' id='word_1_237' title='bbox 107 1777 167 1799; x_wconf 82' lang='lat' dir='ltr'><strong>non</strong></span> <span class='ocrx_word' id='word_1_238' title='bbox 193 1766 363 1810; x_wconf 68' lang='lat' dir='ltr'><strong>oportebat]</strong></span> <span class='ocrx_word' id='word_1_239' title='bbox 393 1766 462 1798; x_wconf 89' lang='lat' dir='ltr'><strong>Cat.</strong></span> <span class='ocrx_word' id='word_1_240' title='bbox 486 1767 510 1798; x_wconf 86' lang='lat' dir='ltr'><strong>I.</strong></span> <span class='ocrx_word' id='word_1_241' title='bbox 536 1768 565 1811; x_wconf 85' lang='lat'><strong>§.</strong></span> <span class='ocrx_word' id='word_1_242' title='bbox 581 1766 621 1799; x_wconf 79' lang='lat'><strong>2:</strong></span> <span class='ocrx_word' id='word_1_243' title='bbox 648 1766 690 1798; x_wconf 90' lang='lat' dir='ltr'><strong>ad</strong></span> <span class='ocrx_word' id='word_1_244' title='bbox 714 1779 805 1799; x_wconf 89' lang='lat' dir='ltr'><strong>mor-</strong></span> 
     </span>
     <span class='ocr_line' id='line_1_36' title="bbox 38 1811 807 1854; baseline 0 -11"><span class='ocrx_word' id='word_1_245' title='bbox 38 1819 105 1844; x_wconf 82' lang='lat' dir='ltr'><strong>tem</strong></span> <span class='ocrx_word' id='word_1_246' title='bbox 126 1818 161 1843; x_wconf 88' lang='lat' dir='ltr'><strong>te</strong></span> <span class='ocrx_word' id='word_1_247' title='bbox 181 1811 255 1843; x_wconf 88' lang='lat' dir='ltr'><strong>duci</strong></span> <span class='ocrx_word' id='word_1_248' title='bbox 279 1811 343 1843; x_wconf 79' lang='lat' dir='ltr'><strong>iam</strong></span> <span class='ocrx_word' id='word_1_249' title='bbox 365 1811 493 1854; x_wconf 80' lang='lat' dir='ltr'><strong>pridem</strong></span> <span class='ocrx_word' id='word_1_250' title='bbox 516 1814 683 1852; x_wconf 78' lang='lat' dir='ltr'><strong>oportebat.</strong></span> <span class='ocrx_word' id='word_1_251' title='bbox 719 1815 807 1843; x_wconf 83' lang='lat' dir='ltr'><strong>Aca-</strong></span> 
     </span>
     <span class='ocr_line' id='line_1_37' title="bbox 39 1857 806 1896; baseline 0.001 -8"><span class='ocrx_word' id='word_1_252' title='bbox 39 1857 124 1888; x_wconf 88' lang='lat' dir='ltr'><strong>dem.</strong></span> <span class='ocrx_word' id='word_1_253' title='bbox 149 1858 197 1896; x_wconf 82' lang='lat'><strong>11,</strong></span> <span class='ocrx_word' id='word_1_254' title='bbox 228 1857 284 1889; x_wconf 85' lang='lat'><strong>10:</strong></span> <span class='ocrx_word' id='word_1_255' title='bbox 322 1863 429 1888; x_wconf 87' lang='lat' dir='ltr'><strong>totam</strong></span> <span class='ocrx_word' id='word_1_256' title='bbox 460 1857 546 1888; x_wconf 89' lang='lat' dir='ltr'><strong>enim</strong></span> <span class='ocrx_word' id='word_1_257' title='bbox 574 1868 644 1888; x_wconf 88' lang='lat' dir='ltr'><strong>rem</strong></span> <span class='ocrx_word' id='word_1_258' title='bbox 667 1857 806 1889; x_wconf 86' lang='lat' dir='ltr'><strong>Lucullo</strong></span> 
     </span>
     <span class='ocr_line' id='line_1_38' title="bbox 37 1902 806 1944; baseline -0.001 -11"><span class='ocrx_word' id='word_1_259' title='bbox 37 1902 200 1944; x_wconf 84' lang='lat' dir='ltr'><strong>integram</strong></span> <span class='ocrx_word' id='word_1_260' title='bbox 234 1908 395 1932; x_wconf 85' lang='lat' dir='ltr'><strong>servatam</strong></span> <span class='ocrx_word' id='word_1_261' title='bbox 429 1904 575 1941; x_wconf 81' lang='lat' dir='ltr'><strong>oportuit.</strong></span> <span class='ocrx_word' id='word_1_262' title='bbox 633 1903 672 1934; x_wconf 90' lang='lat' dir='ltr'><strong>V.</strong></span> <span class='ocrx_word' id='word_1_263' title='bbox 706 1902 748 1933; x_wconf 88' lang='lat' dir='ltr'><strong>ad</strong></span> <span class='ocrx_word' id='word_1_264' title='bbox 784 1903 806 1933; x_wconf 90' lang='grc'><strong>1.</strong></span> 
     </span>
     <span class='ocr_line' id='line_1_39' title="bbox 37 1945 805 1988; baseline -0.004 -8"><span class='ocrx_word' id='word_1_265' title='bbox 37 1945 101 1986; x_wconf 79' lang='grc'><strong>49,</strong></span> <span class='ocrx_word' id='word_1_266' title='bbox 131 1946 202 1979; x_wconf 85' lang='grc'><strong>116.</strong></span> <span class='ocrx_word' id='word_1_267' title='bbox 251 1946 348 1985; x_wconf 88' lang='lat' dir='ltr'><strong>Quod</strong></span> <span class='ocrx_word' id='word_1_268' title='bbox 372 1946 415 1977; x_wconf 87' lang='lat' dir='ltr'><strong>ad</strong></span> <span class='ocrx_word' id='word_1_269' title='bbox 439 1958 509 1978; x_wconf 90' lang='lat' dir='ltr'><strong>rem</strong></span> <span class='ocrx_word' id='word_1_270' title='bbox 539 1946 644 1988; x_wconf 84' lang='lat' dir='ltr'><strong>ipsam</strong></span> <span class='ocrx_word' id='word_1_271' title='bbox 674 1946 805 1985; x_wconf 83' lang='lat' dir='ltr'><strong>attinet,</strong></span> 
     </span>
     <span class='ocr_line' id='line_1_40' title="bbox 38 1991 806 2034; baseline -0.003 -10"><span class='ocrx_word' id='word_1_272' title='bbox 38 1994 167 2024; x_wconf 81' lang='lat' dir='ltr'><strong>Neidius</strong></span> <span class='ocrx_word' id='word_1_273' title='bbox 190 1997 304 2034; x_wconf 88' lang='lat' dir='ltr'><strong>putat,</strong></span> <span class='ocrx_word' id='word_1_274' title='bbox 339 1991 431 2033; x_wconf 80' lang='lat' dir='ltr'><strong>tangi</strong></span> <span class='ocrx_word' id='word_1_275' title='bbox 454 1991 486 2022; x_wconf 93' lang='lat' dir='ltr'><strong>h.</strong></span> <span class='ocrx_word' id='word_1_276' title='bbox 507 1991 528 2022; x_wconf 94' lang='lat' dir='ltr'><strong>l.</strong></span> <span class='ocrx_word' id='word_1_277' title='bbox 551 1991 693 2034; x_wconf 79' lang='lat' dir='ltr'><strong>aliquem</strong></span> <span class='ocrx_word' id='word_1_278' title='bbox 712 1991 806 2023; x_wconf 86' lang='lat' dir='ltr'><strong>Stoi-</strong></span> 
     </span>
     <span class='ocr_line' id='line_1_41' title="bbox 40 2036 805 2079; baseline -0.001 -11"><span class='ocrx_word' id='word_1_279' title='bbox 40 2047 171 2074; x_wconf 88' lang='lat' dir='ltr'><strong>corum,</strong></span> <span class='ocrx_word' id='word_1_280' title='bbox 207 2036 350 2067; x_wconf 81' lang='lat' dir='ltr'><strong>fortasse</strong></span> <span class='ocrx_word' id='word_1_281' title='bbox 373 2037 551 2075; x_wconf 84' lang='lat' dir='ltr'><strong>Catonem,</strong></span> <span class='ocrx_word' id='word_1_282' title='bbox 586 2036 641 2079; x_wconf 92' lang='lat' dir='ltr'><strong>qui</strong></span> <span class='ocrx_word' id='word_1_283' title='bbox 664 2043 805 2068; x_wconf 89' lang='lat' dir='ltr'><strong>mortem</strong></span> 
     </span>
     <span class='ocr_line' id='line_1_42' title="bbox 39 2080 805 2124; baseline 0.001 -12"><span class='ocrx_word' id='word_1_284' title='bbox 39 2081 101 2113; x_wconf 87' lang='lat' dir='ltr'><strong>sibi</strong></span> <span class='ocrx_word' id='word_1_285' title='bbox 123 2081 329 2112; x_wconf 85' lang='lat' dir='ltr'><strong>consciverit.</strong></span> <span class='ocrx_word' id='word_1_286' title='bbox 379 2080 538 2124; x_wconf 87' lang='lat' dir='ltr'><strong>Equidem</strong></span> <span class='ocrx_word' id='word_1_287' title='bbox 567 2092 632 2112; x_wconf 88' lang='lat' dir='ltr'><strong>non</strong></span> <span class='ocrx_word' id='word_1_288' title='bbox 663 2081 706 2112; x_wconf 88' lang='lat' dir='ltr'><strong>ad</strong></span> <span class='ocrx_word' id='word_1_289' title='bbox 730 2093 805 2113; x_wconf 79' lang='lat' dir='ltr'><strong>cer—</strong></span> 
     </span>
     <span class='ocr_line' id='line_1_43' title="bbox 38 2125 804 2169; baseline 0.001 -12"><span class='ocrx_word' id='word_1_290' title='bbox 38 2133 109 2157; x_wconf 84' lang='lat' dir='ltr'><strong>tum</strong></span> <span class='ocrx_word' id='word_1_291' title='bbox 135 2125 297 2169; x_wconf 85' lang='lat' dir='ltr'><strong>quendam</strong></span> <span class='ocrx_word' id='word_1_292' title='bbox 323 2126 494 2168; x_wconf 81' lang='lat' dir='ltr'><strong>Stoicum,</strong></span> <span class='ocrx_word' id='word_1_293' title='bbox 519 2126 578 2158; x_wconf 89' lang='lat' dir='ltr'><strong>sed</strong></span> <span class='ocrx_word' id='word_1_294' title='bbox 602 2125 737 2158; x_wconf 89' lang='lat' dir='ltr'><strong>omnino</strong></span> <span class='ocrx_word' id='word_1_295' title='bbox 762 2126 804 2158; x_wconf 90' lang='lat' dir='ltr'><strong>ad</strong></span> 
     </span>
     <span class='ocr_line' id='line_1_44' title="bbox 39 2170 375 2203; baseline -0.003 0"><span class='ocrx_word' id='word_1_296' title='bbox 39 2171 171 2203; x_wconf 80' lang='lat' dir='ltr'><strong>Stoicos</strong></span> <span class='ocrx_word' id='word_1_297' title='bbox 196 2170 375 2202; x_wconf 85' lang='lat' dir='ltr'><strong>retulerim.</strong></span> 
     </span>
    </p>

    <p class='ocr_par' dir='ltr' id='par_1_23' title="bbox 37 2215 805 2607">
     <span class='ocr_line' id='line_1_45' title="bbox 105 2215 805 2260; baseline 0.001 -13"><span class='ocrx_word' id='word_1_298' title='bbox 105 2219 180 2248; x_wconf 80' lang='lat' dir='ltr'><strong>dum</strong></span> <span class='ocrx_word' id='word_1_299' title='bbox 204 2217 280 2248; x_wconf 81' lang='lat' dir='ltr'><strong>nihil</strong></span> <span class='ocrx_word' id='word_1_300' title='bbox 313 2216 440 2258; x_wconf 75' lang='lat' dir='ltr'><strong>bonum]</strong></span> <span class='ocrx_word' id='word_1_301' title='bbox 478 2215 554 2248; x_wconf 87' lang='lat' dir='ltr'><strong>Scil.</strong></span> <span class='ocrx_word' id='word_1_302' title='bbox 578 2217 679 2248; x_wconf 82' lang='lat' dir='ltr'><strong>dicis:</strong></span> <span class='ocrx_word' id='word_1_303' title='bbox 715 2216 805 2260; x_wconf 91' lang='lat' dir='ltr'><strong>quod</strong></span> 
     </span>
     <span class='ocr_line' id='line_1_46' title="bbox 37 2260 805 2304; baseline 0.003 -12"><span class='ocrx_word' id='word_1_304' title='bbox 37 2260 256 2304; x_wconf 86' lang='lat' dir='ltr'><strong>supplendum</strong></span> <span class='ocrx_word' id='word_1_305' title='bbox 289 2273 307 2292; x_wconf 90' lang='grc'><strong>0</strong></span> <span class='ocrx_word' id='word_1_306' title='bbox 330 2261 570 2303; x_wconf 88' lang='lat' dir='ltr'><strong>superioribus:</strong></span> <span class='ocrx_word' id='word_1_307' title='bbox 607 2272 702 2302; x_wconf 83' lang='lat' dir='ltr'><strong>quum</strong></span> <span class='ocrx_word' id='word_1_308' title='bbox 726 2264 805 2294; x_wconf 79' lang='lat' dir='ltr'><strong>dicis</strong></span> 
     </span>
     <span class='ocr_line' id='line_1_47' title="bbox 37 2306 804 2347; baseline 0 -9"><span class='ocrx_word' id='word_1_309' title='bbox 37 2316 194 2347; x_wconf 79' lang='lat' dir='ltr'><strong>asperum.</strong></span> <span class='ocrx_word' id='word_1_310' title='bbox 243 2306 352 2344; x_wconf 88' lang='lat' dir='ltr'><strong>Quare</strong></span> <span class='ocrx_word' id='word_1_311' title='bbox 372 2317 434 2337; x_wconf 90' lang='lat' dir='ltr'><strong>nec</strong></span> <span class='ocrx_word' id='word_1_312' title='bbox 456 2306 729 2338; x_wconf 86' lang='lat' dir='ltr'><strong>subscribendum</strong></span> <span class='ocrx_word' id='word_1_313' title='bbox 752 2307 804 2338; x_wconf 89' lang='lat' dir='ltr'><strong>vi-</strong></span> 
     </span>
     <span class='ocr_line' id='line_1_48' title="bbox 38 2351 805 2392; baseline 0.003 -10"><span class='ocrx_word' id='word_1_314' title='bbox 38 2351 136 2382; x_wconf 85' lang='lat' dir='ltr'><strong>detur</strong></span> <span class='ocrx_word' id='word_1_315' title='bbox 160 2353 336 2390; x_wconf 74' lang='lat' dir='ltr'><strong>Lambino,</strong></span> <span class='ocrx_word' id='word_1_316' title='bbox 370 2351 424 2392; x_wconf 89' lang='lat' dir='ltr'><strong>qui</strong></span> <span class='ocrx_word' id='word_1_317' title='bbox 448 2351 601 2382; x_wconf 87' lang='lat' dir='ltr'><strong>voculam</strong></span> <span class='ocrx_word' id='word_1_318' title='bbox 632 2353 708 2384; x_wconf 83' lang='lat' dir='ltr'><strong>dum</strong></span> <span class='ocrx_word' id='word_1_319' title='bbox 741 2351 805 2383; x_wconf 87' lang='lat' dir='ltr'><strong>de-</strong></span> 
     </span>
     <span class='ocr_line' id='line_1_49' title="bbox 37 2395 805 2438; baseline 0.001 -11"><span class='ocrx_word' id='word_1_320' title='bbox 37 2395 170 2427; x_wconf 84' lang='lat' dir='ltr'><strong>lendam</strong></span> <span class='ocrx_word' id='word_1_321' title='bbox 192 2401 313 2433; x_wconf 85' lang='lat' dir='ltr'><strong>censet,</strong></span> <span class='ocrx_word' id='word_1_322' title='bbox 336 2406 396 2426; x_wconf 90' lang='lat' dir='ltr'><strong>nec</strong></span> <span class='ocrx_word' id='word_1_323' title='bbox 409 2397 549 2435; x_wconf 84' lang='lat' dir='ltr'><strong>Davisio‚</strong></span> <span class='ocrx_word' id='word_1_324' title='bbox 574 2395 629 2438; x_wconf 93' lang='lat' dir='ltr'><strong>qui</strong></span> <span class='ocrx_word' id='word_1_325' title='bbox 647 2407 708 2438; x_wconf 91' lang='lat' dir='ltr'><strong>pro</strong></span> <span class='ocrx_word' id='word_1_326' title='bbox 729 2398 805 2428; x_wconf 84' lang='lat' dir='ltr'><strong>dum</strong></span> 
     </span>
     <span class='ocr_line' id='line_1_50' title="bbox 39 2439 805 2482; baseline 0.001 -10"><span class='ocrx_word' id='word_1_327' title='bbox 39 2439 215 2482; x_wconf 84' lang='lat' dir='ltr'><strong>legendum</strong></span> <span class='ocrx_word' id='word_1_328' title='bbox 254 2439 438 2482; x_wconf 83' lang='lat' dir='ltr'><strong>suspicatur</strong></span> <span class='ocrx_word' id='word_1_329' title='bbox 476 2441 555 2472; x_wconf 83' lang='lat' dir='ltr'><strong>dicis</strong></span> <span class='ocrx_word' id='word_1_330' title='bbox 591 2443 672 2472; x_wconf 78' lang='lat' dir='ltr'><strong>enim</strong></span> <span class='ocrx_word' id='word_1_331' title='bbox 687 2465 696 2480; x_wconf 94' lang='lat'><strong>,</strong></span> <span class='ocrx_word' id='word_1_332' title='bbox 742 2452 805 2473; x_wconf 90' lang='lat' dir='ltr'><strong>nec</strong></span> 
     </span>
     <span class='ocr_line' id='line_1_51' title="bbox 41 2484 802 2527; baseline 0 -10"><span class='ocrx_word' id='word_1_333' title='bbox 41 2487 212 2526; x_wconf 70' lang='grc' dir='ltr'><strong>Τγεράενο,</strong></span> <span class='ocrx_word' id='word_1_334' title='bbox 253 2484 307 2527; x_wconf 90' lang='lat' dir='ltr'><strong>qui</strong></span> <span class='ocrx_word' id='word_1_335' title='bbox 341 2484 383 2515; x_wconf 87' lang='lat' dir='ltr'><strong>de</strong></span> <span class='ocrx_word' id='word_1_336' title='bbox 414 2486 569 2525; x_wconf 74' lang='lat' dir='ltr'><strong>Madvi9ii</strong></span> <span class='ocrx_word' id='word_1_337' title='bbox 603 2485 802 2525; x_wconf 87' lang='lat' dir='ltr'><strong>coniectura,</strong></span> 
     </span>
     <span class='ocr_line' id='line_1_52' title="bbox 41 2528 804 2572; baseline 0.003 -11"><span class='ocrx_word' id='word_1_338' title='bbox 41 2537 185 2562; x_wconf 86' lang='lat' dir='ltr'><strong>ceterum</strong></span> <span class='ocrx_word' id='word_1_339' title='bbox 209 2528 469 2572; x_wconf 84' lang='lat' dir='ltr'><strong>elegantissima,</strong></span> <span class='ocrx_word' id='word_1_340' title='bbox 495 2529 600 2560; x_wconf 88' lang='lat' dir='ltr'><strong>edidit</strong></span> <span class='ocrx_word' id='word_1_341' title='bbox 620 2532 721 2562; x_wconf 85' lang='lat' dir='ltr'><strong>verbis</strong></span> <span class='ocrx_word' id='word_1_342' title='bbox 738 2533 804 2571; x_wconf 79' lang='grc'><strong>910-</strong></span> 
     </span>
     <span class='ocr_line' id='line_1_53' title="bbox 38 2576 510 2607; baseline 0 -1"><span class='ocrx_word' id='word_1_343' title='bbox 38 2577 240 2607; x_wconf 80' lang='lat' dir='ltr'><strong>riabundum.</strong></span> <span class='ocrx_word' id='word_1_344' title='bbox 287 2576 369 2606; x_wconf 84' lang='lat' dir='ltr'><strong>Nihil</strong></span> <span class='ocrx_word' id='word_1_345' title='bbox 393 2577 421 2606; x_wconf 91' lang='lat' dir='ltr'><strong>b.</strong></span> <span class='ocrx_word' id='word_1_346' title='bbox 447 2581 510 2606; x_wconf 88' lang='lat' dir='ltr'><strong>etc.</strong></span> 
     </span>
    </p>

    <p class='ocr_par' dir='ltr' id='par_1_24' title="bbox 43 2619 809 3024">
     <span class='ocr_line' id='line_1_54' title="bbox 108 2619 804 2663; baseline -0.001 -12"><span class='ocrx_word' id='word_1_347' title='bbox 108 2619 237 2663; x_wconf 75' lang='lat' dir='ltr'><strong>Optare]</strong></span> <span class='ocrx_word' id='word_1_348' title='bbox 275 2621 390 2659; x_wconf 77' lang='lat' dir='ltr'><strong>Optare</strong></span> <span class='ocrx_word' id='word_1_349' title='bbox 424 2619 578 2651; x_wconf 88' lang='lat' dir='ltr'><strong>dicuntur</strong></span> <span class='ocrx_word' id='word_1_350' title='bbox 601 2619 804 2662; x_wconf 83' lang='lat' dir='ltr'><strong>philosophi,</strong></span> 
     </span>
     <span class='ocr_line' id='line_1_55' title="bbox 43 2663 806 2708; baseline -0.001 -12"><span class='ocrx_word' id='word_1_351' title='bbox 43 2663 98 2707; x_wconf 88' lang='lat' dir='ltr'><strong>qui</strong></span> <span class='ocrx_word' id='word_1_352' title='bbox 118 2664 241 2707; x_wconf 85' lang='lat' dir='ltr'><strong>aliquid</strong></span> <span class='ocrx_word' id='word_1_353' title='bbox 257 2676 371 2696; x_wconf 89' lang='lat' dir='ltr'><strong>verum</strong></span> <span class='ocrx_word' id='word_1_354' title='bbox 392 2676 464 2696; x_wconf 87' lang='lat' dir='ltr'><strong>esse</strong></span> <span class='ocrx_word' id='word_1_355' title='bbox 482 2664 596 2696; x_wconf 89' lang='lat' dir='ltr'><strong>dicunt</strong></span> <span class='ocrx_word' id='word_1_356' title='bbox 617 2672 650 2696; x_wconf 92' lang='lat' dir='ltr'><strong>et</strong></span> <span class='ocrx_word' id='word_1_357' title='bbox 671 2665 806 2708; x_wconf 88' lang='lat' dir='ltr'><strong>cupiunt</strong></span> 
     </span>
     <span class='ocr_line' id='line_1_56' title="bbox 45 2709 805 2752; baseline 0.003 -13"><span class='ocrx_word' id='word_1_358' title='bbox 45 2719 252 2751; x_wconf 88' lang='lat' dir='ltr'><strong>propugnare</strong></span> <span class='ocrx_word' id='word_1_359' title='bbox 271 2716 305 2741; x_wconf 89' lang='lat' dir='ltr'><strong>et</strong></span> <span class='ocrx_word' id='word_1_360' title='bbox 327 2710 531 2749; x_wconf 85' lang='lat' dir='ltr'><strong>confirmare,</strong></span> <span class='ocrx_word' id='word_1_361' title='bbox 556 2709 615 2741; x_wconf 90' lang='lat' dir='ltr'><strong>sed</strong></span> <span class='ocrx_word' id='word_1_362' title='bbox 636 2721 700 2741; x_wconf 92' lang='lat' dir='ltr'><strong>non</strong></span> <span class='ocrx_word' id='word_1_363' title='bbox 723 2721 805 2752; x_wconf 88' lang='lat' dir='ltr'><strong>pos—</strong></span> 
     </span>
     <span class='ocr_line' id='line_1_57' title="bbox 44 2753 805 2806; baseline 0.001 -22"><span class='ocrx_word' id='word_1_364' title='bbox 44 2759 120 2784; x_wconf 86' lang='lat' dir='ltr'><strong>sunt</strong></span> <span class='ocrx_word' id='word_1_365' title='bbox 139 2753 257 2786; x_wconf 78' lang='lat' dir='ltr'><strong>idonea</strong></span> <span class='ocrx_word' id='word_1_366' title='bbox 281 2762 474 2806; x_wconf 82' lang='lat' dir='ltr'><strong>argumenta</strong></span> <span class='ocrx_word' id='word_1_367' title='bbox 498 2755 635 2795; x_wconf 83' lang='lat' dir='ltr'><strong>afferre,</strong></span> <span class='ocrx_word' id='word_1_368' title='bbox 673 2755 718 2786; x_wconf 90' lang='lat' dir='ltr'><strong>uti</strong></span> <span class='ocrx_word' id='word_1_369' title='bbox 745 2766 805 2786; x_wconf 80' lang='lat' dir='ltr'><strong>ex·-</strong></span> 
     </span>
     <span class='ocr_line' id='line_1_58' title="bbox 44 2797 806 2840; baseline 0.004 -12"><span class='ocrx_word' id='word_1_370' title='bbox 44 2797 147 2840; x_wconf 85' lang='lat' dir='ltr'><strong>plicat</strong></span> <span class='ocrx_word' id='word_1_371' title='bbox 165 2800 350 2832; x_wconf 81' lang='lat' dir='ltr'><strong>Ernestius</strong></span> <span class='ocrx_word' id='word_1_372' title='bbox 341 2812 372 2832; x_wconf 88' lang='lat' dir='ltr'><strong>m</strong></span> <span class='ocrx_word' id='word_1_373' title='bbox 401 2800 489 2832; x_wconf 85' lang='lat' dir='ltr'><strong>clav.</strong></span> <span class='ocrx_word' id='word_1_374' title='bbox 510 2801 543 2833; x_wconf 87' lang='lat' dir='ltr'><strong>h.</strong></span> <span class='ocrx_word' id='word_1_375' title='bbox 568 2812 598 2832; x_wconf 93' lang='lat' dir='ltr'><strong>v.</strong></span> <span class='ocrx_word' id='word_1_376' title='bbox 646 2799 700 2831; x_wconf 85' lang='lat' dir='ltr'><strong>Sic</strong></span> <span class='ocrx_word' id='word_1_377' title='bbox 720 2799 806 2833; x_wconf 86' lang='lat' dir='ltr'><strong>Tul-</strong></span> 
     </span>
     <span class='ocr_line' id='line_1_59' title="bbox 45 2842 806 2884; baseline 0.004 -11"><span class='ocrx_word' id='word_1_378' title='bbox 45 2842 108 2874; x_wconf 92' lang='lat' dir='ltr'><strong>lius</strong></span> <span class='ocrx_word' id='word_1_379' title='bbox 128 2843 280 2876; x_wconf 84' lang='lat' dir='ltr'><strong>Academ.</strong></span> <span class='ocrx_word' id='word_1_380' title='bbox 299 2845 340 2876; x_wconf 82' lang='grc' dir='ltr'><strong>ΙΙ.</strong></span> <span class='ocrx_word' id='word_1_381' title='bbox 362 2844 427 2884; x_wconf 86' lang='grc'><strong>38,</strong></span> <span class='ocrx_word' id='word_1_382' title='bbox 456 2845 537 2878; x_wconf 79' lang='lat'>121:</span> <span class='ocrx_word' id='word_1_383' title='bbox 567 2845 699 2877; x_wconf 88' lang='lat' dir='ltr'><strong>Somnia</strong></span> <span class='ocrx_word' id='word_1_384' title='bbox 725 2856 806 2876; x_wconf 89' lang='lat' dir='ltr'><strong>cen—</strong></span> 
     </span>
     <span class='ocr_line' id='line_1_60' title="bbox 45 2887 808 2929; baseline 0.004 -11"><span class='ocrx_word' id='word_1_385' title='bbox 45 2893 96 2919; x_wconf 88' lang='lat' dir='ltr'><strong>set</strong></span> <span class='ocrx_word' id='word_1_386' title='bbox 124 2887 206 2919; x_wconf 85' lang='lat' dir='ltr'><strong>haec</strong></span> <span class='ocrx_word' id='word_1_387' title='bbox 237 2899 307 2920; x_wconf 85' lang='lat' dir='ltr'><strong>esse</strong></span> <span class='ocrx_word' id='word_1_388' title='bbox 330 2890 513 2922; x_wconf 86' lang='lat' dir='ltr'><strong>Democriti</strong></span> <span class='ocrx_word' id='word_1_389' title='bbox 545 2902 612 2923; x_wconf 90' lang='lat' dir='ltr'><strong>non</strong></span> <span class='ocrx_word' id='word_1_390' title='bbox 646 2889 808 2929; x_wconf 84' lang='lat' dir='ltr'><strong>docentis,</strong></span> 
     </span>
     <span class='ocr_line' id='line_1_61' title="bbox 45 2931 809 2976; baseline 0.007 -14"><span class='ocrx_word' id='word_1_391' title='bbox 45 2931 105 2963; x_wconf 86' lang='lat' dir='ltr'><strong>sed</strong></span> <span class='ocrx_word' id='word_1_392' title='bbox 128 2935 271 2973; x_wconf 70' lang='lat' dir='ltr'><strong>optantis.</strong></span> <span class='ocrx_word' id='word_1_393' title='bbox 313 2933 355 2966; x_wconf 87' lang='lat' dir='ltr'><strong>de</strong></span> <span class='ocrx_word' id='word_1_394' title='bbox 376 2935 460 2967; x_wconf 89' lang='lat' dir='ltr'><strong>Fato</strong></span> <span class='ocrx_word' id='word_1_395' title='bbox 483 2947 511 2967; x_wconf 91' lang='lat' dir='ltr'><strong>c.</strong></span> <span class='ocrx_word' id='word_1_396' title='bbox 526 2935 581 2975; x_wconf 85' lang='lat'><strong>20,</strong></span> <span class='ocrx_word' id='word_1_397' title='bbox 606 2933 666 2969; x_wconf 82' lang='lat'><strong>47:</strong></span> <span class='ocrx_word' id='word_1_398' title='bbox 694 2937 809 2976; x_wconf 82' lang='lat' dir='ltr'><strong>Optare</strong></span> 
     </span>
     <span class='ocr_line' id='line_1_62' title="bbox 46 2976 809 3024; baseline 0.004 -16"><span class='ocrx_word' id='word_1_399' title='bbox 46 2976 112 3009; x_wconf 86' lang='lat' dir='ltr'><strong>hoc</strong></span> <span class='ocrx_word' id='word_1_400' title='bbox 147 2976 278 3019; x_wconf 87' lang='lat' dir='ltr'><strong>quidem</strong></span> <span class='ocrx_word' id='word_1_401' title='bbox 310 2984 381 3018; x_wconf 86' lang='lat' dir='ltr'><strong>est,</strong></span> <span class='ocrx_word' id='word_1_402' title='bbox 419 2991 485 3013; x_wconf 92' lang='lat' dir='ltr'><strong>non</strong></span> <span class='ocrx_word' id='word_1_403' title='bbox 519 2980 699 3024; x_wconf 81' lang='lat' dir='ltr'><strong>disputare.</strong></span> <span class='ocrx_word' id='word_1_404' title='bbox 753 2979 809 3012; x_wconf 91' lang='lat' dir='ltr'><strong>Sic</strong></span> 
     </span>
    </p>
   </div>
   <div class='ocr_carea' id='block_1_19' title="bbox 113 3030 300 3066">
    <p class='ocr_par' dir='ltr' id='par_1_25' title="bbox 113 3030 300 3066">
     <span class='ocr_line' id='line_1_63' title="bbox 113 3030 300 3066; baseline 0.011 -8"><span class='ocrx_word' id='word_1_405' title='bbox 113 3030 161 3059; x_wconf 78' lang='lat' dir='ltr'><strong>ed.</strong></span> <span class='ocrx_word' id='word_1_406' title='bbox 180 3035 300 3066; x_wconf 78' lang='lat' dir='ltr'><strong>quarta.</strong></span> 
     </span>
    </p>
   </div>
   <div class='ocr_carea' id='block_1_20' title="bbox 837 1537 1611 3021">
    <p class='ocr_par' dir='ltr' id='par_1_26' title="bbox 838 1537 1611 2165">
     <span class='ocr_line' id='line_1_64' title="bbox 843 1537 1611 1585; baseline 0.004 -12"><span class='ocrx_word' id='word_1_407' title='bbox 843 1540 963 1573; x_wconf 85' lang='lat' dir='ltr'><strong>Graeci</strong></span> <span class='ocrx_word' id='word_1_408' title='bbox 986 1541 1102 1573; x_wconf 88' lang='lat' dir='ltr'><strong>dicunt</strong></span> <span class='ocrx_word' id='word_1_409' title='bbox 1123 1537 1295 1585; x_wconf 61' lang='grc' dir='ltr'>εὕχεσξῒαι.</span> <span class='ocrx_word' id='word_1_410' title='bbox 1342 1544 1491 1574; x_wconf 74' lang='lat' dir='ltr'><strong>Davisius</strong></span> <span class='ocrx_word' id='word_1_411' title='bbox 1511 1542 1611 1576; x_wconf 83' lang='lat' dir='ltr'><strong>affert</strong></span> 
     </span>
     <span class='ocr_line' id='line_1_65' title="bbox 843 1586 1606 1651; baseline 0.004 -34"><span class='ocrx_word' id='word_1_412' title='bbox 843 1586 1478 1651; x_wconf 54' lang='grc' dir='ltr'><strong>80111.Ε111ρ11.ΡΥ1111011.ΗΗ11101.111.</strong></span> <span class='ocrx_word' id='word_1_413' title='bbox 1503 1588 1606 1621; x_wconf 84' lang='grc'>0.25.</span> 
     </span>
     <span class='ocr_line' id='line_1_66' title="bbox 843 1628 1608 1675; baseline 0.003 -10"><span class='ocrx_word' id='word_1_414' title='bbox 843 1628 1031 1675; x_wconf 78' lang='grc' dir='ltr'>ευχομένων</span> <span class='ocrx_word' id='word_1_415' title='bbox 1056 1631 1178 1674; x_wconf 68' lang='grc' dir='ltr'>μᾶὶλον</span> <span class='ocrx_word' id='word_1_416' title='bbox 1202 1645 1224 1675; x_wconf 81' lang='grc' dir='ltr'>η</span> <span class='ocrx_word' id='word_1_417' title='bbox 1250 1629 1279 1665; x_wconf 74' lang='grc' dir='ltr'><strong>τ’</strong></span> <span class='ocrx_word' id='word_1_418' title='bbox 1292 1630 1407 1675; x_wconf 62' lang='grc' dir='ltr'>α’ληὲῆ</span> <span class='ocrx_word' id='word_1_419' title='bbox 1432 1631 1608 1674; x_wconf 78' lang='grc' dir='ltr'>λεγόντων</span> 
     </span>
     <span class='ocr_line' id='line_1_67' title="bbox 843 1675 1606 1722; baseline 0.004 -14"><span class='ocrx_word' id='word_1_420' title='bbox 843 1677 939 1708; x_wconf 88' lang='lat' dir='ltr'><strong>Adde</strong></span> <span class='ocrx_word' id='word_1_421' title='bbox 957 1677 1042 1709; x_wconf 85' lang='lat' dir='ltr'><strong>Plat.</strong></span> <span class='ocrx_word' id='word_1_422' title='bbox 1064 1677 1144 1719; x_wconf 87' lang='lat' dir='ltr'><strong>Rep.</strong></span> <span class='ocrx_word' id='word_1_423' title='bbox 1157 1677 1197 1709; x_wconf 93' lang='lat' dir='ltr'><strong>V.</strong></span> <span class='ocrx_word' id='word_1_424' title='bbox 1218 1689 1251 1720; x_wconf 88' lang='lat' dir='ltr'><strong>p.</strong></span> <span class='ocrx_word' id='word_1_425' title='bbox 1268 1676 1345 1709; x_wconf 74' lang='lat'><strong>450.</strong></span> <span class='ocrx_word' id='word_1_426' title='bbox 1372 1678 1417 1708; x_wconf 90' lang='lat' dir='ltr'><strong>D:</strong></span> <span class='ocrx_word' id='word_1_427' title='bbox 1447 1676 1495 1720; x_wconf 72' lang='grc' dir='ltr'><strong>μή</strong></span> <span class='ocrx_word' id='word_1_428' title='bbox 1521 1675 1606 1722; x_wconf 57' lang='lat' dir='ltr'><strong>eum</strong></span> 
     </span>
     <span class='ocr_line' id='line_1_68' title="bbox 843 1719 1609 1797; baseline -0.001 -42"><span class='ocrx_word' id='word_1_429' title='bbox 843 1722 932 1765; x_wconf 68' lang='grc' dir='ltr'>δοκῇ</span> <span class='ocrx_word' id='word_1_430' title='bbox 957 1720 1040 1756; x_wconf 80' lang='grc' dir='ltr'>εἶναι</span> <span class='ocrx_word' id='word_1_431' title='bbox 1064 1734 1080 1755; x_wconf 92' lang='lat'><em>0</em></span> <span class='ocrx_word' id='word_1_432' title='bbox 1108 1719 1227 1797; x_wconf 73' lang='grc' dir='ltr'>λΕόγοςε</span> <span class='ocrx_word' id='word_1_433' title='bbox 1264 1722 1318 1753; x_wconf 90' lang='lat' dir='ltr'><strong>ubi</strong></span> <span class='ocrx_word' id='word_1_434' title='bbox 1348 1722 1441 1764; x_wconf 84' lang='lat' dir='ltr'><strong>phua</strong></span> <span class='ocrx_word' id='word_1_435' title='bbox 1466 1723 1609 1754; x_wconf 90' lang='lat' dir='ltr'><strong>contulit</strong></span> 
     </span>
     <span class='ocr_line' id='line_1_69' title="bbox 841 1766 1607 1799; baseline 0 -1"><span class='ocrx_word' id='word_1_436' title='bbox 841 1769 1080 1799; x_wconf 77' lang='lat' dir='ltr'><strong>Stallbaumius.</strong></span> <span class='ocrx_word' id='word_1_437' title='bbox 1113 1766 1237 1797; x_wconf 67' lang='lat' dir='ltr'><strong>Eidem</strong></span> <span class='ocrx_word' id='word_1_438' title='bbox 1257 1773 1439 1798; x_wconf 77' lang='lat' dir='ltr'><strong>structurae</strong></span> <span class='ocrx_word' id='word_1_439' title='bbox 1459 1767 1545 1799; x_wconf 87' lang='lat' dir='ltr'><strong>ratio</strong></span> <span class='ocrx_word' id='word_1_440' title='bbox 1568 1767 1607 1799; x_wconf 89' lang='lat' dir='ltr'><strong>N.</strong></span> 
     </span>
     <span class='ocr_line' id='line_1_70' title="bbox 844 1811 1606 1854; baseline 0.001 -12"><span class='ocrx_word' id='word_1_441' title='bbox 844 1813 883 1843; x_wconf 90' lang='lat' dir='ltr'><strong>D.</strong></span> <span class='ocrx_word' id='word_1_442' title='bbox 906 1813 931 1850; x_wconf 78' lang='grc' dir='ltr'><strong>Ι,</strong></span> <span class='ocrx_word' id='word_1_443' title='bbox 955 1812 1017 1844; x_wconf 80' lang='grc'><strong>32;</strong></span> <span class='ocrx_word' id='word_1_444' title='bbox 1045 1811 1266 1854; x_wconf 78' lang='lat' dir='ltr'><strong>Piaeeipitare</strong></span> <span class='ocrx_word' id='word_1_445' title='bbox 1289 1811 1374 1843; x_wconf 84' lang='lat' dir='ltr'><strong>istuc</strong></span> <span class='ocrx_word' id='word_1_446' title='bbox 1395 1811 1526 1854; x_wconf 88' lang='lat' dir='ltr'><strong>quidem</strong></span> <span class='ocrx_word' id='word_1_447' title='bbox 1545 1818 1606 1851; x_wconf 88' lang='lat' dir='ltr'><strong>est,</strong></span> 
     </span>
     <span class='ocr_line' id='line_1_71' title="bbox 841 1856 1607 1894; baseline 0.001 -7"><span class='ocrx_word' id='word_1_448' title='bbox 841 1868 908 1887; x_wconf 87' lang='lat' dir='ltr'><strong>non</strong></span> <span class='ocrx_word' id='word_1_449' title='bbox 933 1856 1146 1888; x_wconf 86' lang='lat' dir='ltr'><strong>descendere.</strong></span> <span class='ocrx_word' id='word_1_450' title='bbox 1196 1856 1291 1887; x_wconf 81' lang='lat' dir='ltr'><strong>Offic.</strong></span> <span class='ocrx_word' id='word_1_451' title='bbox 1320 1858 1342 1887; x_wconf 91' lang='grc'><strong>1.</strong></span> <span class='ocrx_word' id='word_1_452' title='bbox 1374 1857 1422 1894; x_wconf 81' lang='grc'><strong>10,</strong></span> <span class='ocrx_word' id='word_1_453' title='bbox 1448 1856 1510 1889; x_wconf 78' lang='lat'>33:</span> <span class='ocrx_word' id='word_1_454' title='bbox 1539 1858 1607 1888; x_wconf 84' lang='lat' dir='ltr'><strong>De-</strong></span> 
     </span>
     <span class='ocr_line' id='line_1_72' title="bbox 842 1900 1605 1943; baseline 0.001 -11"><span class='ocrx_word' id='word_1_455' title='bbox 842 1901 952 1943; x_wconf 87' lang='lat' dir='ltr'><strong>cipere</strong></span> <span class='ocrx_word' id='word_1_456' title='bbox 985 1900 1050 1932; x_wconf 87' lang='lat' dir='ltr'><strong>hoc</strong></span> <span class='ocrx_word' id='word_1_457' title='bbox 1083 1901 1216 1943; x_wconf 86' lang='lat' dir='ltr'><strong>quidem</strong></span> <span class='ocrx_word' id='word_1_458' title='bbox 1243 1908 1312 1939; x_wconf 80' lang='lat' dir='ltr'><strong>est,</strong></span> <span class='ocrx_word' id='word_1_459' title='bbox 1350 1912 1416 1932; x_wconf 89' lang='lat' dir='ltr'><strong>non</strong></span> <span class='ocrx_word' id='word_1_460' title='bbox 1441 1900 1605 1933; x_wconf 86' lang='lat' dir='ltr'><strong>iudicare:</strong></span> 
     </span>
     <span class='ocr_line' id='line_1_73' title="bbox 842 1945 1608 1989; baseline 0.003 -13"><span class='ocrx_word' id='word_1_461' title='bbox 842 1945 894 1977; x_wconf 86' lang='lat' dir='ltr'><strong>ubi</strong></span> <span class='ocrx_word' id='word_1_462' title='bbox 914 1958 943 1977; x_wconf 83' lang='lat' dir='ltr'><strong>v.</strong></span> <span class='ocrx_word' id='word_1_463' title='bbox 956 1948 1054 1977; x_wconf 87' lang='lat' dir='ltr'><strong>Beier.</strong></span> <span class='ocrx_word' id='word_1_464' title='bbox 1075 1957 1107 1988; x_wconf 91' lang='lat' dir='ltr'><strong>p.</strong></span> <span class='ocrx_word' id='word_1_465' title='bbox 1122 1945 1183 1979; x_wconf 82' lang='lat'><strong>78:</strong></span> <span class='ocrx_word' id='word_1_466' title='bbox 1211 1945 1265 1988; x_wconf 89' lang='lat' dir='ltr'><strong>qui</strong></span> <span class='ocrx_word' id='word_1_467' title='bbox 1284 1951 1374 1977; x_wconf 84' lang='lat' dir='ltr'><strong>recte</strong></span> <span class='ocrx_word' id='word_1_468' title='bbox 1395 1945 1504 1985; x_wconf 86' lang='lat' dir='ltr'><strong>docet,</strong></span> <span class='ocrx_word' id='word_1_469' title='bbox 1527 1958 1608 1989; x_wconf 87' lang='lat' dir='ltr'><strong>par-</strong></span> 
     </span>
     <span class='ocr_line' id='line_1_74' title="bbox 838 1989 1608 2033; baseline 0.001 -11"><span class='ocrx_word' id='word_1_470' title='bbox 838 1990 972 2022; x_wconf 85' lang='lat' dir='ltr'><strong>ticulam</strong></span> <span class='ocrx_word' id='word_1_471' title='bbox 1003 1992 1128 2030; x_wconf 84' lang='lat' dir='ltr'><strong>quidem</strong></span> <span class='ocrx_word' id='word_1_472' title='bbox 1158 1990 1191 2021; x_wconf 90' lang='lat' dir='ltr'><strong>in</strong></span> <span class='ocrx_word' id='word_1_473' title='bbox 1224 1990 1274 2021; x_wconf 86' lang='lat' dir='ltr'><strong>his</strong></span> <span class='ocrx_word' id='word_1_474' title='bbox 1306 1989 1386 2022; x_wconf 87' lang='lat' dir='ltr'><strong>locis</strong></span> <span class='ocrx_word' id='word_1_475' title='bbox 1418 1989 1608 2033; x_wconf 85' lang='lat' dir='ltr'><strong>pronomini</strong></span> 
     </span>
     <span class='ocr_line' id='line_1_75' title="bbox 840 2034 1607 2078; baseline 0.003 -12"><span class='ocrx_word' id='word_1_476' title='bbox 840 2034 1074 2078; x_wconf 83' lang='lat' dir='ltr'><strong>distinguendo</strong></span> <span class='ocrx_word' id='word_1_477' title='bbox 1109 2034 1207 2074; x_wconf 87' lang='lat' dir='ltr'><strong>addi,</strong></span> <span class='ocrx_word' id='word_1_478' title='bbox 1244 2041 1280 2066; x_wconf 90' lang='lat' dir='ltr'><strong>ut</strong></span> <span class='ocrx_word' id='word_1_479' title='bbox 1303 2035 1431 2067; x_wconf 88' lang='lat' dir='ltr'><strong>valeat:</strong></span> <span class='ocrx_word' id='word_1_480' title='bbox 1470 2038 1498 2068; x_wconf 86' lang='lat' dir='ltr'><strong>si</strong></span> <span class='ocrx_word' id='word_1_481' title='bbox 1530 2037 1607 2076; x_wconf 80' lang='lat' dir='ltr'><strong>quid.</strong></span> 
     </span>
     <span class='ocr_line' id='line_1_76' title="bbox 839 2080 1606 2120; baseline 0.001 -9"><span class='ocrx_word' id='word_1_482' title='bbox 839 2082 947 2120; x_wconf 80' lang='lat' dir='ltr'><strong>aliud,</strong></span> <span class='ocrx_word' id='word_1_483' title='bbox 982 2082 1120 2120; x_wconf 73' lang='lat' dir='ltr'><strong>profecto</strong></span> <span class='ocrx_word' id='word_1_484' title='bbox 1150 2082 1217 2112; x_wconf 86' lang='lat' dir='ltr'><strong>hoc.</strong></span> <span class='ocrx_word' id='word_1_485' title='bbox 1266 2080 1317 2112; x_wconf 86' lang='lat' dir='ltr'><strong>Cf.</strong></span> <span class='ocrx_word' id='word_1_486' title='bbox 1354 2080 1475 2112; x_wconf 86' lang='lat' dir='ltr'><strong>Adnot.</strong></span> <span class='ocrx_word' id='word_1_487' title='bbox 1511 2080 1555 2112; x_wconf 89' lang='lat' dir='ltr'><strong>ad</strong></span> <span class='ocrx_word' id='word_1_488' title='bbox 1579 2082 1606 2112; x_wconf 88' lang='grc' dir='ltr'><strong>Ι.</strong></span> 
     </span>
     <span class='ocr_line' id='line_1_77' title="bbox 840 2124 1413 2165; baseline 0 -8"><span class='ocrx_word' id='word_1_489' title='bbox 840 2126 904 2165; x_wconf 83' lang='grc'>25,</span> <span class='ocrx_word' id='word_1_490' title='bbox 930 2125 989 2158; x_wconf 75' lang='lat'><strong>61:</strong></span> <span class='ocrx_word' id='word_1_491' title='bbox 1015 2124 1193 2156; x_wconf 83' lang='lat' dir='ltr'><strong>absurdum</strong></span> <span class='ocrx_word' id='word_1_492' title='bbox 1220 2124 1255 2156; x_wconf 88' lang='lat' dir='ltr'><strong>id</strong></span> <span class='ocrx_word' id='word_1_493' title='bbox 1278 2127 1413 2165; x_wconf 78' lang='lat' dir='ltr'><strong>quidem.</strong></span> 
     </span>
    </p>

    <p class='ocr_par' dir='ltr' id='par_1_27' title="bbox 837 2170 1605 2752">
     <span class='ocr_line' id='line_1_78' title="bbox 908 2170 1603 2213; baseline -0.001 -11"><span class='ocrx_word' id='word_1_494' title='bbox 908 2172 974 2202; x_wconf 87' lang='lat' dir='ltr'><strong>Hoc</strong></span> <span class='ocrx_word' id='word_1_495' title='bbox 991 2170 1104 2213; x_wconf 74' lang='lat' dir='ltr'><strong>posito]</strong></span> <span class='ocrx_word' id='word_1_496' title='bbox 1130 2170 1302 2201; x_wconf 88' lang='lat' dir='ltr'><strong>Sententia</strong></span> <span class='ocrx_word' id='word_1_497' title='bbox 1321 2170 1603 2203; x_wconf 68' lang='grc' dir='ltr'><strong>0511130οι0οη-</strong></span> 
     </span>
     <span class='ocr_line' id='line_1_79' title="bbox 840 2215 1604 2258; baseline -0.001 -11"><span class='ocrx_word' id='word_1_498' title='bbox 840 2215 1012 2254; x_wconf 80' lang='lat' dir='ltr'><strong>cedamuS,</strong></span> <span class='ocrx_word' id='word_1_499' title='bbox 1042 2215 1129 2247; x_wconf 88' lang='lat' dir='ltr'><strong>bona</strong></span> <span class='ocrx_word' id='word_1_500' title='bbox 1154 2215 1303 2258; x_wconf 84' lang='lat' dir='ltr'><strong>corporis</strong></span> <span class='ocrx_word' id='word_1_501' title='bbox 1329 2215 1581 2258; x_wconf 82' lang='lat' dir='ltr'><strong>fortunaeque&#39;</strong></span> <span class='ocrx_word' id='word_1_502' title='bbox 1572 2227 1604 2247; x_wconf 86' lang='lat' dir='ltr'><strong>m</strong></span> 
     </span>
     <span class='ocr_line' id='line_1_80' title="bbox 838 2259 1603 2298; baseline -0.003 -6"><span class='ocrx_word' id='word_1_503' title='bbox 838 2260 934 2292; x_wconf 88' lang='lat' dir='ltr'><strong>bonis</strong></span> <span class='ocrx_word' id='word_1_504' title='bbox 959 2259 1056 2298; x_wconf 86' lang='lat' dir='ltr'><strong>duci;</strong></span> <span class='ocrx_word' id='word_1_505' title='bbox 1091 2266 1126 2291; x_wconf 87' lang='lat' dir='ltr'><strong>at</strong></span> <span class='ocrx_word' id='word_1_506' title='bbox 1153 2259 1299 2291; x_wconf 90' lang='lat' dir='ltr'><strong>omnium</strong></span> <span class='ocrx_word' id='word_1_507' title='bbox 1324 2260 1487 2291; x_wconf 88' lang='lat' dir='ltr'><strong>bonorum</strong></span> <span class='ocrx_word' id='word_1_508' title='bbox 1512 2271 1603 2291; x_wconf 81' lang='lat' dir='ltr'><strong>sum·</strong></span> 
     </span>
     <span class='ocr_line' id='line_1_81' title="bbox 839 2304 1605 2347; baseline -0.003 -10"><span class='ocrx_word' id='word_1_509' title='bbox 839 2317 927 2337; x_wconf 91' lang='lat' dir='ltr'><strong>mum</strong></span> <span class='ocrx_word' id='word_1_510' title='bbox 953 2312 1002 2337; x_wconf 90' lang='lat' dir='ltr'><strong>est</strong></span> <span class='ocrx_word' id='word_1_511' title='bbox 1027 2305 1225 2343; x_wconf 83' lang='lat' dir='ltr'><strong>honestum,</strong></span> <span class='ocrx_word' id='word_1_512' title='bbox 1253 2311 1287 2335; x_wconf 86' lang='lat' dir='ltr'><strong>et</strong></span> <span class='ocrx_word' id='word_1_513' title='bbox 1309 2304 1356 2335; x_wconf 85' lang='lat' dir='ltr'><strong>ita</strong></span> <span class='ocrx_word' id='word_1_514' title='bbox 1381 2304 1533 2347; x_wconf 86' lang='lat' dir='ltr'><strong>quidem,</strong></span> <span class='ocrx_word' id='word_1_515' title='bbox 1567 2311 1605 2336; x_wconf 86' lang='lat' dir='ltr'><strong>ut</strong></span> 
     </span>
     <span class='ocr_line' id='line_1_82' title="bbox 839 2349 1603 2391; baseline -0.001 -9"><span class='ocrx_word' id='word_1_516' title='bbox 839 2357 947 2382; x_wconf 78' lang='lat' dir='ltr'><strong>cetera</strong></span> <span class='ocrx_word' id='word_1_517' title='bbox 973 2349 1102 2387; x_wconf 78' lang='lat' dir='ltr'><strong>omnia,</strong></span> <span class='ocrx_word' id='word_1_518' title='bbox 1137 2355 1328 2391; x_wconf 85' lang='lat' dir='ltr'><strong>comparata</strong></span> <span class='ocrx_word' id='word_1_519' title='bbox 1353 2360 1426 2380; x_wconf 89' lang='lat' dir='ltr'><strong>cum</strong></span> <span class='ocrx_word' id='word_1_520' title='bbox 1449 2349 1603 2388; x_wconf 84' lang='lat' dir='ltr'><strong>honesto,</strong></span> 
     </span>
     <span class='ocr_line' id='line_1_83' title="bbox 838 2393 1605 2438; baseline -0.001 -11"><span class='ocrx_word' id='word_1_521' title='bbox 838 2395 1015 2438; x_wconf 82' lang='lat' dir='ltr'><strong>perexigua</strong></span> <span class='ocrx_word' id='word_1_522' title='bbox 1045 2394 1232 2426; x_wconf 86' lang='lat' dir='ltr'><strong>videantur.</strong></span> <span class='ocrx_word' id='word_1_523' title='bbox 1278 2393 1402 2425; x_wconf 89' lang='lat' dir='ltr'><strong>Eadem</strong></span> <span class='ocrx_word' id='word_1_524' title='bbox 1435 2394 1521 2426; x_wconf 87' lang='lat' dir='ltr'><strong>ratio</strong></span> <span class='ocrx_word' id='word_1_525' title='bbox 1555 2401 1605 2426; x_wconf 87' lang='lat' dir='ltr'><strong>est</strong></span> 
     </span>
     <span class='ocr_line' id='line_1_84' title="bbox 838 2438 1603 2477; baseline -0.003 -5"><span class='ocrx_word' id='word_1_526' title='bbox 838 2440 1010 2472; x_wconf 88' lang='lat' dir='ltr'><strong>malorum.</strong></span> <span class='ocrx_word' id='word_1_527' title='bbox 1047 2438 1285 2477; x_wconf 82' lang='lat' dir='ltr'><strong>concedamus,</strong></span> <span class='ocrx_word' id='word_1_528' title='bbox 1308 2438 1459 2470; x_wconf 88' lang='lat' dir='ltr'><strong>dolorem</strong></span> <span class='ocrx_word' id='word_1_529' title='bbox 1482 2439 1603 2471; x_wconf 84' lang='lat' dir='ltr'><strong>malum</strong></span> 
     </span>
     <span class='ocr_line' id='line_1_85' title="bbox 839 2483 1604 2521; baseline -0.001 -4"><span class='ocrx_word' id='word_1_530' title='bbox 839 2497 927 2521; x_wconf 89' lang='lat' dir='ltr'><strong>esse;</strong></span> <span class='ocrx_word' id='word_1_531' title='bbox 964 2491 998 2516; x_wconf 91' lang='lat' dir='ltr'><strong>at</strong></span> <span class='ocrx_word' id='word_1_532' title='bbox 1022 2483 1168 2515; x_wconf 90' lang='lat' dir='ltr'><strong>omnium</strong></span> <span class='ocrx_word' id='word_1_533' title='bbox 1188 2483 1350 2515; x_wconf 86' lang='lat' dir='ltr'><strong>malorum</strong></span> <span class='ocrx_word' id='word_1_534' title='bbox 1371 2495 1533 2515; x_wconf 91' lang='lat' dir='ltr'><strong>summum</strong></span> <span class='ocrx_word' id='word_1_535' title='bbox 1554 2490 1604 2516; x_wconf 86' lang='lat' dir='ltr'><strong>est</strong></span> 
     </span>
     <span class='ocr_line' id='line_1_86' title="bbox 837 2508 1604 2572; baseline -0.001 -10"><span class='ocrx_word' id='word_1_536' title='bbox 837 2508 1029 2572; x_wconf 87' lang='lat' dir='ltr'><strong>turpitudo,</strong></span> <span class='ocrx_word' id='word_1_537' title='bbox 1079 2535 1112 2559; x_wconf 85' lang='lat' dir='ltr'><strong>et</strong></span> <span class='ocrx_word' id='word_1_538' title='bbox 1144 2527 1190 2559; x_wconf 83' lang='lat' dir='ltr'><strong>ita</strong></span> <span class='ocrx_word' id='word_1_539' title='bbox 1222 2528 1376 2572; x_wconf 88' lang='lat' dir='ltr'><strong>quidem,</strong></span> <span class='ocrx_word' id='word_1_540' title='bbox 1424 2535 1460 2560; x_wconf 91' lang='lat' dir='ltr'><strong>ut</strong></span> <span class='ocrx_word' id='word_1_541' title='bbox 1491 2535 1604 2562; x_wconf 78' lang='lat' dir='ltr'><strong>ceteia</strong></span> 
     </span>
     <span class='ocr_line' id='line_1_87' title="bbox 840 2573 1603 2617; baseline 0 -11"><span class='ocrx_word' id='word_1_542' title='bbox 840 2574 968 2611; x_wconf 87' lang='lat' dir='ltr'><strong>omnia,</strong></span> <span class='ocrx_word' id='word_1_543' title='bbox 995 2584 1078 2616; x_wconf 86' lang='lat' dir='ltr'><strong>quae</strong></span> <span class='ocrx_word' id='word_1_544' title='bbox 1099 2573 1184 2605; x_wconf 86' lang='lat' dir='ltr'><strong>mala</strong></span> <span class='ocrx_word' id='word_1_545' title='bbox 1202 2573 1385 2612; x_wconf 88' lang='lat' dir='ltr'><strong>habentur,</strong></span> <span class='ocrx_word' id='word_1_546' title='bbox 1412 2580 1603 2617; x_wconf 87' lang='lat' dir='ltr'><strong>comparata</strong></span> 
     </span>
     <span class='ocr_line' id='line_1_88' title="bbox 841 2617 1600 2661; baseline 0 -10"><span class='ocrx_word' id='word_1_547' title='bbox 841 2631 913 2651; x_wconf 89' lang='lat' dir='ltr'><strong>cum</strong></span> <span class='ocrx_word' id='word_1_548' title='bbox 946 2617 1172 2661; x_wconf 81' lang='lat' dir='ltr'><strong>tuipitudine,</strong></span> <span class='ocrx_word' id='word_1_549' title='bbox 1207 2618 1385 2661; x_wconf 80' lang='lat' dir='ltr'><strong>perexigua</strong></span> <span class='ocrx_word' id='word_1_550' title='bbox 1415 2619 1600 2651; x_wconf 85' lang='lat' dir='ltr'><strong>videantur.</strong></span> 
     </span>
     <span class='ocr_line' id='line_1_89' title="bbox 841 2662 1602 2707; baseline 0.001 -12"><span class='ocrx_word' id='word_1_551' title='bbox 841 2664 895 2696; x_wconf 88' lang='lat' dir='ltr'><strong>Sic</strong></span> <span class='ocrx_word' id='word_1_552' title='bbox 916 2662 1096 2694; x_wconf 88' lang='lat' dir='ltr'><strong>dolorem</strong></span> <span class='ocrx_word' id='word_1_553' title='bbox 1086 2674 1119 2694; x_wconf 87' lang='grc'><strong>111</strong></span> <span class='ocrx_word' id='word_1_554' title='bbox 1143 2663 1236 2695; x_wconf 87' lang='lat' dir='ltr'><strong>malis</strong></span> <span class='ocrx_word' id='word_1_555' title='bbox 1259 2674 1440 2707; x_wconf 86' lang='lat' dir='ltr'><strong>ponamus·</strong></span> <span class='ocrx_word' id='word_1_556' title='bbox 1434 2688 1441 2702; x_wconf 89' lang='lat'>‚</span> <span class='ocrx_word' id='word_1_557' title='bbox 1467 2670 1501 2696; x_wconf 89' lang='lat' dir='ltr'><strong>at</strong></span> <span class='ocrx_word' id='word_1_558' title='bbox 1522 2676 1602 2707; x_wconf 82' lang='lat' dir='ltr'><strong>prae</strong></span> 
     </span>
     <span class='ocr_line' id='line_1_90' title="bbox 839 2707 1491 2752; baseline 0.002 -12"><span class='ocrx_word' id='word_1_559' title='bbox 839 2707 1052 2752; x_wconf 86' lang='lat' dir='ltr'><strong>turpitudinis</strong></span> <span class='ocrx_word' id='word_1_560' title='bbox 1076 2708 1163 2740; x_wconf 90' lang='lat' dir='ltr'><strong>malo</strong></span> <span class='ocrx_word' id='word_1_561' title='bbox 1190 2709 1289 2751; x_wconf 87' lang='lat' dir='ltr'><strong>plane</strong></span> <span class='ocrx_word' id='word_1_562' title='bbox 1313 2709 1491 2741; x_wconf 89' lang='lat' dir='ltr'><strong>evanescit.</strong></span> 
     </span>
    </p>

    <p class='ocr_par' dir='ltr' id='par_1_28' title="bbox 841 2753 1604 3021">
     <span class='ocr_line' id='line_1_91' title="bbox 908 2753 1603 2797; baseline 0 -12"><span class='ocrx_word' id='word_1_563' title='bbox 908 2753 1024 2797; x_wconf 78' lang='lat' dir='ltr'><strong>tamen]</strong></span> <span class='ocrx_word' id='word_1_564' title='bbox 1054 2753 1210 2786; x_wconf 83' lang='lat' dir='ltr'><strong>Refertur</strong></span> <span class='ocrx_word' id='word_1_565' title='bbox 1231 2753 1274 2786; x_wconf 86' lang='lat' dir='ltr'><strong>ad</strong></span> <span class='ocrx_word' id='word_1_566' title='bbox 1295 2754 1494 2786; x_wconf 86' lang='lat' dir='ltr'><strong>sententiam</strong></span> <span class='ocrx_word' id='word_1_567' title='bbox 1519 2765 1603 2785; x_wconf 91' lang='lat' dir='ltr'><strong>con-</strong></span> 
     </span>
     <span class='ocr_line' id='line_1_92' title="bbox 842 2798 1601 2842; baseline -0.001 -12"><span class='ocrx_word' id='word_1_568' title='bbox 842 2798 1019 2841; x_wconf 86' lang='lat' dir='ltr'><strong>cessivam,</strong></span> <span class='ocrx_word' id='word_1_569' title='bbox 1043 2809 1126 2842; x_wconf 88' lang='lat' dir='ltr'><strong>quae</strong></span> <span class='ocrx_word' id='word_1_570' title='bbox 1148 2798 1181 2830; x_wconf 86' lang='lat' dir='ltr'><strong>in</strong></span> <span class='ocrx_word' id='word_1_571' title='bbox 1201 2799 1473 2831; x_wconf 82' lang='lat' dir='ltr'><strong>antecedentibus</strong></span> <span class='ocrx_word' id='word_1_572' title='bbox 1496 2798 1601 2841; x_wconf 86' lang='lat' dir='ltr'><strong>parti-</strong></span> 
     </span>
     <span class='ocr_line' id='line_1_93' title="bbox 842 2843 1602 2893; baseline 0 -19"><span class='ocrx_word' id='word_1_573' title='bbox 842 2843 933 2886; x_wconf 87' lang='lat' dir='ltr'><strong>cipiis</strong></span> <span class='ocrx_word' id='word_1_574' title='bbox 963 2843 1054 2875; x_wconf 86' lang='lat' dir='ltr'><strong>latet.</strong></span> <span class='ocrx_word' id='word_1_575' title='bbox 1104 2843 1155 2876; x_wconf 86' lang='lat' dir='ltr'><strong>Cf.</strong></span> <span class='ocrx_word' id='word_1_576' title='bbox 1179 2843 1222 2875; x_wconf 89' lang='lat' dir='ltr'><strong>ad</strong></span> <span class='ocrx_word' id='word_1_577' title='bbox 1243 2844 1334 2876; x_wconf 88' lang='lat' dir='ltr'><strong>Fam.</strong></span> <span class='ocrx_word' id='word_1_578' title='bbox 1355 2846 1421 2882; x_wconf 89' lang='lat' dir='ltr'><strong>Vl,</strong></span> <span class='ocrx_word' id='word_1_579' title='bbox 1449 2844 1484 2876; x_wconf 92' lang='lat'><strong>1:</strong></span> <span class='ocrx_word' id='word_1_580' title='bbox 1522 2854 1602 2893; x_wconf 85' lang='lat' dir='ltr'><strong>per·-</strong></span> 
     </span>
     <span class='ocr_line' id='line_1_94' title="bbox 842 2887 1602 2939; baseline -0.003 -19"><span class='ocrx_word' id='word_1_581' title='bbox 842 2888 918 2920; x_wconf 88' lang='lat' dir='ltr'><strong>ditis</strong></span> <span class='ocrx_word' id='word_1_582' title='bbox 939 2888 1035 2920; x_wconf 86' lang='lat' dir='ltr'><strong>rebus</strong></span> <span class='ocrx_word' id='word_1_583' title='bbox 1058 2889 1229 2929; x_wconf 81' lang='lat' dir='ltr'><strong>omnibus,</strong></span> <span class='ocrx_word' id='word_1_584' title='bbox 1264 2896 1373 2921; x_wconf 88' lang='lat' dir='ltr'><strong>tamen</strong></span> <span class='ocrx_word' id='word_1_585' title='bbox 1404 2889 1474 2939; x_wconf 82' lang='lat' dir='ltr'><strong>ipsa</strong></span> <span class='ocrx_word' id='word_1_586' title='bbox 1498 2887 1602 2919; x_wconf 82' lang='lat' dir='ltr'><strong>virtus</strong></span> 
     </span>
     <span class='ocr_line' id='line_1_95' title="bbox 841 2931 1603 2976; baseline 0 -11"><span class='ocrx_word' id='word_1_587' title='bbox 841 2945 877 2966; x_wconf 89' lang='lat' dir='ltr'><strong>se</strong></span> <span class='ocrx_word' id='word_1_588' title='bbox 897 2940 1081 2965; x_wconf 87' lang='lat' dir='ltr'><strong>sustentare</strong></span> <span class='ocrx_word' id='word_1_589' title='bbox 1107 2940 1231 2976; x_wconf 89' lang='lat' dir='ltr'><strong>potest.</strong></span> <span class='ocrx_word' id='word_1_590' title='bbox 1277 2932 1462 2976; x_wconf 82' lang='lat' dir='ltr'><strong>Participiis</strong></span> <span class='ocrx_word' id='word_1_591' title='bbox 1486 2932 1549 2964; x_wconf 86' lang='lat' dir='ltr'><strong>hac</strong></span> <span class='ocrx_word' id='word_1_592' title='bbox 1569 2931 1603 2965; x_wconf 79' lang='lat' dir='ltr'><strong>vi</strong></span> 
     </span>
     <span class='ocr_line' id='line_1_96' title="bbox 841 2977 1604 3021; baseline -0.001 -11"><span class='ocrx_word' id='word_1_593' title='bbox 841 2978 1009 3011; x_wconf 86' lang='lat' dir='ltr'><strong>instructis</strong></span> <span class='ocrx_word' id='word_1_594' title='bbox 1045 2979 1241 3021; x_wconf 84' lang='lat' dir='ltr'><strong>posterioris</strong></span> <span class='ocrx_word' id='word_1_595' title='bbox 1277 2978 1394 3010; x_wconf 83' lang='lat' dir='ltr'><strong>aetatis</strong></span> <span class='ocrx_word' id='word_1_596' title='bbox 1426 2977 1604 3021; x_wconf 83' lang='lat' dir='ltr'><strong>scriptores</strong></span> 
     </span>
    </p>
   </div>
   <div class='ocr_carea' id='block_1_21' title="bbox 1289 3029 1335 3063">
    <p class='ocr_par' dir='ltr' id='par_1_29' title="bbox 1289 3029 1335 3063">
     <span class='ocr_line' id='line_1_97' title="bbox 1289 3029 1335 3063; baseline 0.022 -1"><span class='ocrx_word' id='word_1_597' title='bbox 1289 3029 1335 3063; x_wconf 68' lang='lat'><strong>1¹4</strong></span> 
     </span>
    </p>
   </div>
  </div>
 </body>
</html>
