1863 3221
235 107 316 150 482

282 196 464 241 liquefacto
499 195 532 227 in
566 206 601 227 os
632 193 743 225 infuso
767 199 923 232 necatus,
956 199 993 224 ut

283 242 386 275 tradit
398 240 537 284 Appian.
550 238 626 271 bell.
641 237 754 269 Mithr.
773 249 806 280 p.
818 236 895 270 316.
929 237 993 269 Alii

282 287 378 319 aliter
395 286 540 323 tradunt,
564 289 601 314 ut
623 282 760 314 Diodor.
783 282 817 314 in
839 283 991 325 Excerpt.

283 332 423 365 Peiresc.
446 342 477 372 p.
489 328 564 361 401.
601 327 718 359 Vellei.
742 328 869 359 Patere.
889 328 922 368 2,
942 330 991 362 l&-

288 377 337 409 Cf.
363 376 492 408 Erneslii
518 373 605 404 Clav.
639 373 680 411 5,
708 370 758 404 14.

240 424 401 465 Aquinius,
425 418 526 450 malus
544 423 655 461 poeta,
677 417 842 449 Ciceronis
862 417 993 449 amicus.

285 468 326 504 5,
350 465 412 498 63:
438 463 492 495 ubi
516 476 547 494 v.
572 462 658 494 Adn.

243 510 422 549 Arcesilas,
457 520 495 539 ex
524 507 657 545 Pitane,
683 507 815 539 Aeolica
850 506 992 546 civitate,

286 562 394 592 ortuS‚
428 552 615 585 Polemonis
647 551 845 595 discipulus,
882 559 996 584 auctor

282 610 389 632 novae
412 597 608 630 Academiae
633 598 674 641 (c.
690 609 718 629 a.
737 598 812 630 300.
839 609 867 631 a.
891 597 995 640 Chr.)‚

285 644 365 677 nihil
407 642 480 675 sciri
516 654 634 686 posse,
677 654 718 674 ne
749 642 830 673 illud
864 642 995 685 quidem

284 691 400 733 ipsum,
423 687 512 732 quod
536 687 616 720 nihil
635 687 744 725 sciret,
762 688 877 719 statuit
898 687 995 719 ideo—

285 747 347 779 que
370 734 411 765 de
439 733 588 765 omnibus
612 732 787 764 dubitavit.
834 733 929 765 Plura
954 732 996 764 de

284 780 351 813 eius
372 777 628 822 philosophandi
642 777 773 809 ratione
789 778 995 820 exposuimus

284 826 316 857 in
338 825 423 856 libro
444 823 477 855 d.
499 825 536 855 de
552 825 705 855 Ciceronis
726 825 759 855 in
775 825 885 863 philos.
898 826 996 855 merit.

284 883 316 913 p.
333 870 391 902 151
406 889 450 894 -
468 869 539 901 155.

242 916 417 948 ΑΓοὴεΖᾶιιε.
440 913 471 953 a)
494 912 575 944 filius
588 911 763 944 Perdiccae
778 912 924 950 secundi,
940 924 997 944 rex

285 959 502 991 Macedonum
528 956 747 1001 (413-399.
760 969 787 989 a.
805 957 909 996 chin),
931 957 997 988 bo·-

285 1015 399 1036 narum
421 1003 603 1034 litterarum
633 1001 807 1033 studiosus.
859 1003 907 1033 De
931 1002 997 1033 eius

284 1050 379 1081 rebus
401 1048 500 1090 gestis
523 1046 588 1078 vid.
613 1047 716 1078 Thac.
745 1048 776 1086 ¹2,
804 1047 873 1078 100.
900 1066 937 1070 —
965 1048 998 1087 5,

285 1092 339 1127 54.
360 1094 413 1126 35.
440 1112 481 1118 —
516 1092 550 1133 b)
578 1091 742 1130 Milesius,
768 1091 996 1134 philosophus,

286 1138 462 1181 discipulus
482 1140 705 1179 Anaxagorae,
731 1136 852 1168 doctor
876 1139 998 1168 Socra—

285 1183 348 1222 tis,
373 1183 527 1226 physicus
552 1181 747 1224 appellatus.
788 1183 828 1220 5,
857 1182 906 1213 10.

243 1231 458 1268 Archilochus,
494 1234 593 1270 poeta
627 1228 791 1264 Graecus,
826 1238 866 1257 ex
895 1225 999 1257 insula

288 1275 372 1306 Paro
396 1272 574 1311 oriundus,
610 1271 762 1303 carminis
791 1271 921 1302 iambici
944 1271 999 1302 in—

287 1326 418 1351 ventor.
452 1319 569 1349 Horat.
589 1320 626 1349 A.
643 1318 676 1348 P.
691 1316 743 1350 79.
771 1317 821 1348 De
839 1323 998 1358 tempore,

288 1376 353 1407 quo
393 1363 533 1401 vixerit,
579 1361 756 1404 scriptores
792 1361 998 1392 dissentiunt.

285 1409 479 1441 Herodotus
514 1409 551 1446 1,
579 1408 628 1439 12.
661 1418 735 1437 eum
768 1418 808 1437 eo
849 1413 999 1448 tempore

289 1454 390 1485 fuisse
414 1459 544 1491 narrat,
570 1463 635 1494 quo
660 1452 791 1493 Gyges,
819 1450 998 1482 interfecto

290 1499 477 1537 Candaule,
513 1508 615 1539 regno
634 1495 760 1539 Lydiae
791 1495 916 1538 potitus
946 1495 999 1527 sit.

289 1545 439 1583 Quocum
473 1543 543 1574 sere
576 1540 740 1573 consentit
773 1540 907 1578 Cicero,
944 1540 999 1583 qui

292 1590 321 1632 (l
336 1615 344 1627 ,
367 1589 412 1629 3.)
448 1599 520 1619 enm
550 1593 709 1628 regnante
732 1585 872 1617 Romulo
898 1586 999 1616 fnisse

288 1635 345 1666 ait.
380 1633 445 1665 Sed
462 1633 559 1664 Corn.
572 1632 657 1674 Nep.
682 1630 781 1674 (apud
805 1630 944 1662 Gell.N.
959 1634 997 1661 A.

291 1679 341 1717 17,
363 1679 429 1714 21.)
454 1689 527 1709 eum
549 1683 700 1719 tempore
722 1676 806 1718 regis
821 1675 910 1707 Tulli
924 1676 998 1707 Ho-

287 1724 366 1755 stilii
390 1723 489 1755 fuisse
517 1728 637 1753 narrat.

245 1770 450 1809 Archimedes,
479 1770 710 1810 Syracusanus,
736 1765 879 1797 Cononis
900 1764 999 1796 Samii

290 1813 383 1851 filius,
406 1812 602 1845 clarissimus
625 1817 793 1854 geometra
816 1817 849 1841 et
872 1810 1000 1842 machi-

289 1870 403 1891 narum
441 1856 733 1890 construendarum
774 1855 1000 1898 peritissimus,

290 1904 393 1947 captis
417 1915 435 1935 a
460 1902 617 1934 Marcello
643 1901 830 1945 SyracusiS,
854 1912 872 1932 a
897 1901 1000 1932 milite

288 1950 437 1981 Romano
459 1947 654 1980 interfectus
683 1953 734 1978 est
766 1946 841 1977 212.
867 1957 895 1976 a.
922 1946 998 1977 Chr.

289 1996 320 2033 5,
343 1993 397 2027 64.
429 1994 479 2024 Cf.
494 1994 535 2024 N.
551 1994 591 2023 n.
610 1993 650 2030 11,
663 1991 717 2024 35.
741 1990 998 2029 Fin.v.19,50.

290 2059 332 2063 —
350 2040 399 2070 De
422 2038 489 2069 eius
510 2037 648 2080 sphaera
672 2038 702 2076 1,
721 2035 775 2069 63.
796 2035 905 2078 ibique
929 2035 999 2066 Ad-

288 2089 376 2120 not.;
410 2082 477 2114 eius
506 2081 691 2123 sepulcrum
712 2087 879 2121 repertum
898 2091 917 2111 a
942 2080 999 2111 Ci—

290 2139 409 2160 cerone
431 2127 464 2158 in
490 2125 609 2157 Sicilia.
656 2126 695 2163 5,
720 2124 774 2157 64.

245 2176 416 2216 Archy’tas,
446 2170 663 2208 Tarentinus,
688 2169 904 2212 philosophus
927 2170 996 2211 Py-

287 2217 485 2260 thagoricus.
542 2215 617 2246 Fuit
657 2220 806 2256 tempore
841 2214 997 2251 Platonis,

288 2263 343 2307 qui
367 2274 441 2294 eum
465 2260 599 2292 audivit.
636 2256 666 2297 4,
691 2259 752 2293 70¹:
780 2258 833 2290 ubi
857 2271 887 2290 v.
911 2258 994 2290 Adn.

288 2311 328 2347 5,
353 2305 406 2341 64.
456 2306 506 2338 Cf.
532 2306 696 2346 Spalding.
720 2303 762 2335 ad
791 2303 948 2343 Quinctil.
972 2305 997 2335 Ι.

290 2355 351 2392 10,
379 2352 428 2385 17.

243 2400 360 2438 Ar9iva
381 2398 544 2436 sacerdos,
569 2393 722 2426 sacerdos
747 2393 890 2433 Iunonis,
916 2405 998 2436 quae

287 2443 381 2485 Argis
407 2441 586 2479 colebatur,
611 2446 715 2471 mater
736 2439 864 2470 Cleobis
887 2444 922 2470 et
942 2438 999 2470 Bi-

285 2488 385 2519 tonis.
434 2488 461 2524 1,
489 2486 568 2518 113:
596 2484 650 2516 ubi
675 2497 705 2517 v,
731 2484 815 2516 Adn.

243 2535 350 2572 Ar9ivi
375 2535 580 2573 Argonautae
605 2532 633 2565 1,
647 2526 701 2562 45.
718 2549 761 2554 —
784 2529 946 2571 Argolidis
964 2528 997 2561 in

291 2576 519 2618 Peloponneso
542 2575 681 2606 incolae.
728 2574 768 2612 3.
795 2576 848 2607 55.

245 2624 347 2662 Αγρο,
382 2620 490 2655 navis,
515 2632 577 2662 qua
603 2624 810 2661 Argonautae
835 2619 917 2651 duce
942 2621 997 2651 Ia—

290 2677 370 2697 sone
388 2665 420 2696 in
445 2664 633 2695 Colchidem
655 2664 740 2695 vecti
759 2671 845 2696 sunt.
882 2664 918 2702 1,
940 2662 995 2696 45.

245 2735 347 2795 Arii),
371 2752 598 2789 citharoedus,
625 2764 643 2783 e
667 2753 878 2796 Methymna,
904 2754 997 2785 insu-

288 2801 339 2833 lae
362 2799 460 2832 Lesbi
484 2798 581 2836 urbe,
612 2797 788 2839 oriundus,
813 2798 862 2829 cui
886 2811 904 2831 a
926 2800 995 2830 Ta-

289 2852 385 2878 rento
409 2844 540 2876 domum
575 2842 722 2873 redeunti
747 2854 844 2884 quum
878 2850 996 2875 nautae

287 2890 420 2923 insidias
442 2894 607 2932 pararent,
631 2898 665 2918 se
685 2886 726 2917 de
746 2899 827 2918 nave
848 2888 953 2926 eiecit,
976 2900 995 2920 a

287 2935 445 2979 delphino
469 2939 597 2971 autem,
621 2943 717 2975 quem
742 2938 836 2963 cantu
860 2944 918 2963 suo
942 2932 995 2963 al-

290 2981 432 3019 lexerat,
468 2984 623 3021 exceptus
646 2976 815 3008 incolumis
839 2976 869 3007 in
898 2977 993 3008 Pelo-

787 114 931 147 INDEX
953 113 1226 148 HISTORICUS.

1071 204 1255 236 ponnesum
1273 195 1447 237 perfertur.
1473 196 1601 229 Floruit
1614 208 1640 229 c.
1655 195 1732 231 628.
1752 209 1785 230 a.

1075 238 1150 270 Chr.
1175 257 1219 264 ·—
1241 240 1273 279 2,
1298 238 1359 273 67:
1385 240 1441 271 nbi
1463 252 1494 272 v.
1518 241 1603 273 Adn.

1028 285 1197 324 Aristides,
1243 284 1472 324 Atheniensis,
1512 286 1601 318 bello
1640 287 1785 319 secundo

1073 329 1204 361 Persico
1228 329 1294 360 dux
1318 335 1351 360 et
1369 330 1532 373 princeps,
1555 333 1631 363 Iusti
1656 343 1784 375 cogno-

1073 373 1160 405 mine
1186 381 1328 412 ornatus,
1353 380 1510 407 testarum
1533 375 1785 418 suffragiis-²166.

1073 430 1101 450 a.
1121 419 1196 450 Chr.
1222 419 1358 450 Athenis
1383 420 1503 462 pulsus.
1553 421 1594 459 5,
1622 421 1693 453 105.

1029 466 1223 503 Aristippus,
1248 464 1391 496 Socratis
1416 465 1613 507 discipulus,
1640 476 1657 496 e
1680 465 1786 508 Cyre—-

1075 520 1136 545 ne,
1163 508 1242 539 urbe
1267 509 1421 547 Africae,
1459 509 1638 551 oriundus,
1673 517 1788 543 auctor

1074 553 1140 585 fuit
1159 560 1269 585 sectae
1292 554 1499 597 Cyrenaicae,
1524 566 1607 597 quae
1629 555 1786 598 volupta-

1074 605 1142 630 tem
1163 610 1323 630 summum
1347 599 1488 639 bonum,
1521 599 1671 632 dolorem
1696 612 1787 632 sum-

1074 655 1162 675 mum
1196 643 1317 675 malum
1340 645 1487 687 putabat.
1533 645 1569 677 In
1594 644 1787 677 definiendis

1075 688 1233 731 Aristippi
1255 688 1395 721 decretis
1420 701 1438 721 a
1464 689 1541 721 viris
1567 689 1672 721 doctis
1685 691 1788 722 multa

1074 733 1204 765 turbata
1224 741 1309 766 sunt.
1334 735 1436 766 Lectu
1450 734 1637 777 dignissima
1658 735 1699 767 de
1711 735 1791 767 Ari-

1074 778 1185 820 stippo
1223 779 1354 822 eiusque
1399 779 1609 822 philosophia
1649 780 1788 823 protulit

1078 826 1257 856 Wielondus
1280 825 1321 855 ad
1344 825 1459 858 Horat.
1486 827 1545 867 Ep.
1573 825 1610 865 1,
1637 827 1666 858 1.
1690 836 1722 868 p.
1744 823 1788 858 47

1077 880 1125 912 sq.
1149 888 1189 892 —
1216 870 1256 906 2,
1284 870 1334 901 15.

1032 913 1142 952 Aristo,
1169 915 1212 956 (v.
1227 914 1352 945 Ritsehl
1374 913 1407 945 in
1421 915 1505 946 Mus.
1518 914 1678 947 Rhenano
1694 912 1788 948 1842.

1075 957 1339 1000 p.193›—·.’00.)
1365 960 1396 999 a)
1426 959 1541 997 Chius,
1571 961 1712 992 Zenonis
1734 960 1788 991 di-

1076 1002 1238 1045 scipulUS,
1274 1014 1346 1034 cum
1370 1004 1541 1046 Pyrrhone
1572 1005 1679 1036 omnia
1701 1005 1789 1037 bona

1078 1048 1298 1090 exaequabat,
1333 1048 1353 1078 i.
1378 1059 1428 1088 e.,
1467 1060 1564 1080 omne
1598 1056 1789 1082 cunctarum

1078 1104 1186 1124 rerum
1213 1092 1387 1124 discrimen
1410 1093 1560 1131 tollebat,
1585 1095 1657 1126 solo
1682 1094 1789 1126 virtu-

1079 1137 1120 1168 tis
1144 1144 1177 1168 et
1196 1137 1267 1168 vitii
1291 1137 1477 1170 discrimine
1498 1146 1647 1181 excepto.
1682 1140 1713 1179 2,
1738 1141 1788 1172 15.

1079 1183 1120 1219 5,
1145 1182 1198 1216 27.
1222 1183 1276 1215 33.
1302 1184 1363 1215 δόῖ
1403 1183 1457 1214 ubi
1482 1195 1511 1214 v.
1539 1184 1659 1216 Adnot.
1685 1204 1727 1208 —
1751 1184 1786 1226 b)

1080 1227 1181 1265 Ceus,
1207 1227 1461 1270 Peripateticus,
1486 1228 1541 1272 qui
1565 1229 1628 1260 fuit
1652 1229 1789 1262 Cicero-

1079 1272 1128 1303 nis
1151 1279 1270 1304 aetate.
1304 1274 1335 1311 5,
1359 1274 1412 1306 22.
1448 1275 1496 1305 De
1517 1285 1556 1306 eo
1576 1287 1606 1306 v.
1632 1274 1728 1317 Diog.
1750 1276 1789 1307 L.

1077 1319 1118 1355 V,
1132 1316 1186 1350 6-1.
1210 1318 1373 1350 Plutarch.
1387 1318 1428 1350 de
1443 1318 1515 1349 exil.
1540 1331 1572 1362 p.
1586 1318 1662 1352 605.
1681 1320 1789 1352 strab.

1080 1363 1131 1394 10.
1156 1374 1187 1404 p.
1203 1361 1278 1396 745.
1303 1369 1335 1394 et
1359 1362 1429 1394 aliis
1453 1363 1545 1395 locis.

1033 1408 1204 1447 Aristoyzto
1224 1414 1256 1438 ct
1270 1410 1473 1447 Harmodius,
1491 1408 1544 1451 qui
1564 1405 1639 1441 514.
1653 1420 1682 1440 a.
1700 1409 1789 1450 Chr.,

1078 1451 1288 1493 Hipparcho,
1313 1452 1472 1484 Pisistrati
1495 1453 1573 1490 filio,
1598 1453 1787 1493 interfecto,

1077 1496 1223 1527 Athenas
1253 1497 1287 1528 in
1320 1497 1506 1529 libertatem
1532 1497 1789 1537 vindicaverunt,

1077 1541 1135 1572 sed
1157 1549 1271 1573 exorta
1290 1542 1453 1574 seditione
1476 1543 1674 1576 ceciderunt.
1711 1546 1790 1575 Sta-

1077 1591 1153 1616 tuae
1175 1586 1213 1617 iis
1236 1586 1268 1618 in
1294 1588 1368 1617 soro
1393 1587 1432 1618 ab
1454 1587 1705 1619 Atheniensibus
1723 1599 1789 1631 po-

1077 1630 1159 1661 sitae
1178 1638 1262 1663 sunt.
1292 1631 1318 1668 1,
1338 1631 1407 1663 116.
1435 1633 1484 1663 De
1500 1639 1640 1675 utroque
1659 1645 1688 1664 v.
1707 1644 1789 1676 quae

1080 1675 1219 1707 contulit
1253 1678 1345 1716 Ilyen.
1380 1675 1412 1708 in
1451 1677 1588 1709 Carmm.
1614 1677 1787 1710 convivall.

1080 1720 1137 1751 Gr.
1163 1732 1194 1763 p.
1209 1719 1251 1754 47
1266 1733 1336 1764 sqq.

1032 1767 1256 1805 Aristomache,
1277 1766 1500 1798 Hermocratis
1514 1767 1707 1810 Syracusani
1724 1767 1790 1800 filia

1079 1817 1112 1841 et
1126 1822 1206 1842 uxor
1222 1811 1369 1854 Dionysii
1384 1812 1513 1843 maioris
1527 1812 1667 1855 tyranni.
1689 1814 1720 1852 5,
1735 1813 1789 1846 59.

1034 1858 1263 1895 Aristophanes,
1291 1862 1390 1899 poeta
1416 1857 1557 1888 comicus
1583 1857 1789 1896 clarissimus,

1080 1900 1133 1943 qui
1158 1901 1300 1932 Socratis
1325 1908 1433 1933 aetate
1457 1902 1530 1933 suit.
1582 1903 1619 1940 1,
1644 1900 1697 1935 41.

1034 1948 1224 1985 Aristoleles,
1257 1946 1408 1989 princeps
1442 1947 1672 1990 philosophiae
1697 1947 1789 1979 Peri—

1078 1990 1263 2032 pateticae,
1300 1998 1394 2023 natus
1434 1998 1483 2023 est
1517 1992 1672 2034 Stagiris,
1710 1993 1790 2024 urbe

1078 2035 1248 2067 Thraciae.
1281 2038 1378 2068 Pater
1398 2036 1465 2068 eius
1489 2044 1558 2068 erat
1570 2037 1790 2069 Nicomachus

1078 2080 1233 2112 medicus.
1290 2081 1417 2113 Aetatis
1456 2093 1543 2114 anno
1580 2082 1620 2115 17
1644 2082 1789 2115 Athenas

1077 2125 1247 2167 profectus
1270 2126 1416 2158 Platonis
1439 2127 1569 2159 auditor
1590 2138 1650 2169 per
1673 2127 1789 2170 viginti

1075 2181 1179 2200 annos
1201 2170 1274 2208 fuit,
1299 2178 1375 2213 post
1396 2172 1572 2214 Philippus,
1598 2184 1655 2203 rex
1674 2173 1790 2204 Mace-

1076 2214 1205 2253 doniae,
1224 2226 1296 2245 eum
1314 2223 1562 2259 praeceptorem
1577 2216 1633 2247 filii
1648 2217 1788 2248 Alexan-

1077 2258 1127 2289 dri
1150 2270 1219 2290 esse
1243 2259 1357 2297 voluit,
1380 2272 1444 2303 quo
1465 2272 1599 2292 munere
1619 2272 1720 2304 usque
1743 2262 1786 2293 ad

1075 2303 1157 2334 illud
1179 2311 1326 2347 tempus,
1352 2316 1416 2348 qno
1442 2305 1626 2336 Alexander
1649 2318 1785 2348 regnum

1076 2349 1240 2391 suscepit,
1265 2350 1396 2382 functus
1425 2357 1484 2381 est.
1533 2350 1616 2381 Dein
1641 2351 1786 2383 Athenas

1077 2405 1224 2425 reversus
1241 2395 1370 2436 publice
1382 2395 1621 2438 philosophiam
1635 2396 1784 2428 tradidit.

1078 2441 1198 2470 Omnes
1222 2439 1292 2471 fere
1326 2448 1433 2483 partes
1461 2440 1690 2483 philosophiae
1713 2448 1786 2473 tra-

1078 2484 1179 2515 ctavit
1213 2484 1342 2528 scriptis
1378 2492 1411 2517 et
1443 2485 1475 2516 in
1507 2486 1655 2518 omnibus
1680 2486 1785 2518 lucem

1076 2529 1238 2560 accendit.
1277 2533 1426 2571 (Omnem
1449 2537 1573 2562 motum
1592 2531 1700 2562 animo
1722 2531 1784 2562 de·-

1076 2574 1219 2616 negavit.
1263 2576 1301 2607 V.
1323 2575 1364 2606 ad
1390 2578 1416 2613 1,
1442 2576 1495 2607 22.
1536 2577 1584 2607 De
1607 2575 1672 2606 eius
1694 2574 1784 2608 ἐντε-

1076 2619 1187 2663 λεχείᾳ
1204 2619 1245 2650 ad
1261 2620 1355 2651 eund.
1371 2620 1449 2659 loc.)
1475 2620 1500 2657 1,
1524 2621 1563 2653 7:
1588 2620 1641 2650 ubi
1657 2631 1685 2651 v.
1698 2619 1782 2650 Adn.

1079 2664 1106 2701 1,
1127 2666 1179 2696 22.
1202 2662 1254 2696 41.
1280 2664 1321 2697 45
1334 2677 1403 2708 sqq.
1424 2665 1475 2698 70.
1499 2665 1551 2697 80.
1578 2664 1646 2706 (ait,
1671 2675 1784 2696 omnes

1076 2708 1262 2750 ingeniosos
1294 2709 1548 2741 melancholicos
1581 2709 1686 2749 esse):
1727 2709 1783 2741 ubi

1075 2765 1105 2784 v.
1122 2753 1205 2786 Adn.
1234 2754 1259 2791 1,
1282 2752 1335 2786 9-1».
1365 2755 1397 2795 2,
1415 2754 1447 2787 9.
1469 2753 1500 2791 3,
1522 2753 1576 2786 69.
1599 2755 1630 2792 5,
1652 2751 1706 2786 2-1.
1725 2754 1782 2787 30.

1073 2797 1128 2831 39.
1151 2798 1205 2831 87.
1231 2798 1302 2831 101.
1327 2799 1398 2832 107.

1029 2845 1251 2882 Aristoxenus,
1278 2843 1495 2881 Tarentinus,
1531 2841 1632 2885 patris
1655 2842 1782 2881 musici,

1073 2887 1255 2929 Xenophili
1278 2887 1495 2931 Pythagorei,
1521 2888 1702 2919 Aristotelis
1727 2888 1782 2919 di-

1072 2932 1225 2975 scipulus,
1238 2932 1428 2964 Dicaearchi
1443 2932 1694 2976 condiscipulus,
1706 2944 1782 2964 mu-

1072 2977 1158 3008 sicae
1181 2977 1213 3008 in
1236 2976 1347 3019 primis
1371 2976 1545 3013 studiosus.
1571 2977 1657 3009 unde
1679 2977 1781 3009 multa
