1863 3221
244 82 331 119 Vlll
815 87 1031 117 EPJSTOLA
1057 85 1260 117 EDITORIS

247 180 453 242 imposita
476 182 570 225 erat
591 176 856 234 necessitas,
902 176 996 223 sive
1023 176 1139 236 quod
1163 192 1336 238 semper
1368 177 1460 224 fere
1484 182 1552 225 tot
1577 179 1803 226 districtus
1849 176 1857 180 ⁴

251 287 370 317 eram
396 267 586 330 negotiis
615 265 914 323 scholasticis,
959 269 1008 311 ut
1041 281 1196 327 parum
1223 271 1477 328 suppeteret
1516 268 1595 315 otii
1622 269 1804 328 conqui-

251 358 401 406 rendis
436 357 498 403 eis
532 355 741 402 subsidiis
773 359 816 400 et
851 354 1184 414 instrumentis,
1234 371 1341 415 quae
1367 356 1422 402 ad
1454 358 1685 419 scriptoris
1715 374 1808 404 non

252 449 379 510 plane
414 446 643 506 vulgarem
672 444 908 491 editionem
941 445 1111 505 requiri
1137 445 1409 492 viderentur.
1480 448 1669 505 Verum,
1718 463 1806 494 uno

252 537 437 598 amplius
474 539 622 580 exacto
645 550 785 593 anno,
834 534 1203 593 aFrommanno,
1240 536 1337 583 viro
1360 535 1697 595 honestissimo,
1733 553 1809 584 ro—

252 642 356 688 gor,
390 629 464 683 ut,
502 640 634 685 quum
657 624 882 672 divendita
907 629 1056 671 essent
1077 624 1302 672 Ciceronis
1327 626 1678 672 Tusculanarum
1700 626 1809 673 Dis-

252 715 544 778 putationum,
581 730 604 760 a
625 714 780 760 Neidio
802 714 1149 772 illustratarum,
1187 716 1464 776 exemplaria,
1502 717 1696 762 eiusdem
1717 716 1810 762 edi-

252 805 387 851 tionis
414 804 676 865 repetendae
701 804 748 849 in
779 819 846 849 me
871 803 1113 865 reciperem
1140 819 1301 850 curam.
1376 805 1514 864 Quam
1539 805 1812 867 provinciam

254 895 348 941 sine
375 894 465 940 ulla
497 893 773 939 recusatione
809 897 851 939 et
881 893 1249 954 tergiversatione
1286 895 1610 957 suscipiendam
1644 895 1811 956 putavi,

256 984 373 1044 quod
395 983 440 1029 hi
460 983 547 1044 ipsi
568 982 694 1041 libri,
738 983 869 1029 simul
893 987 943 1029 ut
968 998 1043 1029 eos
1075 984 1344 1045 primoribus
1370 988 1543 1030 tantum
1570 985 1706 1031 labris
1735 985 1812 1030 de-

255 1073 571 1134 gustavissem,
618 1076 661 1117 et
696 1073 945 1133 argumenti
979 1074 1195 1134 gravitate
1242 1078 1285 1120 et
1324 1074 1644 1120 sententiarum
1679 1075 1812 1120 uber-

254 1166 342 1207 tate
380 1165 423 1206 et
457 1160 630 1206 dicendi
659 1175 845 1220 genere,
894 1176 985 1205 non
1018 1161 1169 1206 limato
1205 1162 1282 1206 illo
1325 1163 1500 1221 quidem
1533 1168 1576 1208 et
1612 1163 1812 1210 omnibus

256 1250 451 1297 numeris
486 1249 713 1306 absoluto,
764 1249 842 1295 sed
866 1247 984 1294 facili
1009 1264 1056 1294 ac
1082 1248 1297 1308 iucundo,
1344 1251 1406 1297 ita
1444 1266 1512 1297 me
1544 1251 1815 1310 allexissent,

255 1345 329 1398 ut,
374 1338 561 1400 repetita
594 1338 656 1384 eis
680 1338 993 1400 pervestigatis
1020 1338 1232 1397 lectione,
1280 1340 1366 1385 iam
1393 1341 1440 1386 in
1467 1341 1683 1386 academia
1709 1341 1816 1388 mihi

256 1433 433 1477 versato
463 1444 615 1474 eorum
642 1428 848 1474 editionis
878 1428 1111 1488 aliquando
1132 1430 1351 1490 parandae
1369 1435 1626 1476 nasceretur
1650 1430 1815 1493 cogita-

254 1520 333 1566 tio.
406 1518 551 1578 Quare
571 1517 733 1564 factum
759 1522 850 1576 est,
896 1522 968 1577 ut,
1017 1534 1151 1578 quum
1171 1534 1288 1565 nunc
1319 1520 1374 1565 ad
1398 1521 1573 1566 easdem
1599 1520 1816 1567 Tuscula-

256 1625 336 1656 nas
362 1609 651 1655 illustrandas
679 1624 747 1655 me
784 1607 1080 1670 accingerem,
1128 1624 1220 1654 non
1251 1609 1379 1670 plane
1413 1609 1656 1671 imparatus
1681 1611 1735 1656 ad
1767 1611 1814 1656 id

256 1699 482 1760 negotium
507 1699 770 1757 accederem,
790 1698 1067 1760 praesertim,
1098 1714 1230 1758 quum
1243 1698 1330 1744 iam
1353 1715 1403 1745 ex
1416 1699 1616 1761 longiore
1637 1704 1809 1761 tempo-

254 1789 318 1836 ris
343 1789 484 1850 spatio
510 1788 714 1834 interiori
739 1788 908 1833 cuidam
931 1788 1206 1834 Ciceroniani
1227 1789 1445 1835 sermonis
1472 1793 1601 1849 atque
1626 1805 1812 1836 consue-

251 1878 419 1925 tudinis
441 1878 681 1939 cognitioni
702 1878 1017 1938 comparandae
1040 1878 1192 1924 sedulo
1216 1894 1393 1939 operam
1416 1859 1648 1925 dedissem.
1722 1878 1812 1926 Sed

251 1968 426 2013 tametsi
445 1983 536 2013 non
558 1966 823 2012 mediocrem
842 1982 910 2011 me
933 1982 1081 2012 curam
1102 1983 1367 2028 operamque
1390 1968 1437 2014 in
1461 1968 1812 2014 Tusculanarum

254 2056 540 2117 explicatione
571 2056 807 2102 collocasse
842 2055 979 2101 libere
1015 2056 1217 2117 profiteri
1252 2072 1384 2117 posse
1413 2057 1594 2118 videor,
1639 2062 1811 2104 tantum

252 2150 400 2192 tamen
427 2147 573 2204 abest,
619 2150 669 2191 ut
702 2145 901 2206 partibus
938 2146 1154 2206 susceptis
1191 2161 1504 2206 usquequaque
1543 2147 1810 2194 satisfecisse

251 2251 318 2281 me
347 2240 522 2297 putem,
558 2239 607 2280 ut
632 2251 723 2281 non
747 2235 841 2281 sine
870 2250 1026 2296 magna
1050 2236 1236 2295 quadam
1256 2235 1390 2281 animi
1412 2235 1707 2283 sollicitudine
1729 2237 1811 2283 hoc

253 2325 497 2386 specimen,
542 2324 589 2370 in
615 2340 700 2384 quo
734 2324 925 2385 primum
951 2340 975 2369 a
1002 2339 1069 2369 me
1102 2324 1267 2371 veteris
1303 2325 1533 2386 scriptoris
1566 2326 1810 2386 explicandi

253 2418 295 2458 et
317 2414 371 2458 ad
395 2413 588 2459 criticam
613 2413 815 2474 exigendi
834 2412 996 2459 sactum
1017 2417 1084 2459 est
1103 2412 1370 2474 periculum,
1407 2414 1619 2460 acerrimo
1643 2419 1719 2461 tuo
1740 2415 1811 2461 iu-

253 2502 364 2548 dicio
394 2502 645 2562 subiicia1n3
683 2518 931 2562 quanquam
955 2518 1111 2564 spero,
1144 2502 1257 2561 sore,
1293 2507 1364 2561 ut,
1403 2518 1510 2563 quae
1536 2495 1611 2549 tua
1636 2508 1704 2549 est
1727 2504 1811 2550 hu-

253 2591 456 2649 manitas,
492 2590 607 2637 hunc
630 2591 841 2650 libellum,
876 2597 1085 2652 tanquam
1107 2592 1221 2654 grati
1242 2593 1375 2639 animi
1396 2592 1574 2654 pignus,
1606 2609 1698 2639 non
1720 2598 1810 2640 tam

253 2679 385 2742 pretii
423 2679 750 2742 magnitudine,
797 2696 926 2740 quam
951 2697 973 2726 e
1001 2698 1084 2741 qua
1117 2681 1244 2728 fluxit
1267 2681 1426 2728 mentis
1461 2682 1688 2729 voluntate
1712 2697 1807 2730 me-

253 2770 364 2816 tiare
401 2775 531 2830 atque
569 2769 793 2816 diiudiceS.
