1863 3221
234 127 311 168 176

229 214 457 255 interfectus
479 216 580 250 esset
597 241 606 258 ,
640 208 822 248 victrices
846 206 1022 246 Athenas
1049 208 1145 245 fore..

827 125 1230 167 L18E31.49‚117.

1208 203 1480 246 Menoeceus4
1512 221 1587 247 non
1614 214 1786 262 praeter-

230 286 407 334 mittitur,
443 283 537 336 qui*
565 282 687 321 item*
704 283 721 306 ⁵
751 280 909 320 oraculo
935 279 1038 319 edito
1060 279 1223 332 largitus
1247 285 1308 318 est
1330 279 1477 332 patriae
1500 293 1609 319 suum
1631 280 1786 333 saugui-

230 375 332 400 nem.
394 354 594 411 Iphigenia
618 353 759 393 Aulide
785 353 870 392 duci
897 366 940 392 se
970 352 1243 392 immolandam
1275 351 1402 401 iubet,
1437 357 1480 392 ut
1503 352 1681 392 hostium
1712 352 1786 392 elz·-

230 434 371 473 ciatm·
400 443 488 470 suo.

342 500 500 544 XLIX.
553 499 786 540 Harmodius
808 499 844 539 in
869 513 936 538 ore
960 506 998 539 et
1019 498 1236 550 Aristogito
1253 501 1289 547 ¹,
1323 495 1662 537 Lacedaemonius
1683 495 1787 536 Leo-

231 578 364 627 nidas,
399 574 614 615 Thebanus
641 571 929 627 Epaminondas
962 572 1119 625 viget2.

550 426 725 467 Veniunt
757 426 845 465 inde
876 426 923 465 ad
955 425 1150 480 propiora.

1179 569 1353 610 Nostros
1386 584 1462 610 non
1492 577 1657 619 norunt,
1691 584 1788 623 quos

230 662 462 691 enumerare
493 661 672 700 magnum
704 648 825 696 est³3
858 646 909 684 ita
943 652 1033 684 sunt
1064 644 1193 693 multi,
1229 643 1364 697 quibus
1393 642 1568 683 videmus
1600 642 1789 696 optabiles

231 730 378 764 mortes
405 720 523 761 fuisse
549 734 635 759 cum
657 719 796 771 gloria.
863 724 956 759 117.
993 716 1105 770 Quae
1132 731 1246 770 quum
1271 716 1321 756 ita
1355 716 1453 766 sint,
1487 729 1626 769 magna
1659 722 1789 755 tamen

231 794 453 849 eloquentia
476 800 535 833 est
560 793 740 833 utendum
773 799 886 845 atque
917 790 967 830 ita
984 793 1004 816 4
1036 790 1142 830 velut
1167 790 1370 844 superiore
1396 803 1416 828 e
1441 789 1527 829 loco
1554 788 1790 828 concionan-

232 871 341 919 dum,
374 874 415 907 ut
443 866 618 906 homines
644 872 805 904 mortem
838 863 898 903 vel
925 870 1059 918 optare
1094 863 1299 917 incipiant,
1334 863 1395 902 vel
1422 869 1529 902 certe
1554 861 1690 901 timere
1723 862 1788 899 de-

320 987 343 1018 4
367 985 490 1017 Sicos.
516 995 543 1015 c.
560 984 596 1014 R.
613 982 698 1013 Gud.
714 981 741 1012 l.
766 980 848 1014 ll.2.
875 981 931 1012 Gr.
955 980 1104 1011 omnibus
1119 982 1199 1011 OxX.
1224 980 1359 1022 aliisque
1381 979 1490 1011 multis
1512 991 1572 1021 pro
1598 979 1684 1020 vulg.
1710 981 1791 1010 Men.

231 1043 311 1064 vero.
359 1031 380 1062 ὃ
405 1029 458 1060 Sic
481 1040 507 1059 c.
529 1029 586 1059 Tr.
609 1026 724 1068 scripsi
747 1038 763 1056 e
785 1025 870 1057 coni.
895 1025 1028 1062 Davisii,
1056 1025 1155 1056 etiam
1174 1025 1412 1066 XVesenbergio
1433 1027 1503 1055 Em.
1522 1026 1558 1055 11.
1583 1036 1614 1066 p.
1629 1023 1682 1055 31.
1707 1035 1789 1066 pro-

232 1077 318 1113 bata,
345 1085 442 1117 quum
466 1073 504 1103 R.
528 1071 611 1102 Gud.
632 1071 659 1102 1.
689 1072 724 1101 11.
749 1073 832 1111 Aug.
855 1070 966 1111 legant
987 1072 1110 1109 quidem
1136 1072 1209 1111 (pro
1229 1072 1282 1109 qui
1302 1071 1408 1109 ilem),·
1434 1069 1484 1101 ed.
1508 1069 1549 1099 H.
1571 1070 1695 1109 quidem
1716 1071 1790 1108 qui‚·

231 1122 297 1152 duo
323 1121 404 1150 Oxx.
426 1116 532 1148 Marb.
566 1118 618 1156 qui
642 1117 792 1154 denique5
828 1126 907 1144 uuus
933 1116 991 1144 Ox.
1015 1117 1066 1153 qui
1091 1116 1162 1153 dei,
1197 1116 1250 1145 Or.
1272 1125 1297 1144 c.
1325 1114 1412 1155 vulg.
1437 1116 1489 1153 qui
1513 1114 1659 1144 oraculo.-
1694 1124 1789 1155 quam

230 1165 426 1206 scripturam
449 1172 558 1192 veram
589 1171 655 1191 non
689 1170 781 1197 esse,
819 1171 836 1190 e
860 1158 956 1190 codd.
983 1159 1142 1189 varietate
1168 1165 1315 1201 apparet.
1364 1159 1469 1189 Bentl.
1495 1157 1579 1189 coni.
1604 1160 1656 1197 qui
1675 1159 1791 1189 itidem.

230 1209 359 1241 XL1X.
422 1207 437 1238 1
465 1206 519 1237 Sic
541 1206 594 1235 Or.
626 1215 686 1246 pro
709 1204 796 1245 vulg.
819 1206 1024 1243 Arist09i10n;
1059 1203 1097 1233 R.
1121 1214 1172 1245 ap.
1194 1205 1250 1235 Tr.
1275 1203 1376 1234 habet
1405 1205 1588 1242 Aristoyilo,
1622 1214 1662 1245 ap
1698 1203 1790 1233 Wes.

230 1254 424 1293 Aristogiton.
470 1251 509 1281 V.
533 1248 575 1280 ad
599 1246 690 1282 (247.
720 1248 793 1280 115.
842 1247 864 1278 2
888 1260 918 1278 V.
936 1247 1017 1279 Adn.
1066 1247 1087 1279 3
1116 1249 1187 1278 Duo
1212 1250 1292 1279 Oxx.
1315 1248 1418 1278 Rehd.
1445 1247 1557 1278 Duisb.
1584 1251 1664 1289 Aug.
1680 1246 1789 1278 Guelf.

235 1299 306 1330 Col.
333 1303 398 1328 vet.
422 1294 495 1327 cod.
527 1294 559 1324 iu
592 1305 694 1334 marg.
720 1292 856 1324 Lambb.
880 1292 982 1323 Goth.
1015 1304 1115 1333 marg.
1143 1292 1227 1324 Crat.
1255 1292 1330 1322 edd.
1353 1292 1451 1324 Verb.
1475 1292 1558 1323 Lall.
1584 1293 1659 1322 Ern.
1688 1292 1791 1322 aliae-

232 1354 295 1387 que
317 1352 403 1374 recc.
424 1343 550 1380 longum
579 1342 642 1370 est:
676 1337 766 1380 quod
797 1344 947 1378 apertum
978 1336 1141 1378 glossema
1173 1344 1221 1367 est
1249 1336 1445 1368 difficilioris
1470 1337 1672 1378 scripturae,
1709 1348 1791 1379 quae

233 1387 433 1431 optimorum
455 1384 551 1415 codd.
574 1384 624 1424 111.
649 1382 733 1413 Gud.
763 1383 790 1414 l.
814 1382 865 1417 b.)
889 1381 1085 1412 auctoritate
1115 1381 1193 1412 satis
1219 1389 1269 1412 est
1289 1382 1424 1413 munita.
1472 1381 1523 1412 Cf.
1548 1381 1632 1412 Adn.
1691 1380 1711 1412 4
1736 1384 1792 1420 ila,

234 1440 269 1464 ut
291 1443 331 1462 ex
353 1429 521 1473 superiore
546 1431 590 1459 ila
614 1426 809 1469 repetitum,
849 1428 926 1457 Wes.
949 1427 972 1456 1.
1001 1438 1031 1468 p.
1054 1426 1084 1457 b.
1107 1427 1286 1457 delendum
1318 1433 1452 1462 censet;
1489 1437 1626 1468 sequens
1651 1425 1737 1456 enim
1761 1429 1793 1456 ul

234 1476 418 1519 significare
439 1472 618 1505 consilium.
669 1475 710 1502 At
732 1475 775 1502 ila
798 1483 863 1502 nou
887 1470 928 1502 ad
954 1482 1021 1513 seq.
1050 1475 1102 1510 ut,
1139 1470 1195 1502 sed
1232 1471 1273 1502 ad
1306 1470 1535 1502 antecedentia
1561 1470 1792 1506 referendum3

234 1526 278 1554 ila
296 1536 341 1548 =
363 1519 388 1550 si
414 1530 530 1560 magna
555 1517 641 1559 eloq.
669 1523 770 1547 utare.

235 1588 329 1621 addit
354 1586 462 1618 Diviu.
490 1587 512 1616 Ι.
540 1586 566 1621 l,
589 1584 627 1615 2³:

236 1634 425 1666 ctoritatem
450 1637 608 1672 repetam.

303 1676 493 1717 Menoeceus]
528 1673 671 1706 Tiresias
705 1678 795 1703 vates
830 1671 996 1703 Thebanis

237 1723 409 1755 victoriam
429 1722 501 1751 fore
518 1718 723 1761 promiserat,
744 1717 768 1747 si
783 1717 992 1754 Menoeceus,

238 1767 388 1799 Creontis
413 1765 506 1801 filius,
531 1763 631 1795 Marti
655 1762 786 1793 victima
809 1761 916 1792 factus
942 1772 996 1791 es—

237 1820 297 1844 set.
343 1812 382 1843 V.
409 1808 606 1851 Apollodor.
642 1809 697 1838 111.
722 1806 763 1845 6,
790 1807 819 1839 7.
853 1813 886 1837 et
915 1817 995 1848 quos

236 1856 347 1889 attulit
370 1857 527 1887 Davisius.
576 1852 626 1884 Cf.
654 1851 797 1882 Iudicem
823 1850 898 1881 hist.

304 1902 464 1941 Iphigenia
489 1900 597 1930 Aulide
621 1899 693 1928 duci
712 1906 741 1927 se
770 1896 998 1926 immolandam

236 1946 331 1989 iubet]
357 1947 496 1977 Temere
517 1943 570 1974 hic
590 1942 678 1972 locus
692 1940 879 1971 sanissimus
897 1951 914 1969 a
927 1940 998 1970 VV.

240 1993 310 2024 DD.
327 1988 522 2021 coniecturis
545 1994 593 2017 est
612 1993 768 2017 tentatus.
804 1985 908 2015 Recte
928 1986 998 2015 Nis-

238 2038 339 2068 senius
374 2040 488 2065 monet
521 2033 630 2063 Aulide
665 2029 892 2072 explicandum
929 2040 998 2059 esse

239 2090 332 2120 quum
347 2079 456 2110 Aulide
476 2080 560 2115 esset,
586 2086 691 2117 neque
714 2085 784 2105 cum
806 2073 909 2104 verbo
927 2075 999 2104 duci

240 2123 450 2164 iungendum.
495 2122 542 2151 De
561 2131 595 2150 re
620 2120 662 2150 ct'.
680 2120 752 2149 Eur.
772 2118 839 2159 lph.
858 2121 895 2148 A.
914 2118 999 2149 1:505

240 2168 393 2200 —1400.
429 2167 563 2197 Naehius
582 2164 614 2194 in
632 2163 745 2195 Prolus
786 2164 889 2192 Boun.
906 2162 1000 2193 1532.

242 2213 312 2245 Ind.
339 2211 514 2242 Praelectt.
540 2209 580 2239 de
606 2207 736 2239 Pacuvii
761 2206 936 2237 Duloreste
967 2217 998 2247 p.

242 2260 318 2296 111.,
349 2267 367 2287 a
392 2258 508 2287 Mosero
532 2253 701 2290 laudatus,
728 2258 816 2283 recte
842 2251 1000 2282 observa—

241 2303 299 2341 vit,
325 2300 506 2342 respexisse
530 2299 720 2329 Ciceronem
745 2297 777 2327 h.
793 2296 814 2327 l.
839 2295 1000 2327 canticum

243 2349 319 2378 Eur.
349 2345 419 2388 lph.
456 2349 491 2374 Α.
520 2344 622 2376 1475:
663 2338 822 2384 ’Ἄγετέ
858 2352 909 2383 με
943 2338 1000 2373 τὰν

241 2389 339 2425 Ἰλίου
364 2389 423 2423 καὶ
445 2389 589 2430 Φρυγῶν
615 2386 788 2419 ἑλέπτολιν.

311 2440 343 2466 ut
366 2437 497 2466 hostium
532 2435 674 2465 eliciatur
696 2433 765 2474 suo]
803 2429 861 2460 His
896 2429 1002 2460 verbis

248 2481 361 2511 Cicero
396 2478 525 2509 videtur
559 2476 741 2519 respexisse
772 2479 906 2518 poetam
938 2474 1001 2505 ali-

246 2535 361 2568 quem3
400 2530 487 2554 certe
521 2522 684 2564 poeticum
717 2520 879 2563 quendam
907 2519 1000 2551 colo-

246 2580 314 2600 rem
336 2579 373 2598 ea
394 2579 471 2608 prae
493 2578 526 2597 se
551 2567 670 2596 ferunt.
704 2566 791 2596 Hinc
812 2572 902 2596 recte
922 2565 1003 2595 haec

245 2613 345 2645 verba
371 2611 497 2641 diversa
533 2611 714 2641 litterarum
751 2611 857 2641 forma
892 2610 1004 2651 expri-

247 2657 366 2690 menda
386 2655 510 2686 curavit
531 2657 665 2694 wolfius.
715 2657 846 2686 Orellius
870 2655 1003 2685 verbum

246 2704 386 2742 sanguis,
410 2700 499 2742 quod
523 2700 620 2740 vulgo
643 2699 730 2730 inter
750 2701 880 2731 hostium
897 2707 929 2730 et
951 2701 1004 2731 eli-

247 2750 348 2780 ciatur
362 2745 490 2787 legitur,
516 2743 547 2774 in
570 2744 607 2773 R.
623 2744 679 2773 Gr.
698 2743 782 2774 Gud.
800 2746 825 2775 1.
847 2746 885 2775 ll.
904 2744 1002 2774 duob.

249 2794 329 2823 Oxx.
347 2790 510 2827 omissum,
536 2787 625 2818 uncis
646 2787 785 2823 inclusit,
813 2800 944 2830 „quum⁷
971 2795 1005 2818 ut

248 2836 304 2875 ait,
331 2835 479 2865 videatur
504 2832 653 2863 versiculi
676 2831 790 2873 tragici
815 2833 928 2870 exitus,
953 2833 1004 2864 al—

248 2881 350 2912 terius
390 2878 536 2910 initium:
586 2879 718 2908 hostium
752 2879 902 2908 Elicialur
936 2888 1000 2908 suo.

252 2925 333 2957 Cod.
348 2924 440 2955 Leid.
456 2925 637 2963 sanquinem
651 2923 762 2952 eliciat.
789 2921 883 2961 (Cod.
899 2922 1003 2952 Rehd.

249 2972 381 3002 hostium
424 2971 524 3008 fatum
567 2968 717 3006 sanyuine
760 2967 900 2997 eliciatur
939 2976 1003 2998 suo.

662 1589 696 1613 ut
722 1582 762 1614 ab
788 1581 909 1613 ultimis
935 1593 996 1612 au-

1032 1583 1130 1615 Vind.
1148 1585 1174 1615 1.
1201 1591 1233 1615 et
1259 1584 1310 1615 ed.
1334 1585 1375 1614 H.
1399 1586 1531 1615 hostium
1556 1585 1697 1614 eliciatur
1720 1592 1792 1614 san-

1031 1632 1134 1669 guinis
1169 1632 1236 1669 [ata
1259 1640 1325 1661 suo.
1375 1635 1453 1669 Aug.
1481 1630 1612 1659 hostium
1642 1629 1794 1658 eluctatur

1032 1684 1131 1706 cruor.
1156 1673 1260 1705 Marb.
1283 1685 1346 1704 om.
1365 1675 1497 1705 hostium
1515 1673 1665 1712 san9uis.)
1693 1671 1793 1702 Vides

1032 1719 1120 1751 varia
1145 1718 1314 1761 supplesse
1338 1718 1523 1749 librariosx‘
1573 1717 1664 1748 Idem
1687 1717 1726 1748 V.
1752 1717 1791 1748 D.

1033 1764 1185 1795 conferre
1221 1763 1311 1794 iubet
1345 1763 1455 1805 Eurip.
1492 1762 1559 1804 iph.
1597 1761 1667 1792 Aul.
1696 1758 1791 1792 1475.

1031 1809 1102 1851 Ego
1129 1822 1155 1840 c.
1171 1808 1226 1839 Kl.
1243 1814 1275 1839 et
1297 1810 1352 1840 Tr.
1379 1820 1408 1839 v.
1430 1809 1558 1846 sanquis
1579 1806 1674 1848 plane
1697 1805 1791 1836 dele-

1032 1854 1083 1891 vi,
1120 1865 1217 1896 quum
1243 1853 1340 1884 facile
1371 1864 1408 1884 ex
1434 1850 1643 1882 antecedenti
1665 1853 1793 1890 sangui-

1031 1909 1100 1930 nem
1130 1897 1329 1939 cogitatione
1353 1896 1498 1940 suppleri
1524 1895 1637 1938 possit.

1102 1944 1178 1974 CAP.
1193 1943 1322 1973 XLIX.
1347 1945 1379 1974 in
1401 1952 1451 1973 ore
1476 1960 1517 1964 —
1541 1942 1636 1981 viget]
1664 1941 1793 1971 Rathius

1034 1989 1119 2019 coni.
1144 1990 1175 2018 iu
1198 1997 1248 2018 ore
1271 1991 1313 2018 esl
1335 1992 1360 2018 el
1375 1991 1438 2025 Ar„
1464 1985 1510 2016 uti
1531 1993 1581 2016 est
1601 1985 1634 2015 in
1650 1984 1748 2015 Vind.
1763 1983 1792 2016 1.

1034 2039 1068 2063 et
1101 2045 1117 2063 e
1152 2033 1256 2064 Rathii
1288 2031 1477 2062 testimonio
1512 2029 1613 2060 etiam
1651 2029 1683 2060 in
1721 2027 1793 2060 aliis

1035 2076 1151 2114 codd,
1187 2083 1220 2106 et
1242 2076 1288 2107 sic
1310 2075 1414 2106 edidit
1436 2078 1556 2114 Moser,
1595 2073 1792 2105 locutionem

1033 2121 1102 2152 sine
1122 2125 1163 2152 est
1185 2121 1278 2151 nimis
1301 2120 1463 2151 concisam
1485 2127 1517 2150 et
1534 2120 1705 2161 abruptam
1725 2129 1794 2149 esse

1034 2173 1133 2196 ratus.
1182 2165 1282 2195 Recte
1305 2164 1436 2206 quidem
1459 2164 1558 2194 docet
1579 2166 1717 2195 Klotzius
1737 2162 1792 2193 Ci-

1036 2221 1186 2241 ceronem
1208 2209 1285 2240 alibi
1308 2221 1370 2239 non
1392 2208 1584 2250 simpliciter
1604 2208 1712 2239 dicere
1734 2209 1793 2238 ali-

1034 2257 1102 2294 quis
1123 2257 1154 2285 in
1172 2263 1221 2285 ore
1243 2258 1296 2293 esl,
1320 2253 1377 2284 sed
1397 2253 1518 2284 addere
1541 2255 1691 2291 omnibus,
1716 2262 1794 2282 sem-

1033 2309 1088 2338 per
1113 2298 1163 2329 vel
1187 2298 1291 2329 simile
1315 2298 1412 2340 quid,
1449 2304 1484 2328 ut
1514 2298 1617 2339 Legg.
1638 2298 1661 2327 1.
1686 2301 1726 2333 2¹,
1749 2296 1790 2327 (jz

1036 2344 1090 2386 qni
1106 2343 1167 2374 tibi
1187 2353 1306 2382 semper
1324 2347 1354 2374 in
1378 2353 1427 2374 ore
1450 2346 1502 2374 est.
1528 2342 1569 2373 ad
1585 2347 1650 2373 Att.
1675 2342 1730 2377 Vl.
1752 2340 1790 2372 5:

1035 2388 1095 2419 tibi
1127 2395 1234 2419 autem
1264 2390 1354 2419 valde
1382 2390 1454 2419 solet
1476 2390 1507 2418 in
1531 2397 1581 2418 ore
1602 2396 1674 2418 esse.
1722 2385 1793 2416 Fin.

1038 2435 1077 2466 11.
1101 2433 1155 2473 23,
1172 2432 1235 2465 70:
1263 2433 1342 2474 gilla)
1370 2442 1489 2472 semper
1514 2431 1571 2462 tibi
1595 2434 1626 2463 in
1646 2441 1695 2463 ore
1713 2433 1794 2462 sunt.

1036 2479 1068 2509 ib
1106 2479 1162 2508 111.
1190 2478 1222 2508 11
1239 2502 1246 2515 ,
1271 2477 1332 2510 37:
1371 2489 1466 2519 quem
1489 2483 1523 2507 tu
1555 2479 1585 2507 in
1608 2486 1657 2507 ore
1678 2484 1795 2514 semper

1037 2525 1138 2555 habes.
1179 2521 1223 2552 ib.
1245 2522 1300 2554 IV.
1320 2523 1382 2560 sle,
1407 2522 1459 2555 79.
1504 2521 1594 2551 Lael.
1621 2522 1653 2558 Ι,
1673 2524 1713 2551 ⁸1:
1741 2518 1794 2560 qui

1038 2574 1108 2598 tum
1143 2569 1203 2607 fere
1232 2569 1336 2598 mullis
1359 2570 1423 2597 erat
1448 2569 1479 2597 in
1502 2575 1573 2603 ore,·
1613 2564 1671 2595 sed
1704 2569 1794 2594 recte

1040 2620 1153 2643 contra
1174 2618 1287 2642 monet
1304 2613 1379 2642 Wes.
1407 2612 1476 2641 Em.
1502 2611 1522 2639 1.
1548 2621 1578 2650 p.
1599 2609 1646 2641 17.
1673 2619 1710 2638 ex
1731 2619 1793 2638 an—

1039 2656 1206 2688 tecedenti
1236 2659 1360 2687 veniunt
1383 2653 1630 2695 intelligendum
1652 2663 1720 2682 esse
1745 2654 1794 2691 iis,

1039 2702 1058 2732 i.
1076 2714 1102 2732 e.
1127 2700 1320 2732 rhetoribus.
1359 2702 1463 2739 Viyere
1484 2699 1650 2739 eleganter
1671 2696 1795 2727 dictum

1041 2754 1090 2777 est
1103 2757 1162 2788 pro
1177 2744 1345 2781 celebrari,
1359 2743 1550 2785 praedicari.
1576 2742 1626 2772 (if.
1638 2741 1795 2783 Xenoph.

1043 2791 1262 2822 Commentar.
1287 2791 1323 2819 11.
1355 2789 1452 2826 1,33:
1481 2786 1563 2829 μετὰ
1583 2785 1719 2828 μνήμης
1738 2784 1794 2819 τὸν

1040 2831 1094 2868 ἀεὶ
1114 2834 1226 2878 χρόνον
1251 2830 1447 2875 ὑμνούμενοι
1472 2831 1696 2865 tostinum.
1732 2832 1794 2862 Pro

1041 2880 1126 2921 vulg.
1146 2882 1260 2919 vi9ent‚
1283 2877 1371 2920 quod
1394 2877 1492 2908 etiam
1517 2878 1570 2908 Or.
1595 2875 1741 2915 retinuit,
1765 2886 1794 2907 c.

1039 2924 1097 2955 Kl.
1125 2931 1158 2954 et
1177 2925 1233 2955 Tr.
1256 2934 1273 2953 e
1298 2923 1332 2953 R.
1350 2921 1435 2952 Gud.
1451 2923 1476 2953 l.
1499 2921 1573 2952 trib.
1595 2920 1792 2951 Oxx.Marb.

1040 2968 1144 3000 Rehd.
1157 2975 1187 2999 et
1204 2966 1352 3000 omnibus
1368 2966 1471 2997 Bentl.
1487 2965 1573 2996 edidi
1594 2968 1686 3005 viget.
1720 2964 1796 2995 Sin-
